<?xml version="1.0" encoding="UTF-8"?>
<!DOCTYPE html PUBLIC "-//W3C//DTD XHTML 1.0 Transitional//EN"
    "http://www.w3.org/TR/xhtml1/DTD/xhtml1-transitional.dtd">
<html xmlns="http://www.w3.org/1999/xhtml" xml:lang="en" lang="en">
 <head>
  <title>
</title>
<meta http-equiv="Content-Type" content="text/html;charset=utf-8" />
  <meta name='ocr-system' content='tesseract 3.04.00' />
  <meta name='ocr-capabilities' content='ocr_page ocr_carea ocr_par ocr_line ocrx_word'/>
</head>
<body>
  <div class='ocr_page' id='page_1' title='image "./bractonsnoteboo04bracgoog_0668.png"; bbox 0 0 3308 5226; ppageno 0'>
   <div class='ocr_carea' id='block_1_1' title="bbox 374 443 1180 520">
    <p class='ocr_par' dir='ltr' id='par_1_1' title="bbox 374 443 1180 520">
     <span class='ocr_line' id='line_1_1' title="bbox 374 443 1180 520; baseline 0 -12"><span class='ocrx_word' id='word_1_1' title='bbox 374 445 438 508; x_wconf 84' lang='lat' dir='ltr'><strong>tto</strong></span> <span class='ocrx_word' id='word_1_2' title='bbox 677 457 816 520; x_wconf 79' lang='lat' dir='ltr'><strong>merus,</strong></span> <span class='ocrx_word' id='word_1_3' title='bbox 838 455 903 508; x_wconf 71' lang='lat' dir='ltr'><strong>nn.</strong></span> <span class='ocrx_word' id='word_1_4' title='bbox 927 443 1021 520; x_wconf 80' lang='lat'>1234,</span> <span class='ocrx_word' id='word_1_5' title='bbox 1043 455 1106 508; x_wconf 75' lang='lat' dir='ltr'><strong>ns.</strong></span> <span class='ocrx_word' id='word_1_6' title='bbox 1130 445 1180 508; x_wconf 87' lang='lat'><strong>18.</strong></span> 
     </span>
    </p>
   </div>
   <div class='ocr_carea' id='block_1_2' title="bbox 372 627 1482 716">
    <p class='ocr_par' dir='ltr' id='par_1_2' title="bbox 372 627 1482 716">
     <span class='ocr_line' id='line_1_2' title="bbox 372 627 1482 716; baseline -0.002 -20"><span class='ocrx_word' id='word_1_7' title='bbox 372 635 424 696; x_wconf 88' lang='lat' dir='ltr'><strong>set</strong></span> <span class='ocrx_word' id='word_1_8' title='bbox 437 628 538 698; x_wconf 83' lang='lat' dir='ltr'><strong>nichil</strong></span> <span class='ocrx_word' id='word_1_9' title='bbox 553 628 654 697; x_wconf 86' lang='lat' dir='ltr'><strong>habet</strong></span> <span class='ocrx_word' id='word_1_10' title='bbox 668 635 728 697; x_wconf 87' lang='lat' dir='ltr'><strong>&#39;nec</strong></span> <span class='ocrx_word' id='word_1_11' title='bbox 742 629 859 696; x_wconf 88' lang='lat' dir='ltr'><strong>habuit</strong></span> <span class='ocrx_word' id='word_1_12' title='bbox 874 628 1005 716; x_wconf 86' lang='lat' dir='ltr'><strong>quando</strong></span> <span class='ocrx_word' id='word_1_13' title='bbox 1020 637 1136 695; x_wconf 87' lang='lat' dir='ltr'><strong>uocata</strong></span> <span class='ocrx_word' id='word_1_14' title='bbox 1149 629 1214 694; x_wconf 79' lang='lat' dir='ltr'><strong>fuit</strong></span> <span class='ocrx_word' id='word_1_15' title='bbox 1234 627 1277 694; x_wconf 86' lang='lat' dir='ltr'><strong>ad</strong></span> <span class='ocrx_word' id='word_1_16' title='bbox 1291 637 1482 704; x_wconf 78' lang='lat' dir='ltr'><strong>warantum,</strong></span> 
     </span>
    </p>
   </div>
   <div class='ocr_carea' id='block_1_3' title="bbox 277 731 1483 820">
    <p class='ocr_par' dir='ltr' id='par_1_3' title="bbox 277 731 1483 820">
     <span class='ocr_line' id='line_1_3' title="bbox 277 731 1483 820; baseline -0.002 -22"><span class='ocrx_word' id='word_1_17' title='bbox 277 731 280 736; x_wconf 75' lang='grc'><strong>’</strong></span> <span class='ocrx_word' id='word_1_18' title='bbox 372 732 451 818; x_wconf 84' lang='lat' dir='ltr'><strong>quis</strong></span> <span class='ocrx_word' id='word_1_19' title='bbox 473 733 564 800; x_wconf 88' lang='lat' dir='ltr'><strong>illam</strong></span> <span class='ocrx_word' id='word_1_20' title='bbox 587 733 677 820; x_wconf 89' lang='lat' dir='ltr'><strong>prius</strong></span> <span class='ocrx_word' id='word_1_21' title='bbox 700 731 850 798; x_wconf 90' lang='lat' dir='ltr'><strong>uendidit</strong></span> <span class='ocrx_word' id='word_1_22' title='bbox 874 739 909 796; x_wconf 90' lang='lat' dir='ltr'><strong>ct</strong></span> <span class='ocrx_word' id='word_1_23' title='bbox 931 731 1074 796; x_wconf 75' lang='lat' dir='ltr'>reddidit</span> <span class='ocrx_word' id='word_1_24' title='bbox 1097 731 1230 817; x_wconf 83' lang='lat' dir='ltr'><strong>capitali</strong></span> <span class='ocrx_word' id='word_1_25' title='bbox 1252 731 1390 797; x_wconf 91' lang='lat' dir='ltr'><strong>domino.</strong></span> <span class='ocrx_word' id='word_1_26' title='bbox 1435 731 1483 796; x_wconf 90' lang='lat' dir='ltr'><strong>Et</strong></span> 
     </span>
    </p>
   </div>
   <div class='ocr_carea' id='block_1_4' title="bbox 371 833 1482 1848">
    <p class='ocr_par' dir='ltr' id='par_1_4' title="bbox 371 833 1482 1848">
     <span class='ocr_line' id='line_1_4' title="bbox 373 833 1481 922; baseline -0.006 -15"><span class='ocrx_word' id='word_1_27' title='bbox 373 835 531 922; x_wconf 66' lang='lat' dir='ltr'><strong>Magister</strong></span> <span class='ocrx_word' id='word_1_28' title='bbox 559 835 638 902; x_wconf 91' lang='lat' dir='ltr'><strong>dicit</strong></span> <span class='ocrx_word' id='word_1_29' title='bbox 660 833 746 922; x_wconf 93' lang='lat' dir='ltr'><strong>quod</strong></span> <span class='ocrx_word' id='word_1_30' title='bbox 776 833 877 900; x_wconf 80' lang='lat' dir='ltr'><strong>habet</strong></span> <span class='ocrx_word' id='word_1_31' title='bbox 905 834 942 898; x_wconf 94' lang='lat' dir='ltr'><strong>in</strong></span> <span class='ocrx_word' id='word_1_32' title='bbox 970 833 1174 900; x_wconf 83' lang='lat' dir='ltr'><strong>excambium</strong></span> <span class='ocrx_word' id='word_1_33' title='bbox 1202 833 1245 899; x_wconf 84' lang='lat' dir='ltr'><strong>ad</strong></span> <span class='ocrx_word' id='word_1_34' title='bbox 1274 835 1388 912; x_wconf 85' lang='lat' dir='ltr'><strong>uitam,</strong></span> <span class='ocrx_word' id='word_1_35' title='bbox 1413 834 1481 900; x_wconf 90' lang='lat' dir='ltr'><strong>scil.</strong></span> 
     </span>
     <span class='ocr_line' id='line_1_5' title="bbox 372 936 1481 1026; baseline -0.004 -22"><span class='ocrx_word' id='word_1_36' title='bbox 372 937 453 1004; x_wconf 87' lang='lat' dir='ltr'><strong>duas</strong></span> <span class='ocrx_word' id='word_1_37' title='bbox 471 938 551 1026; x_wconf 83' lang='lat' dir='ltr'><strong>uirg.</strong></span> <span class='ocrx_word' id='word_1_38' title='bbox 572 947 657 1004; x_wconf 89' lang='lat' dir='ltr'><strong>terre</strong></span> <span class='ocrx_word' id='word_1_39' title='bbox 679 939 715 1004; x_wconf 91' lang='lat' dir='ltr'><strong>in</strong></span> <span class='ocrx_word' id='word_1_40' title='bbox 729 937 898 1014; x_wconf 84' lang='lat' dir='ltr'><strong>Wuttona,</strong></span> <span class='ocrx_word' id='word_1_41' title='bbox 913 944 948 1002; x_wconf 87' lang='lat' dir='ltr'><strong>et</strong></span> <span class='ocrx_word' id='word_1_42' title='bbox 969 937 1040 1023; x_wconf 88' lang='lat' dir='ltr'><strong>ipsa</strong></span> <span class='ocrx_word' id='word_1_43' title='bbox 1054 936 1235 1022; x_wconf 90' lang='lat' dir='ltr'><strong>dicitquod</strong></span> <span class='ocrx_word' id='word_1_44' title='bbox 1257 937 1357 1002; x_wconf 80' lang='lat' dir='ltr'><strong>nichil</strong></span> <span class='ocrx_word' id='word_1_45' title='bbox 1378 937 1481 1002; x_wconf 90' lang='lat' dir='ltr'><strong>habet</strong></span> 
     </span>
     <span class='ocr_line' id='line_1_6' title="bbox 371 1039 1482 1127; baseline -0.002 -21"><span class='ocrx_word' id='word_1_46' title='bbox 371 1041 435 1106; x_wconf 89' lang='lat' dir='ltr'><strong>nisi</strong></span> <span class='ocrx_word' id='word_1_47' title='bbox 449 1040 492 1106; x_wconf 86' lang='lat' dir='ltr'><strong>ad</strong></span> <span class='ocrx_word' id='word_1_48' title='bbox 506 1042 710 1106; x_wconf 80' lang='lat' dir='ltr'><strong>uoluntatem</strong></span> <span class='ocrx_word' id='word_1_49' title='bbox 726 1041 875 1127; x_wconf 87' lang='lat' dir='ltr'><strong>capitalis</strong></span> <span class='ocrx_word' id='word_1_50' title='bbox 888 1039 1018 1105; x_wconf 89' lang='lat' dir='ltr'><strong>domini.</strong></span> <span class='ocrx_word' id='word_1_51' title='bbox 1064 1041 1109 1104; x_wconf 91' lang='lat' dir='ltr'><strong>Et</strong></span> <span class='ocrx_word' id='word_1_52' title='bbox 1130 1040 1203 1104; x_wconf 91' lang='lat' dir='ltr'><strong>ideo</strong></span> <span class='ocrx_word' id='word_1_53' title='bbox 1218 1049 1408 1126; x_wconf 83' lang='lat' dir='ltr'>preceptum</span> <span class='ocrx_word' id='word_1_54' title='bbox 1428 1048 1482 1104; x_wconf 90' lang='lat' dir='ltr'><strong>est</strong></span> 
     </span>
     <span class='ocr_line' id='line_1_7' title="bbox 372 1142 1480 1230; baseline -0.001 -22"><span class='ocrx_word' id='word_1_55' title='bbox 372 1143 556 1210; x_wconf 88' lang='lat' dir='ltr'><strong>uicecomiti</strong></span> <span class='ocrx_word' id='word_1_56' title='bbox 570 1144 656 1230; x_wconf 88' lang='lat' dir='ltr'><strong>quod</strong></span> <span class='ocrx_word' id='word_1_57' title='bbox 671 1145 699 1210; x_wconf 89' lang='lat' dir='ltr'><strong>si</strong></span> <span class='ocrx_word' id='word_1_58' title='bbox 713 1145 784 1230; x_wconf 86' lang='lat' dir='ltr'><strong>ipse</strong></span> <span class='ocrx_word' id='word_1_59' title='bbox 798 1144 939 1230; x_wconf 85' lang='lat' dir='ltr'><strong>aliquam</strong></span> <span class='ocrx_word' id='word_1_60' title='bbox 955 1151 1074 1208; x_wconf 82' lang='lat' dir='ltr'><strong>terram</strong></span> <span class='ocrx_word' id='word_1_61' title='bbox 1096 1143 1216 1208; x_wconf 84' lang='lat' dir='ltr'><strong>habeat</strong></span> <span class='ocrx_word' id='word_1_62' title='bbox 1235 1143 1278 1208; x_wconf 91' lang='lat' dir='ltr'><strong>de</strong></span> <span class='ocrx_word' id='word_1_63' title='bbox 1296 1142 1480 1208; x_wconf 84' lang='lat' dir='ltr'><strong>hereditate</strong></span> 
     </span>
     <span class='ocr_line' id='line_1_8' title="bbox 371 1244 1481 1332; baseline -0.002 -22"><span class='ocrx_word' id='word_1_64' title='bbox 371 1245 474 1332; x_wconf 85' lang='lat' dir='ltr'><strong>ipsius</strong></span> <span class='ocrx_word' id='word_1_65' title='bbox 495 1247 636 1325; x_wconf 81' lang='lat' dir='ltr'><strong>Radulfi,</strong></span> <span class='ocrx_word' id='word_1_66' title='bbox 658 1247 712 1312; x_wconf 91' lang='lat' dir='ltr'><strong>uel</strong></span> <span class='ocrx_word' id='word_1_67' title='bbox 734 1247 769 1311; x_wconf 91' lang='lat' dir='ltr'><strong>in</strong></span> <span class='ocrx_word' id='word_1_68' title='bbox 791 1245 989 1311; x_wconf 75' lang='lat' dir='ltr'><strong>escambium</strong></span> <span class='ocrx_word' id='word_1_69' title='bbox 1011 1267 1071 1331; x_wconf 91' lang='lat' dir='ltr'><strong>pro</strong></span> <span class='ocrx_word' id='word_1_70' title='bbox 1090 1253 1178 1310; x_wconf 86' lang='lat' dir='ltr'><strong>terre</strong></span> <span class='ocrx_word' id='word_1_71' title='bbox 1201 1267 1264 1330; x_wconf 92' lang='lat' dir='ltr'><strong>que</strong></span> <span class='ocrx_word' id='word_1_72' title='bbox 1288 1245 1352 1309; x_wconf 78' lang='lat' dir='ltr'><strong>fuit</strong></span> <span class='ocrx_word' id='word_1_73' title='bbox 1376 1244 1481 1330; x_wconf 89' lang='lat' dir='ltr'><strong>ipsius</strong></span> 
     </span>
     <span class='ocr_line' id='line_1_9' title="bbox 371 1345 1481 1436; baseline -0.006 -18"><span class='ocrx_word' id='word_1_74' title='bbox 371 1348 512 1428; x_wconf 79' lang='lat' dir='ltr'><strong>deulfi‚</strong></span> <span class='ocrx_word' id='word_1_75' title='bbox 529 1357 563 1414; x_wconf 90' lang='lat' dir='ltr'><strong>et</strong></span> <span class='ocrx_word' id='word_1_76' title='bbox 578 1373 676 1436; x_wconf 87' lang='lat' dir='ltr'><strong>quam</strong></span> <span class='ocrx_word' id='word_1_77' title='bbox 693 1349 812 1415; x_wconf 88' lang='lat' dir='ltr'><strong>habuit</strong></span> <span class='ocrx_word' id='word_1_78' title='bbox 825 1349 867 1414; x_wconf 89' lang='lat' dir='ltr'><strong>ad</strong></span> <span class='ocrx_word' id='word_1_79' title='bbox 882 1356 1008 1434; x_wconf 77' lang='lat' dir='ltr'><strong>purtem</strong></span> <span class='ocrx_word' id='word_1_80' title='bbox 1023 1369 1125 1427; x_wconf 81' lang='lat' dir='ltr'><strong>suam,</strong></span> <span class='ocrx_word' id='word_1_81' title='bbox 1141 1347 1227 1434; x_wconf 91' lang='lat' dir='ltr'><strong>qued</strong></span> <span class='ocrx_word' id='word_1_82' title='bbox 1246 1347 1365 1412; x_wconf 85' lang='lat' dir='ltr'><strong>habere</strong></span> <span class='ocrx_word' id='word_1_83' title='bbox 1380 1345 1481 1412; x_wconf 85' lang='lat' dir='ltr'><strong>faciet</strong></span> 
     </span>
     <span class='ocr_line' id='line_1_10' title="bbox 371 1451 1481 1538; baseline -0.002 -20"><span class='ocrx_word' id='word_1_84' title='bbox 371 1451 535 1518; x_wconf 85' lang='lat' dir='ltr'><strong>Cristiane</strong></span> <span class='ocrx_word' id='word_1_85' title='bbox 548 1452 590 1517; x_wconf 85' lang='lat' dir='ltr'><strong>cd</strong></span> <span class='ocrx_word' id='word_1_86' title='bbox 605 1453 785 1518; x_wconf 84' lang='lat' dir='ltr'><strong>ualenciam</strong></span> <span class='ocrx_word' id='word_1_87' title='bbox 798 1461 882 1517; x_wconf 88' lang='lat' dir='ltr'><strong>terre</strong></span> <span class='ocrx_word' id='word_1_88' title='bbox 893 1475 991 1538; x_wconf 87' lang='lat' dir='ltr'><strong>quem</strong></span> <span class='ocrx_word' id='word_1_89' title='bbox 1003 1452 1090 1538; x_wconf 88' lang='lat' dir='ltr'><strong>petit</strong></span> <span class='ocrx_word' id='word_1_90' title='bbox 1100 1452 1135 1516; x_wconf 90' lang='lat' dir='ltr'><strong>in</strong></span> <span class='ocrx_word' id='word_1_91' title='bbox 1146 1451 1265 1528; x_wconf 88' lang='lat' dir='ltr'><strong>dotem,</strong></span> <span class='ocrx_word' id='word_1_92' title='bbox 1275 1460 1309 1516; x_wconf 91' lang='lat' dir='ltr'><strong>et</strong></span> <span class='ocrx_word' id='word_1_93' title='bbox 1321 1451 1481 1537; x_wconf 78' lang='lat' dir='ltr'><strong>Magister</strong></span> 
     </span>
     <span class='ocr_line' id='line_1_11' title="bbox 371 1553 1480 1642; baseline -0.001 -22"><span class='ocrx_word' id='word_1_94' title='bbox 371 1553 517 1620; x_wconf 81' lang='lat' dir='ltr'><strong>Militum</strong></span> <span class='ocrx_word' id='word_1_95' title='bbox 540 1555 667 1642; x_wconf 81' lang='lat' dir='ltr'><strong>Templi</strong></span> <span class='ocrx_word' id='word_1_96' title='bbox 689 1563 801 1620; x_wconf 86' lang='lat' dir='ltr'><strong>teneat</strong></span> <span class='ocrx_word' id='word_1_97' title='bbox 824 1555 859 1618; x_wconf 90' lang='lat' dir='ltr'><strong>in</strong></span> <span class='ocrx_word' id='word_1_98' title='bbox 881 1576 968 1641; x_wconf 87' lang='lat' dir='ltr'><strong>pace,</strong></span> <span class='ocrx_word' id='word_1_99' title='bbox 990 1553 1018 1618; x_wconf 92' lang='lat' dir='ltr'><strong>si</strong></span> <span class='ocrx_word' id='word_1_100' title='bbox 1039 1561 1150 1618; x_wconf 85' lang='lat' dir='ltr'><strong>eutem</strong></span> <span class='ocrx_word' id='word_1_101' title='bbox 1174 1554 1273 1619; x_wconf 88' lang='lat' dir='ltr'><strong>nichil</strong></span> <span class='ocrx_word' id='word_1_102' title='bbox 1296 1555 1416 1619; x_wconf 87' lang='lat' dir='ltr'><strong>habeat</strong></span> <span class='ocrx_word' id='word_1_103' title='bbox 1436 1553 1480 1619; x_wconf 88' lang='lat' dir='ltr'><strong>de</strong></span> 
     </span>
     <span class='ocr_line' id='line_1_12' title="bbox 371 1657 1479 1742; baseline 0 -20"><span class='ocrx_word' id='word_1_104' title='bbox 371 1657 485 1722; x_wconf 81' lang='lat' dir='ltr'><strong>ecdem</strong></span> <span class='ocrx_word' id='word_1_105' title='bbox 500 1666 595 1737; x_wconf 83' lang='lat' dir='ltr'><strong>terra,</strong></span> <span class='ocrx_word' id='word_1_106' title='bbox 609 1681 670 1724; x_wconf 88' lang='lat' dir='ltr'><strong>neo</strong></span> <span class='ocrx_word' id='word_1_107' title='bbox 685 1657 891 1735; x_wconf 80' lang='lat' dir='ltr'><strong>escambium,</strong></span> <span class='ocrx_word' id='word_1_108' title='bbox 906 1665 986 1722; x_wconf 88' lang='lat' dir='ltr'><strong>tunc</strong></span> <span class='ocrx_word' id='word_1_109' title='bbox 1000 1665 1169 1742; x_wconf 74' lang='lat' dir='ltr'><strong>recuperet</strong></span> <span class='ocrx_word' id='word_1_110' title='bbox 1185 1657 1348 1723; x_wconf 84' lang='lat' dir='ltr'><strong>Cristiaua</strong></span> <span class='ocrx_word' id='word_1_111' title='bbox 1363 1679 1479 1722; x_wconf 89' lang='lat' dir='ltr'><strong>uersus</strong></span> 
     </span>
     <span class='ocr_line' id='line_1_13' title="bbox 371 1759 1236 1848; baseline 0 -22"><span class='ocrx_word' id='word_1_112' title='bbox 371 1759 566 1848; x_wconf 78' lang='lat' dir='ltr'><strong>Magistrum</strong></span> <span class='ocrx_word' id='word_1_113' title='bbox 581 1761 731 1827; x_wconf 86' lang='lat' dir='ltr'><strong>seisinam</strong></span> <span class='ocrx_word' id='word_1_114' title='bbox 746 1783 838 1825; x_wconf 86' lang='lat' dir='ltr'><strong>suam</strong></span> <span class='ocrx_word' id='word_1_115' title='bbox 853 1760 894 1825; x_wconf 89' lang='lat' dir='ltr'><strong>de</strong></span> <span class='ocrx_word' id='word_1_116' title='bbox 909 1768 997 1824; x_wconf 86' lang='lat' dir='ltr'><strong>terra</strong></span> <span class='ocrx_word' id='word_1_117' title='bbox 1010 1781 1108 1845; x_wconf 87' lang='lat' dir='ltr'><strong>quem</strong></span> <span class='ocrx_word' id='word_1_118' title='bbox 1124 1760 1209 1845; x_wconf 90' lang='lat' dir='ltr'><strong>petit</strong></span> <span class='ocrx_word' id='word_1_119' title='bbox 1218 1759 1236 1826; x_wconf 81' lang='lat'><strong>².</strong></span> 
     </span>
    </p>
   </div>
   <div class='ocr_carea' id='block_1_5' title="bbox 274 1863 1479 1950">
    <p class='ocr_par' dir='ltr' id='par_1_5' title="bbox 274 1863 1479 1950">
     <span class='ocr_line' id='line_1_14' title="bbox 274 1863 1479 1950; baseline 0 -22"><span class='ocrx_word' id='word_1_120' title='bbox 274 1871 288 1888; x_wconf 79' lang='grc'><strong>”</strong></span> <span class='ocrx_word' id='word_1_121' title='bbox 313 1917 321 1934; x_wconf 93' lang='grc'><strong>.</strong></span> <span class='ocrx_word' id='word_1_122' title='bbox 436 1863 599 1932; x_wconf 84' lang='lat' dir='ltr'><strong>Robertus</strong></span> <span class='ocrx_word' id='word_1_123' title='bbox 624 1865 666 1930; x_wconf 91' lang='lat' dir='ltr'><strong>de</strong></span> <span class='ocrx_word' id='word_1_124' title='bbox 689 1865 809 1932; x_wconf 86' lang='lat' dir='ltr'><strong>Briwee</strong></span> <span class='ocrx_word' id='word_1_125' title='bbox 834 1887 893 1950; x_wconf 87' lang='lat' dir='ltr'><strong>per</strong></span> <span class='ocrx_word' id='word_1_126' title='bbox 914 1871 1116 1928; x_wconf 85' lang='lat' dir='ltr'><strong>attornatum</strong></span> <span class='ocrx_word' id='word_1_127' title='bbox 1139 1886 1235 1928; x_wconf 91' lang='lat' dir='ltr'><strong>suum</strong></span> <span class='ocrx_word' id='word_1_128' title='bbox 1256 1863 1342 1950; x_wconf 90' lang='lat' dir='ltr'><strong>petit</strong></span> <span class='ocrx_word' id='word_1_129' title='bbox 1362 1884 1479 1928; x_wconf 88' lang='lat' dir='ltr'><strong>uersus</strong></span> 
     </span>
    </p>
   </div>
   <div class='ocr_carea' id='block_1_6' title="bbox 364 1965 1539 3919">
    <p class='ocr_par' dir='ltr' id='par_1_6' title="bbox 367 1965 1486 2964">
     <span class='ocr_line' id='line_1_15' title="bbox 371 1965 1480 2053; baseline -0.002 -21"><span class='ocrx_word' id='word_1_130' title='bbox 371 1965 514 2032; x_wconf 88' lang='lat' dir='ltr'><strong>Priorem</strong></span> <span class='ocrx_word' id='word_1_131' title='bbox 536 1967 576 2032; x_wconf 92' lang='lat' dir='ltr'><strong>de</strong></span> <span class='ocrx_word' id='word_1_132' title='bbox 591 1967 843 2032; x_wconf 86' lang='lat' dir='ltr'><strong>Bermundeseia</strong></span> <span class='ocrx_word' id='word_1_133' title='bbox 863 1966 1111 2041; x_wconf 85' lang='lat' dir='ltr'><strong>aduocacionem</strong></span> <span class='ocrx_word' id='word_1_134' title='bbox 1133 1968 1265 2033; x_wconf 86' lang='lat' dir='ltr'><strong>ecclesie</strong></span> <span class='ocrx_word' id='word_1_135' title='bbox 1283 1967 1324 2032; x_wconf 90' lang='lat' dir='ltr'><strong>de</strong></span> <span class='ocrx_word' id='word_1_136' title='bbox 1347 1967 1480 2053; x_wconf 76' lang='lat' dir='ltr'><strong>Steples</strong></span> 
     </span>
     <span class='ocr_line' id='line_1_16' title="bbox 370 2069 1479 2157; baseline -0.001 -21"><span class='ocrx_word' id='word_1_137' title='bbox 370 2077 409 2136; x_wconf 93' lang='lat' dir='ltr'><strong>ut</strong></span> <span class='ocrx_word' id='word_1_138' title='bbox 423 2071 593 2150; x_wconf 83' lang='lat' dir='ltr'><strong>insenum,</strong></span> <span class='ocrx_word' id='word_1_139' title='bbox 608 2079 642 2136; x_wconf 89' lang='lat' dir='ltr'><strong>et</strong></span> <span class='ocrx_word' id='word_1_140' title='bbox 657 2071 743 2138; x_wconf 92' lang='lat' dir='ltr'><strong>unde</strong></span> <span class='ocrx_word' id='word_1_141' title='bbox 759 2071 891 2157; x_wconf 82' lang='lat' dir='ltr'><strong>quidem</strong></span> <span class='ocrx_word' id='word_1_142' title='bbox 906 2070 1069 2136; x_wconf 85' lang='lat' dir='ltr'><strong>Rchertus</strong></span> <span class='ocrx_word' id='word_1_143' title='bbox 1083 2093 1166 2135; x_wconf 89' lang='lat' dir='ltr'><strong>auus</strong></span> <span class='ocrx_word' id='word_1_144' title='bbox 1179 2091 1258 2136; x_wconf 91' lang='lat' dir='ltr'><strong>suus</strong></span> <span class='ocrx_word' id='word_1_145' title='bbox 1268 2070 1332 2135; x_wconf 87' lang='lat' dir='ltr'><strong>luit</strong></span> <span class='ocrx_word' id='word_1_146' title='bbox 1346 2069 1479 2135; x_wconf 88' lang='lat' dir='ltr'><strong>seisitus</strong></span> 
     </span>
     <span class='ocr_line' id='line_1_17' title="bbox 369 2172 1479 2262; baseline -0.002 -22"><span class='ocrx_word' id='word_1_147' title='bbox 369 2175 404 2240; x_wconf 93' lang='lat' dir='ltr'><strong>in</strong></span> <span class='ocrx_word' id='word_1_148' title='bbox 419 2175 579 2242; x_wconf 88' lang='lat' dir='ltr'><strong>dominico</strong></span> <span class='ocrx_word' id='word_1_149' title='bbox 601 2199 659 2240; x_wconf 88' lang='lat' dir='ltr'><strong>suo</strong></span> <span class='ocrx_word' id='word_1_150' title='bbox 681 2183 720 2240; x_wconf 92' lang='lat' dir='ltr'><strong>ut</strong></span> <span class='ocrx_word' id='word_1_151' title='bbox 741 2175 782 2240; x_wconf 88' lang='lat' dir='ltr'><strong>de</strong></span> <span class='ocrx_word' id='word_1_152' title='bbox 797 2175 890 2240; x_wconf 83' lang='lat' dir='ltr'><strong>feodo</strong></span> <span class='ocrx_word' id='word_1_153' title='bbox 912 2183 946 2240; x_wconf 93' lang='lat' dir='ltr'><strong>et</strong></span> <span class='ocrx_word' id='word_1_154' title='bbox 968 2174 1038 2239; x_wconf 90' lang='lat' dir='ltr'><strong>iure</strong></span> <span class='ocrx_word' id='word_1_155' title='bbox 1061 2183 1206 2261; x_wconf 88' lang='lat' dir='ltr'><strong>tempore</strong></span> <span class='ocrx_word' id='word_1_156' title='bbox 1221 2175 1321 2262; x_wconf 83' lang='lat' dir='ltr'><strong>Regis</strong></span> <span class='ocrx_word' id='word_1_157' title='bbox 1337 2172 1479 2260; x_wconf 72' lang='lat' dir='ltr'><strong>Ricardi</strong></span> 
     </span>
     <span class='ocr_line' id='line_1_18' title="bbox 368 2275 1486 2366; baseline -0.004 -21"><span class='ocrx_word' id='word_1_158' title='bbox 368 2278 518 2366; x_wconf 75' lang='lat' dir='ltr'><strong>ibiquod</strong></span> <span class='ocrx_word' id='word_1_159' title='bbox 539 2279 741 2365; x_wconf 82' lang='lat' dir='ltr'><strong>presentauit</strong></span> <span class='ocrx_word' id='word_1_160' title='bbox 755 2277 918 2365; x_wconf 78' lang='lat' dir='ltr'><strong>quendam</strong></span> <span class='ocrx_word' id='word_1_161' title='bbox 933 2277 1136 2344; x_wconf 88' lang='lat' dir='ltr'><strong>Willelmum</strong></span> <span class='ocrx_word' id='word_1_162' title='bbox 1156 2277 1197 2342; x_wconf 89' lang='lat' dir='ltr'><strong>de</strong></span> <span class='ocrx_word' id='word_1_163' title='bbox 1213 2277 1403 2355; x_wconf 86' lang='lat' dir='ltr'><strong>Charentin‚</strong></span> <span class='ocrx_word' id='word_1_164' title='bbox 1419 2275 1486 2362; x_wconf 51' lang='lat' dir='ltr'><strong>qui¹</strong></span> 
     </span>
     <span class='ocr_line' id='line_1_19' title="bbox 367 2379 1478 2470; baseline -0.003 -22"><span class='ocrx_word' id='word_1_165' title='bbox 367 2381 410 2448; x_wconf 82' lang='lat' dir='ltr'><strong>sd</strong></span> <span class='ocrx_word' id='word_1_166' title='bbox 425 2381 701 2470; x_wconf 85' lang='lat' dir='ltr'><strong>presentecionem</strong></span> <span class='ocrx_word' id='word_1_167' title='bbox 716 2403 807 2446; x_wconf 85' lang='lat' dir='ltr'><strong>suam</strong></span> <span class='ocrx_word' id='word_1_168' title='bbox 823 2381 887 2448; x_wconf 86' lang='lat' dir='ltr'><strong>fuit</strong></span> <span class='ocrx_word' id='word_1_169' title='bbox 901 2381 1060 2448; x_wconf 78' lang='lat' dir='ltr'><strong>admissus</strong></span> <span class='ocrx_word' id='word_1_170' title='bbox 1074 2379 1230 2466; x_wconf 81' lang='lat' dir='ltr'><strong>capiendo</strong></span> <span class='ocrx_word' id='word_1_171' title='bbox 1247 2380 1325 2446; x_wconf 93' lang='lat' dir='ltr'><strong>inde</strong></span> <span class='ocrx_word' id='word_1_172' title='bbox 1344 2380 1478 2467; x_wconf 85' lang='lat' dir='ltr'><strong>expleta</strong></span> 
     </span>
     <span class='ocr_line' id='line_1_20' title="bbox 367 2483 1478 2552; baseline 0 -4"><span class='ocrx_word' id='word_1_173' title='bbox 367 2484 410 2549; x_wconf 87' lang='lat' dir='ltr'><strong>ad</strong></span> <span class='ocrx_word' id='word_1_174' title='bbox 431 2484 611 2550; x_wconf 84' lang='lat' dir='ltr'><strong>uelenciam</strong></span> <span class='ocrx_word' id='word_1_175' title='bbox 635 2483 711 2550; x_wconf 89' lang='lat' dir='ltr'><strong>dim.</strong></span> <span class='ocrx_word' id='word_1_176' title='bbox 734 2506 840 2550; x_wconf 88' lang='lat' dir='ltr'><strong>marce</strong></span> <span class='ocrx_word' id='word_1_177' title='bbox 862 2491 901 2550; x_wconf 91' lang='lat' dir='ltr'><strong>ut</strong></span> <span class='ocrx_word' id='word_1_178' title='bbox 924 2483 959 2552; x_wconf 87' lang='lat' dir='ltr'><strong>in</strong></span> <span class='ocrx_word' id='word_1_179' title='bbox 982 2483 1117 2551; x_wconf 85' lang='lat' dir='ltr'><strong>decimis</strong></span> <span class='ocrx_word' id='word_1_180' title='bbox 1137 2490 1173 2548; x_wconf 87' lang='lat' dir='ltr'><strong>et</strong></span> <span class='ocrx_word' id='word_1_181' title='bbox 1194 2483 1415 2549; x_wconf 84' lang='lat' dir='ltr'><strong>oblacionibus</strong></span> <span class='ocrx_word' id='word_1_182' title='bbox 1440 2491 1478 2548; x_wconf 93' lang='lat' dir='ltr'><strong>et</strong></span> 
     </span>
     <span class='ocr_line' id='line_1_21' title="bbox 367 2585 1476 2673; baseline 0.001 -22"><span class='ocrx_word' id='word_1_183' title='bbox 367 2587 440 2652; x_wconf 85' lang='lat' dir='ltr'><strong>aliis</strong></span> <span class='ocrx_word' id='word_1_184' title='bbox 454 2587 705 2654; x_wconf 90' lang='lat' dir='ltr'><strong>obuentionibus</strong></span> <span class='ocrx_word' id='word_1_185' title='bbox 720 2596 790 2665; x_wconf 86' lang='lat' dir='ltr'><strong>etc,</strong></span> <span class='ocrx_word' id='word_1_186' title='bbox 804 2596 839 2658; x_wconf 85' lang='lat' dir='ltr'><strong>et</strong></span> <span class='ocrx_word' id='word_1_187' title='bbox 857 2587 898 2656; x_wconf 87' lang='lat' dir='ltr'><strong>de</strong></span> <span class='ocrx_word' id='word_1_188' title='bbox 918 2586 1063 2673; x_wconf 88' lang='lat' dir='ltr'><strong>predicto</strong></span> <span class='ocrx_word' id='word_1_189' title='bbox 1084 2585 1227 2654; x_wconf 87' lang='lat' dir='ltr'><strong>Roherto</strong></span> <span class='ocrx_word' id='word_1_190' title='bbox 1242 2586 1410 2654; x_wconf 85' lang='lat' dir='ltr'><strong>descendit</strong></span> <span class='ocrx_word' id='word_1_191' title='bbox 1424 2587 1476 2652; x_wconf 88' lang='lat' dir='ltr'><strong>ius</strong></span> 
     </span>
     <span class='ocr_line' id='line_1_22' title="bbox 367 2687 1476 2768; baseline -0.002 -12"><span class='ocrx_word' id='word_1_192' title='bbox 367 2689 590 2756; x_wconf 85' lang='lat' dir='ltr'><strong>aduocecionis</strong></span> <span class='ocrx_word' id='word_1_193' title='bbox 615 2689 704 2756; x_wconf 90' lang='lat' dir='ltr'><strong>illius</strong></span> <span class='ocrx_word' id='word_1_194' title='bbox 729 2690 874 2758; x_wconf 77' lang='lat' dir='ltr'><strong>Johsnni</strong></span> <span class='ocrx_word' id='word_1_195' title='bbox 896 2689 964 2754; x_wconf 91' lang='lat' dir='ltr'><strong>filio</strong></span> <span class='ocrx_word' id='word_1_196' title='bbox 990 2711 1049 2754; x_wconf 92' lang='lat' dir='ltr'><strong>suo</strong></span> <span class='ocrx_word' id='word_1_197' title='bbox 1073 2696 1114 2754; x_wconf 91' lang='lat' dir='ltr'><strong>ut</strong></span> <span class='ocrx_word' id='word_1_198' title='bbox 1142 2687 1209 2756; x_wconf 89' lang='lat' dir='ltr'><strong>filio</strong></span> <span class='ocrx_word' id='word_1_199' title='bbox 1238 2697 1273 2756; x_wconf 92' lang='lat' dir='ltr'><strong>et</strong></span> <span class='ocrx_word' id='word_1_200' title='bbox 1295 2689 1416 2768; x_wconf 72' lang='lat' dir='ltr'><strong>heredi</strong></span> <span class='ocrx_word' id='word_1_201' title='bbox 1440 2697 1476 2754; x_wconf 90' lang='lat' dir='ltr'><strong>et</strong></span> 
     </span>
     <span class='ocr_line' id='line_1_23' title="bbox 367 2791 1476 2880; baseline 0.001 -21"><span class='ocrx_word' id='word_1_202' title='bbox 367 2793 408 2859; x_wconf 90' lang='lat' dir='ltr'><strong>de</strong></span> <span class='ocrx_word' id='word_1_203' title='bbox 430 2793 575 2880; x_wconf 87' lang='lat' dir='ltr'><strong>predicto</strong></span> <span class='ocrx_word' id='word_1_204' title='bbox 598 2792 748 2860; x_wconf 86' lang='lat' dir='ltr'><strong>Johanne</strong></span> <span class='ocrx_word' id='word_1_205' title='bbox 772 2792 828 2861; x_wconf 89' lang='lat' dir='ltr'><strong>isti</strong></span> <span class='ocrx_word' id='word_1_206' title='bbox 852 2791 995 2862; x_wconf 84' lang='lat' dir='ltr'><strong>Roberto</strong></span> <span class='ocrx_word' id='word_1_207' title='bbox 1018 2799 1058 2860; x_wconf 94' lang='lat' dir='ltr'><strong>ut</strong></span> <span class='ocrx_word' id='word_1_208' title='bbox 1077 2793 1148 2860; x_wconf 86' lang='lat' dir='ltr'><strong>filio</strong></span> <span class='ocrx_word' id='word_1_209' title='bbox 1168 2800 1203 2860; x_wconf 90' lang='lat' dir='ltr'><strong>et</strong></span> <span class='ocrx_word' id='word_1_210' title='bbox 1222 2791 1343 2874; x_wconf 77' lang='lat' dir='ltr'><strong>heredi,</strong></span> <span class='ocrx_word' id='word_1_211' title='bbox 1361 2799 1396 2860; x_wconf 89' lang='lat' dir='ltr'><strong>et</strong></span> <span class='ocrx_word' id='word_1_212' title='bbox 1413 2792 1476 2860; x_wconf 92' lang='lat' dir='ltr'><strong>hoc</strong></span> 
     </span>
     <span class='ocr_line' id='line_1_24' title="bbox 367 2897 991 2964; baseline 0.013 -2"><span class='ocrx_word' id='word_1_213' title='bbox 367 2897 462 2962; x_wconf 86' lang='lat' dir='ltr'><strong>offert</strong></span> <span class='ocrx_word' id='word_1_214' title='bbox 476 2905 535 2964; x_wconf 90' lang='lat' dir='ltr'><strong>etc.</strong></span> <span class='ocrx_word' id='word_1_215' title='bbox 986 2909 991 2915; x_wconf 83' lang='lat'>&#39;</span> 
     </span>
    </p>

    <p class='ocr_par' dir='ltr' id='par_1_7' title="bbox 364 3002 1539 3919">
     <span class='ocr_line' id='line_1_25' title="bbox 431 3002 1474 3090; baseline 0 -22"><span class='ocrx_word' id='word_1_216' title='bbox 431 3003 478 3068; x_wconf 87' lang='lat' dir='ltr'><strong>Et</strong></span> <span class='ocrx_word' id='word_1_217' title='bbox 492 3003 583 3068; x_wconf 88' lang='lat' dir='ltr'><strong>Prior</strong></span> <span class='ocrx_word' id='word_1_218' title='bbox 596 3004 690 3068; x_wconf 89' lang='lat' dir='ltr'><strong>uenit</strong></span> <span class='ocrx_word' id='word_1_219' title='bbox 705 3011 740 3069; x_wconf 90' lang='lat' dir='ltr'><strong>et</strong></span> <span class='ocrx_word' id='word_1_220' title='bbox 754 3004 902 3070; x_wconf 87' lang='lat' dir='ltr'><strong>defendit</strong></span> <span class='ocrx_word' id='word_1_221' title='bbox 916 3005 968 3070; x_wconf 87' lang='lat' dir='ltr'><strong>ius</strong></span> <span class='ocrx_word' id='word_1_222' title='bbox 982 3027 1079 3070; x_wconf 92' lang='lat' dir='ltr'><strong>suum</strong></span> <span class='ocrx_word' id='word_1_223' title='bbox 1099 3011 1134 3069; x_wconf 89' lang='lat' dir='ltr'><strong>et</strong></span> <span class='ocrx_word' id='word_1_224' title='bbox 1149 3002 1229 3069; x_wconf 91' lang='lat' dir='ltr'><strong>dicit</strong></span> <span class='ocrx_word' id='word_1_225' title='bbox 1244 3002 1331 3090; x_wconf 94' lang='lat' dir='ltr'><strong>quod</strong></span> <span class='ocrx_word' id='word_1_226' title='bbox 1352 3003 1474 3068; x_wconf 88' lang='lat' dir='ltr'><strong>nichil¹</strong></span> 
     </span>
     <span class='ocr_line' id='line_1_26' title="bbox 366 3105 1473 3194; baseline 0.001 -23"><span class='ocrx_word' id='word_1_227' title='bbox 366 3105 446 3176; x_wconf 81' lang='lat' dir='ltr'><strong>iulis</strong></span> <span class='ocrx_word' id='word_1_228' title='bbox 460 3107 597 3172; x_wconf 83' lang='lat' dir='ltr'><strong>clamare</strong></span> <span class='ocrx_word' id='word_1_229' title='bbox 612 3115 721 3194; x_wconf 91' lang='lat' dir='ltr'><strong>potest</strong></span> <span class='ocrx_word' id='word_1_230' title='bbox 735 3107 770 3172; x_wconf 92' lang='lat' dir='ltr'><strong>in</strong></span> <span class='ocrx_word' id='word_1_231' title='bbox 791 3109 905 3174; x_wconf 84' lang='lat' dir='ltr'><strong>endem</strong></span> <span class='ocrx_word' id='word_1_232' title='bbox 927 3107 1141 3174; x_wconf 85' lang='lat' dir='ltr'><strong>aduocacione</strong></span> <span class='ocrx_word' id='word_1_233' title='bbox 1156 3107 1235 3194; x_wconf 87' lang='lat' dir='ltr'><strong>quia</strong></span> <span class='ocrx_word' id='word_1_234' title='bbox 1254 3129 1368 3172; x_wconf 85' lang='lat' dir='ltr'><strong>reuera</strong></span> <span class='ocrx_word' id='word_1_235' title='bbox 1389 3115 1473 3172; x_wconf 91' lang='lat' dir='ltr'><strong>tem·</strong></span> 
     </span>
     <span class='ocr_line' id='line_1_27' title="bbox 366 3210 1475 3299; baseline 0.002 -25"><span class='ocrx_word' id='word_1_236' title='bbox 366 3230 443 3295; x_wconf 88' lang='lat' dir='ltr'><strong>pore</strong></span> <span class='ocrx_word' id='word_1_237' title='bbox 473 3210 515 3275; x_wconf 76' lang='grc' dir='ltr'><strong>Η,</strong></span> <span class='ocrx_word' id='word_1_238' title='bbox 546 3211 646 3298; x_wconf 85' lang='lat' dir='ltr'><strong>Regis</strong></span> <span class='ocrx_word' id='word_1_239' title='bbox 675 3211 731 3276; x_wconf 90' lang='lat' dir='ltr'><strong>aui</strong></span> <span class='ocrx_word' id='word_1_240' title='bbox 759 3212 853 3278; x_wconf 91' lang='lat' dir='ltr'><strong>Dom.</strong></span> <span class='ocrx_word' id='word_1_241' title='bbox 880 3211 981 3299; x_wconf 83' lang='lat' dir='ltr'><strong>Regis</strong></span> <span class='ocrx_word' id='word_1_242' title='bbox 1006 3211 1080 3280; x_wconf 79' lang='lat' dir='ltr'><strong>finis</strong></span> <span class='ocrx_word' id='word_1_243' title='bbox 1106 3213 1211 3277; x_wconf 82' lang='lat' dir='ltr'><strong>fectus</strong></span> <span class='ocrx_word' id='word_1_244' title='bbox 1236 3210 1301 3276; x_wconf 89' lang='lat' dir='ltr'><strong>fuit</strong></span> <span class='ocrx_word' id='word_1_245' title='bbox 1323 3211 1359 3276; x_wconf 89' lang='lat' dir='ltr'><strong>in</strong></span> <span class='ocrx_word' id='word_1_246' title='bbox 1383 3211 1475 3276; x_wconf 86' lang='lat' dir='ltr'><strong>curis</strong></span> 
     </span>
     <span class='ocr_line' id='line_1_28' title="bbox 365 3313 1474 3402; baseline 0.003 -25"><span class='ocrx_word' id='word_1_247' title='bbox 365 3313 467 3399; x_wconf 90' lang='lat' dir='ltr'><strong>ipsius</strong></span> <span class='ocrx_word' id='word_1_248' title='bbox 496 3314 588 3378; x_wconf 91' lang='lat' dir='ltr'><strong>Dom.</strong></span> <span class='ocrx_word' id='word_1_249' title='bbox 620 3315 721 3402; x_wconf 84' lang='lat' dir='ltr'><strong>Regis</strong></span> <span class='ocrx_word' id='word_1_250' title='bbox 748 3315 836 3380; x_wconf 89' lang='lat' dir='ltr'><strong>inter</strong></span> <span class='ocrx_word' id='word_1_251' title='bbox 863 3315 1036 3382; x_wconf 87' lang='lat' dir='ltr'><strong>monachos</strong></span> <span class='ocrx_word' id='word_1_252' title='bbox 1065 3315 1197 3382; x_wconf 86' lang='lat' dir='ltr'><strong>ecclesie</strong></span> <span class='ocrx_word' id='word_1_253' title='bbox 1231 3315 1263 3382; x_wconf 83' lang='lat' dir='ltr'><strong>S.</strong></span> <span class='ocrx_word' id='word_1_254' title='bbox 1295 3315 1474 3382; x_wconf 73' lang='lat' dir='ltr'><strong>saluatoris</strong></span> 
     </span>
     <span class='ocr_line' id='line_1_29' title="bbox 364 3415 1473 3506; baseline 0.004 -26"><span class='ocrx_word' id='word_1_255' title='bbox 364 3415 406 3480; x_wconf 90' lang='lat' dir='ltr'><strong>de</strong></span> <span class='ocrx_word' id='word_1_256' title='bbox 421 3415 674 3484; x_wconf 88' lang='lat' dir='ltr'><strong>Bermundeseia</strong></span> <span class='ocrx_word' id='word_1_257' title='bbox 688 3427 723 3484; x_wconf 89' lang='lat' dir='ltr'><strong>et</strong></span> <span class='ocrx_word' id='word_1_258' title='bbox 737 3419 919 3506; x_wconf 90' lang='lat' dir='ltr'><strong>predictum</strong></span> <span class='ocrx_word' id='word_1_259' title='bbox 935 3419 1116 3486; x_wconf 90' lang='lat' dir='ltr'><strong>Robertum</strong></span> <span class='ocrx_word' id='word_1_260' title='bbox 1131 3419 1172 3486; x_wconf 91' lang='lat' dir='ltr'><strong>de</strong></span> <span class='ocrx_word' id='word_1_261' title='bbox 1188 3420 1309 3486; x_wconf 85' lang='lat' dir='ltr'><strong>Briwes</strong></span> <span class='ocrx_word' id='word_1_262' title='bbox 1323 3420 1364 3486; x_wconf 89' lang='lat' dir='ltr'><strong>de</strong></span> <span class='ocrx_word' id='word_1_263' title='bbox 1379 3420 1473 3485; x_wconf 89' lang='lat' dir='ltr'><strong>cuius</strong></span> 
     </span>
     <span class='ocr_line' id='line_1_30' title="bbox 364 3517 1472 3608; baseline 0.006 -27"><span class='ocrx_word' id='word_1_264' title='bbox 364 3517 483 3582; x_wconf 88' lang='lat' dir='ltr'><strong>seisina</strong></span> <span class='ocrx_word' id='word_1_265' title='bbox 503 3519 589 3604; x_wconf 90' lang='lat' dir='ltr'><strong>petit</strong></span> <span class='ocrx_word' id='word_1_266' title='bbox 618 3519 866 3590; x_wconf 85' lang='lat' dir='ltr'><strong>eduocacionem</strong></span> <span class='ocrx_word' id='word_1_267' title='bbox 895 3522 987 3588; x_wconf 83' lang='lat' dir='ltr'><strong>illem</strong></span> <span class='ocrx_word' id='word_1_268' title='bbox 1016 3521 1058 3587; x_wconf 90' lang='lat' dir='ltr'><strong>de</strong></span> <span class='ocrx_word' id='word_1_269' title='bbox 1086 3521 1300 3588; x_wconf 83' lang='lat' dir='ltr'><strong>aduocacione</strong></span> <span class='ocrx_word' id='word_1_270' title='bbox 1326 3521 1472 3608; x_wconf 88' lang='lat' dir='ltr'><strong>predicte</strong></span> 
     </span>
     <span class='ocr_line' id='line_1_31' title="bbox 364 3619 1539 3712; baseline 0.005 -28"><span class='ocrx_word' id='word_1_271' title='bbox 364 3619 506 3698; x_wconf 87' lang='lat' dir='ltr'><strong>ecclesie,</strong></span> <span class='ocrx_word' id='word_1_272' title='bbox 532 3629 566 3686; x_wconf 89' lang='lat' dir='ltr'><strong>et</strong></span> <span class='ocrx_word' id='word_1_273' title='bbox 593 3620 680 3688; x_wconf 90' lang='lat' dir='ltr'><strong>unde</strong></span> <span class='ocrx_word' id='word_1_274' title='bbox 703 3626 825 3710; x_wconf 83' lang='lat' dir='ltr'><strong>profert</strong></span> <span class='ocrx_word' id='word_1_275' title='bbox 851 3624 1086 3712; x_wconf 79' lang='lat' dir='ltr'><strong>cyrographum</strong></span> <span class='ocrx_word' id='word_1_276' title='bbox 1100 3624 1197 3710; x_wconf 80' lang='lat' dir='ltr'><strong>&#39;quod</strong></span> <span class='ocrx_word' id='word_1_277' title='bbox 1220 3631 1362 3700; x_wconf 85' lang='lat' dir='ltr'><strong>testatur</strong></span> <span class='ocrx_word' id='word_1_278' title='bbox 1385 3624 1472 3711; x_wconf 93' lang='lat' dir='ltr'><strong>quod</strong></span> <span class='ocrx_word' id='word_1_279' title='bbox 1534 3690 1539 3699; x_wconf 79' lang='grc'><strong>,</strong></span> 
     </span>
     <span class='ocr_line' id='line_1_32' title="bbox 364 3721 1473 3815; baseline 0.007 -29"><span class='ocrx_word' id='word_1_280' title='bbox 364 3721 451 3787; x_wconf 86' lang='lat' dir='ltr'><strong>idern</strong></span> <span class='ocrx_word' id='word_1_281' title='bbox 475 3723 637 3791; x_wconf 88' lang='lat' dir='ltr'><strong>Rcbertus</strong></span> <span class='ocrx_word' id='word_1_282' title='bbox 657 3726 698 3792; x_wconf 92' lang='lat' dir='ltr'><strong>de</strong></span> <span class='ocrx_word' id='word_1_283' title='bbox 721 3727 842 3794; x_wconf 82' lang='lat' dir='ltr'><strong>Briwes</strong></span> <span class='ocrx_word' id='word_1_284' title='bbox 865 3729 1022 3796; x_wconf 85' lang='lat' dir='ltr'><strong>concessit</strong></span> <span class='ocrx_word' id='word_1_285' title='bbox 1044 3728 1275 3814; x_wconf 87' lang='lat' dir='ltr'><strong>inperpetuum</strong></span> <span class='ocrx_word' id='word_1_286' title='bbox 1298 3749 1413 3815; x_wconf 90' lang='lat' dir='ltr'><strong>prose</strong></span> <span class='ocrx_word' id='word_1_287' title='bbox 1435 3737 1473 3794; x_wconf 90' lang='lat' dir='ltr'><strong>et</strong></span> 
     </span>
     <span class='ocr_line' id='line_1_33' title="bbox 364 3825 1473 3919; baseline 0.007 -29"><span class='ocrx_word' id='word_1_288' title='bbox 364 3825 539 3893; x_wconf 88' lang='lat' dir='ltr'><strong>heredibus</strong></span> <span class='ocrx_word' id='word_1_289' title='bbox 561 3830 630 3894; x_wconf 88' lang='lat' dir='ltr'><strong>suis</strong></span> <span class='ocrx_word' id='word_1_290' title='bbox 651 3831 806 3917; x_wconf 86' lang='lat' dir='ltr'><strong>predictis</strong></span> <span class='ocrx_word' id='word_1_291' title='bbox 828 3833 995 3900; x_wconf 87' lang='lat' dir='ltr'><strong>monachis</strong></span> <span class='ocrx_word' id='word_1_292' title='bbox 1015 3833 1066 3898; x_wconf 89' lang='lat' dir='ltr'><strong>ius</strong></span> <span class='ocrx_word' id='word_1_293' title='bbox 1087 3831 1311 3898; x_wconf 86' lang='lat' dir='ltr'><strong>aduocaoionis</strong></span> <span class='ocrx_word' id='word_1_294' title='bbox 1333 3831 1376 3898; x_wconf 87' lang='lat' dir='ltr'><strong>do</strong></span> <span class='ocrx_word' id='word_1_295' title='bbox 1398 3855 1473 3919; x_wconf 90' lang='lat' dir='ltr'><strong>pre·</strong></span> 
     </span>
    </p>
   </div>
   <div class='ocr_carea' id='block_1_7' title="bbox 363 3929 1472 4333">
    <p class='ocr_par' dir='ltr' id='par_1_8' title="bbox 363 3929 1472 4333">
     <span class='ocr_line' id='line_1_34' title="bbox 363 3929 1472 4023; baseline 0.005 -29"><span class='ocrx_word' id='word_1_296' title='bbox 363 3929 453 3998; x_wconf 82' lang='lat' dir='ltr'><strong>dicte</strong></span> <span class='ocrx_word' id='word_1_297' title='bbox 471 3931 606 3998; x_wconf 88' lang='lat' dir='ltr'><strong>ecclesia</strong></span> <span class='ocrx_word' id='word_1_298' title='bbox 626 3932 666 3999; x_wconf 91' lang='lat' dir='ltr'><strong>de</strong></span> <span class='ocrx_word' id='word_1_299' title='bbox 688 3935 810 4022; x_wconf 83' lang='lat' dir='ltr'><strong>Steple,</strong></span> <span class='ocrx_word' id='word_1_300' title='bbox 825 3936 874 4002; x_wconf 85' lang='lat' dir='ltr'><strong>ita</strong></span> <span class='ocrx_word' id='word_1_301' title='bbox 893 3934 979 4023; x_wconf 93' lang='lat' dir='ltr'><strong>quod</strong></span> <span class='ocrx_word' id='word_1_302' title='bbox 994 3935 1163 4022; x_wconf 91' lang='lat' dir='ltr'><strong>quosciens</strong></span> <span class='ocrx_word' id='word_1_303' title='bbox 1178 3957 1251 4000; x_wconf 81' lang='lat' dir='ltr'><strong>eam</strong></span> <span class='ocrx_word' id='word_1_304' title='bbox 1265 3957 1381 4000; x_wconf 87' lang='lat' dir='ltr'><strong>uacare</strong></span> <span class='ocrx_word' id='word_1_305' title='bbox 1396 3958 1472 4002; x_wconf 90' lang='lat' dir='ltr'><strong>con-</strong></span> 
     </span>
     <span class='ocr_line' id='line_1_35' title="bbox 365 4033 1472 4126; baseline 0.007 -29"><span class='ocrx_word' id='word_1_306' title='bbox 365 4033 507 4121; x_wconf 89' lang='lat' dir='ltr'><strong>tingeret</strong></span> <span class='ocrx_word' id='word_1_307' title='bbox 522 4034 563 4099; x_wconf 93' lang='lat' dir='ltr'><strong>de</strong></span> <span class='ocrx_word' id='word_1_308' title='bbox 578 4044 685 4102; x_wconf 91' lang='lat' dir='ltr'><strong>cetero</strong></span> <span class='ocrx_word' id='word_1_309' title='bbox 705 4038 746 4103; x_wconf 86' lang='lat' dir='ltr'><strong>nd</strong></span> <span class='ocrx_word' id='word_1_310' title='bbox 765 4041 1038 4125; x_wconf 87' lang='lat' dir='ltr'><strong>presentationem</strong></span> <span class='ocrx_word' id='word_1_311' title='bbox 1058 4039 1277 4126; x_wconf 83' lang='lat' dir='ltr'><strong>predictorum</strong></span> <span class='ocrx_word' id='word_1_312' title='bbox 1297 4039 1472 4105; x_wconf 86' lang='lat' dir='ltr'><strong>monacho-</strong></span> 
     </span>
     <span class='ocr_line' id='line_1_36' title="bbox 363 4137 1472 4230; baseline 0.007 -29"><span class='ocrx_word' id='word_1_313' title='bbox 363 4159 435 4202; x_wconf 86' lang='lat' dir='ltr'><strong>rum</strong></span> <span class='ocrx_word' id='word_1_314' title='bbox 452 4137 492 4202; x_wconf 92' lang='lat' dir='ltr'><strong>dc</strong></span> <span class='ocrx_word' id='word_1_315' title='bbox 508 4139 761 4207; x_wconf 89' lang='lat' dir='ltr'><strong>Bermundeseia</strong></span> <span class='ocrx_word' id='word_1_316' title='bbox 775 4143 868 4208; x_wconf 90' lang='lat' dir='ltr'><strong>Dom.</strong></span> <span class='ocrx_word' id='word_1_317' title='bbox 885 4142 1090 4208; x_wconf 88' lang='lat' dir='ltr'><strong>Batoniensis</strong></span> <span class='ocrx_word' id='word_1_318' title='bbox 1105 4143 1283 4230; x_wconf 86' lang='lat' dir='ltr'><strong>Episcopus</strong></span> <span class='ocrx_word' id='word_1_319' title='bbox 1300 4165 1472 4230; x_wconf 87' lang='lat' dir='ltr'><strong>personam</strong></span> 
     </span>
     <span class='ocr_line' id='line_1_37' title="bbox 363 4241 1472 4333; baseline 0.007 -27"><span class='ocrx_word' id='word_1_320' title='bbox 363 4241 513 4307; x_wconf 86' lang='lat' dir='ltr'><strong>idoneam</strong></span> <span class='ocrx_word' id='word_1_321' title='bbox 538 4243 697 4329; x_wconf 86' lang='lat' dir='ltr'><strong>reciperet</strong></span> <span class='ocrx_word' id='word_1_322' title='bbox 722 4255 756 4309; x_wconf 91' lang='lat' dir='ltr'><strong>et</strong></span> <span class='ocrx_word' id='word_1_323' title='bbox 785 4245 973 4313; x_wconf 87' lang='lat' dir='ltr'><strong>institueret</strong></span> <span class='ocrx_word' id='word_1_324' title='bbox 1002 4246 1124 4333; x_wconf 89' lang='lat' dir='ltr'><strong>absque</strong></span> <span class='ocrx_word' id='word_1_325' title='bbox 1149 4245 1406 4313; x_wconf 78' lang='lat' dir='ltr'><strong>contrudiccione</strong></span> <span class='ocrx_word' id='word_1_326' title='bbox 1435 4258 1472 4314; x_wconf 89' lang='lat' dir='ltr'><strong>et</strong></span> 
     </span>
    </p>
   </div>
   <div class='ocr_carea' id='block_1_8' title="bbox 361 4412 1428 4544">
    <p class='ocr_par' dir='ltr' id='par_1_9' title="bbox 361 4412 1428 4544">
     <span class='ocr_line' id='line_1_38' title="bbox 394 4412 1428 4478; baseline 0.008 -18"><span class='ocrx_word' id='word_1_327' title='bbox 394 4412 601 4463; x_wconf 81' lang='lat' dir='ltr'><strong>¹ThlsisFitr.</strong></span> <span class='ocrx_word' id='word_1_328' title='bbox 619 4417 743 4465; x_wconf 81' lang='lat' dir='ltr'><strong>Recouere</strong></span> <span class='ocrx_word' id='word_1_329' title='bbox 759 4432 790 4465; x_wconf 83' lang='lat' dir='ltr'><strong>eu</strong></span> <span class='ocrx_word' id='word_1_330' title='bbox 806 4419 906 4476; x_wconf 78' lang='lat' dir='ltr'><strong>ruzlue,¹</strong></span> <span class='ocrx_word' id='word_1_331' title='bbox 940 4415 985 4467; x_wconf 86' lang='lat' dir='ltr'><strong>the</strong></span> <span class='ocrx_word' id='word_1_332' title='bbox 995 4415 1187 4478; x_wconf 72' lang='lat' dir='ltr'><strong>Abridgemeut.</strong></span> <span class='ocrx_word' id='word_1_333' title='bbox 1222 4415 1269 4465; x_wconf 84' lang='lat' dir='ltr'><strong>See</strong></span> <span class='ocrx_word' id='word_1_334' title='bbox 1279 4415 1324 4465; x_wconf 90' lang='lat' dir='ltr'><strong>Br.</strong></span> <span class='ocrx_word' id='word_1_335' title='bbox 1337 4417 1354 4468; x_wconf 88' lang='lat' dir='ltr'><strong>l.</strong></span> <span class='ocrx_word' id='word_1_336' title='bbox 1370 4418 1428 4468; x_wconf 82' lang='lat'><strong>300.</strong></span> 
     </span>
     <span class='ocr_line' id='line_1_39' title="bbox 361 4477 1296 4544; baseline 0 -14"><span class='ocrx_word' id='word_1_337' title='bbox 361 4481 401 4530; x_wconf 74' lang='lat'><strong>26.</strong></span> <span class='ocrx_word' id='word_1_338' title='bbox 436 4477 490 4527; x_wconf 83' lang='lat' dir='ltr'><strong>The</strong></span> <span class='ocrx_word' id='word_1_339' title='bbox 507 4491 566 4528; x_wconf 78' lang='lat' dir='ltr'><strong>osse</strong></span> <span class='ocrx_word' id='word_1_340' title='bbox 582 4478 606 4528; x_wconf 83' lang='lat' dir='ltr'><strong>ie</strong></span> <span class='ocrx_word' id='word_1_341' title='bbox 622 4479 697 4541; x_wconf 73' lang='lat' dir='ltr'><strong>giem</strong></span> <span class='ocrx_word' id='word_1_342' title='bbox 714 4485 742 4531; x_wconf 81' lang='lat' dir='ltr'><strong>st</strong></span> <span class='ocrx_word' id='word_1_343' title='bbox 757 4481 846 4544; x_wconf 79' lang='lat' dir='ltr'><strong>length</strong></span> <span class='ocrx_word' id='word_1_344' title='bbox 860 4483 888 4531; x_wconf 93' lang='lat' dir='ltr'><strong>in</strong></span> <span class='ocrx_word' id='word_1_345' title='bbox 972 4482 982 4514; x_wconf 73' lang='lat'>²</span> <span class='ocrx_word' id='word_1_346' title='bbox 999 4483 1158 4544; x_wconf 70' lang='lat' dir='ltr'><strong>quodcum</strong></span> <span class='ocrx_word' id='word_1_347' title='bbox 1168 4481 1296 4544; x_wconf 81' lang='lat' dir='ltr'><strong>repeated.</strong></span> 
     </span>
    </p>
   </div>
   <div class='ocr_carea' id='block_1_9' title="bbox 0 0 1658 5226">
    <p class='ocr_par' dir='ltr' id='par_1_10' title="bbox 0 0 1658 5226">
     <span class='ocr_line' id='line_1_40' title="bbox 0 0 1658 5226; baseline 0 4"><span class='ocrx_word' id='word_1_348' title='bbox 0 0 1658 5226; x_wconf 95' lang='lat' dir='ltr'><strong> </strong></span> 
     </span>
    </p>
   </div>
  </div>
 </body>
</html>
