3314 5238
325 415 389 482 478
459 453 463 464 ·
535 427 768 490 mensuruus,
790 429 854 478 sn.
881 415 973 488 12³1,
996 429 1058 478 sn
1084 416 1219 478 15-16.
1327 433 1332 440 ·

325 601 455 668 feodum
480 602 521 668 de
547 604 674 691 Rogero
696 601 726 668 le
752 602 902 668 Mmiseie
926 603 1058 689 capitoli
1080 603 1211 668 domino
1235 603 1323 668 illius
1346 601 1438 668 feodi

324 713 359 770 et
381 705 554 770 heredibus
583 705 651 771 suis
679 727 738 793 per
762 705 936 771 seminium
961 706 985 792 j.
1009 705 1130 771 militis
1176 705 1221 770 Et
1249 727 1346 792 super
1370 705 1436 770 hcc

324 807 508 872 Willelmus
534 807 728 894 Lungespey
749 815 784 874 et
811 807 934 873 Idonea
957 831 1038 873 uxor
1059 808 1129 873 eius
1151 808 1340 873 summoniti
1362 809 1436 873 fue-

324 921 403 978 mnt
424 912 466 978 sd
488 912 745 999 cognoscendum
769 933 827 998 per
852 911 939 998 quod
963 912 1137 978 seruicium
1160 920 1277 978 tenent
1302 913 1434 978 feodum

324 1016 426 1082 illud¹
449 1015 564 1082 dicunt
585 1015 673 1102 quod
694 1037 752 1101 per
773 1015 944 1080 seruicium
968 1015 1009 1102 vj.
1026 1015 1079 1081 lib.
1095 1037 1155 1102 per
1175 1037 1248 1082 sun.
1263 1037 1321 1102 pru
1343 1017 1435 1082 omni

324 1119 468 1186 semicio.
515 1120 559 1184 Et
574 1119 687 1185 Simon
703 1125 737 1182 et
752 1117 915 1205 Mergeris
929 1117 989 1182 hoc
1004 1125 1201 1204 cognoscunt
1216 1127 1251 1183 et
1265 1126 1435 1183 sttomsnt

325 1225 453 1290 eosdem
479 1225 681 1290 Willelmum
711 1231 746 1288 et
775 1222 930 1288 Idonesm
960 1223 1001 1289 de
1030 1223 1166 1288 seruicio
1191 1223 1247 1288 illo
1276 1231 1311 1288 et
1339 1223 1434 1288 feodo

325 1329 431 1396 eidem
454 1330 577 1395 Thorne
602 1337 637 1393 et
659 1328 833 1394 heredibus
852 1328 920 1392 suis
941 1328 1180 1414 inperpetuum,
1202 1337 1237 1394 et
1258 1328 1435 1394 remittunt

296 1449 300 1454 '
325 1441 433 1499 totum
452 1434 504 1498 ius
518 1433 604 1520 quod
626 1433 750 1497 habent
772 1432 806 1496 in
822 1431 915 1496 feodo
936 1431 992 1495 illo
1014 1431 1253 1518 inperpetuum.
1298 1431 1342 1496 Et
1358 1454 1435 1518 pre-

324 1536 431 1602 dictus
442 1537 589 1623 Rogems
599 1535 640 1600 de
651 1535 808 1600 Mareseie
818 1557 949 1621 presens
961 1535 1024 1599 fuit
1035 1543 1069 1599 et
1080 1535 1141 1599 hoc
1151 1542 1258 1599 totum
1269 1535 1436 1622 cognoscit

326 1647 361 1705 et
376 1639 436 1705 hoc
450 1647 558 1704 totum
573 1637 727 1703 concedit.

392 1741 550 1806 Ricurdus
564 1739 606 1805 de
621 1739 834 1826 Rudingtone
848 1739 928 1804 etc²
942 1741 1159 1806 summonitus
1168 1741 1234 1839 hit
1248 1741 1290 1806 ed
1301 1763 1435 1828 respon·

218 1861 231 1891 ⁰
328 1846 471 1912 dendum
486 1846 580 1910 Dom.
592 1844 677 1932 Regi
692 1867 756 1930 quo
770 1843 840 1909 iure
856 1843 993 1930 exigunt
1007 1865 1213 1908 communam
1227 1844 1262 1908 in
1273 1853 1360 1910 term
1373 1867 1436 1910 sus

326 1949 367 2014 de
383 1950 553 2015 Strettons
567 1948 693 2014 desieut
708 1947 802 2013 Dom.
818 1947 889 2012 Rex
911 1947 1035 2012 nullam
1056 1969 1261 2012 communem
1279 1948 1379 2013 hebet
1397 1949 1435 2013 in

326 2053 420 2118 terris
439 2053 582 2140 ipsorum
603 2061 637 2117 et
658 2051 796 2116 eliorum
819 2059 878 2116 etc
894 2073 954 2116 neo
976 2051 1039 2138 ipsi
1061 2051 1234 2117 seruicium
1256 2053 1288 2116 ei
1309 2053 1435 2118 faciunt

326 2177 424 2242 quare
453 2178 658 2222 communem
687 2155 805 2220 habere
834 2155 976 2220 debeant
1005 2163 1077 2235 etc,
1106 2165 1141 2221 et
1170 2157 1256 2222 unde
1286 2158 1435 2224 homines

326 2260 367 2326 de
397 2261 567 2327 Strettons
595 2261 651 2348 qui
680 2269 863 2347 sequuntur
891 2283 949 2347 pro
971 2259 1066 2327 Dom.
1093 2261 1184 2348 Rege
1209 2262 1323 2328 dicunt
1345 2263 1434 2349 quod

326 2373 413 2431 term
433 2365 468 2430 in
491 2388 556 2452 qus
584 2364 671 2430 idem
696 2363 854 2429 Ricardus
883 2363 1002 2428 clamet
1031 2387 1236 2430 communem
1266 2375 1316 2431 est
1346 2375 1435 2432 term

293 2553 304 2560 ..
325 2471 420 2536 Dom.
445 2471 554 2556 Regis,
580 2477 615 2534 et
636 2468 723 2555 quod
752 2468 821 2554 ipse
850 2467 975 2532 nullum
1004 2491 1210 2536 communem
1239 2471 1287 2535 ibi
1316 2471 1434 2536 hebuit

325 2573 389 2638 nisi
408 2571 474 2638 iam
496 2571 553 2656 iiij.
574 2571 668 2636 cunis
690 2569 808 2656 elapsis
828 2577 862 2634 et
885 2569 1007 2635 iniuste
1030 2578 1064 2636 et
1084 2571 1208 2636 nullom
1227 2595 1433 2640 communem

325 2675 506 2741 ibihebere
520 2673 627 2739 debet.
1028 2722 1030 2726 .

391 2781 436 2845 Et
450 2779 607 2845 Ricardus
621 2776 715 2843 uenit
729 2785 764 2842 et
780 2776 860 2842 dicit
870 2777 956 2864 quod
967 2779 1055 2844 omni
1067 2787 1212 2868 tempore
1224 2805 1244 2846 s
1254 2792 1432 2870 conquestu

326 2885 446 2973 Anglie
461 2885 509 2950 ibi
523 2904 729 2949 communem
744 2882 869 2959 habuit,
884 2889 920 2946 et
934 2882 1015 2948 dicit
1029 2884 1116 2970 quod
1136 2893 1224 2951 terre
1242 2886 1299 2952 ille
1318 2887 1353 2952 in
1368 2912 1435 2975 qus

326 3009 530 3056 communem
547 2985 647 3051 hebet
661 2985 805 3071 pertinet
825 2985 868 3050 sd
885 2986 998 3052 uillam
1018 2987 1059 3053 de
1082 2989 1230 3055 Burtons
1250 2999 1285 3056 et
1303 3015 1369 3057 non
1390 2993 1434 3058 sd

326 3095 439 3160 uillam
454 3093 495 3158 de
511 3092 681 3158 Strettons
694 3099 729 3156 et
743 3089 820 3155 inde
834 3091 928 3177 ponit
942 3113 976 3156 se
991 3113 1089 3178 super
1102 3093 1250 3179 patrium,

392 3199 436 3263 Et
461 3197 539 3284 quis
561 3195 746 3279 Willelmus
769 3195 810 3259 de
834 3195 949 3260 Leuce
973 3197 1145 3262 cononicus
1168 3199 1378 3266 Ebomcensis
1399 3209 1435 3266 et

327 3303 384 3390 qui
399 3303 516 3368 hebuit
538 3301 749 3366 medietatem
769 3301 848 3366 uille
863 3301 904 3366 de
925 3302 1071 3367 Burtone
1090 3305 1197 3390 etqui
1211 3305 1435 3372 warentizouit

327 3408 455 3494 Regem
475 3407 515 3472 de
536 3405 683 3471 Burtcno
706 3405 845 3470 Redulfo
866 3405 908 3470 de
933 3406 1080 3471 Burtons
1103 3415 1138 3472 et
1160 3408 1233 3474 aliis
1254 3411 1435 3496 resigmmit

327 3511 525 3599 prebendam
540 3533 632 3576 susm
647 3510 719 3576 ideo
735 3510 940 3597 loquendum.
1269 3512 1270 3515 ’

392 3615 579 3702 Stephanus
594 3614 706 3700 Lupus
720 3613 926 3679 sthechietus
941 3613 1061 3680 suited
1075 3615 1334 3702 respondendum
1350 3617 1435 3682 Ebo-

230 3738 244 3767 ¹¹
272 3755 293 3794 μ
328 3717 421 3784 mrdo
430 3717 470 3782 de
481 3717 634 3783 Stoctone
644 3717 685 3781 de
696 3715 816 3802 placito
825 3739 924 3802 quere
936 3726 1067 3783 secutus
1075 3726 1126 3783 est
1134 3719 1436 3805 placitumincuris

328 3819 552 3888 cristianitatis
566 3819 606 3884 de
622 3818 703 3884 laico
712 3817 806 3883 feodo
819 3819 922 3904 ipsius
937 3819 1093 3885 Eborardi
1107 3821 1143 3886 in
1152 3821 1307 3888 Stoctone
1321 3831 1435 3889 contra

328 3924 581 4014 prohibicionem
593 3931 663 4001 etc,
674 3931 709 3987 et
720 3922 807 3988 unde
818 3922 905 3988 idem
918 3923 1101 3989 Eborerdus
1110 3925 1257 4012 queritur
1265 3926 1352 4013 quod
1360 3939 1435 4013 post

328 4029 581 4118 prohibicionem
602 4027 696 4092 Dom.
713 4026 814 4113 Regis
836 4026 938 4091 traxit
957 4049 1033 4093 eum
1053 4027 1088 4093 in
1110 4029 1268 4115 placitum
1287 4031 1322 4095 in
1344 4033 1435 4096 curis
1478 4025 1483 4038 '

329 4131 555 4199 Amhidisconi
570 4130 824 4217 Huntingdunie
844 4131 893 4195 ite
907 4131 993 4217 quod
1007 4155 1066 4218 per
1082 4132 1319 4200 districcionem
1335 4157 1433 4222 quam

362 4325 531 4390 ¹Supplyet.
905 4329 996 4376 moniti
1012 4328 1127 4390 fuerunt
1164 4329 1248 4380 There
1269 4344 1314 4380 ure
1335 4333 1434 4382 several

362 4391 434 4441 'etc
466 4390 613 4440 interlined.
663 4389 791 4453 Probably
818 4405 856 4440 us
907 4391 1068 4442 derendmn.
1102 4394 1153 4444 For
1164 4395 1257 4445 earlier
1266 4396 1433 4460 proceedings

330 4456 424 4508 should
443 4455 504 4506 resd
526 4465 550 4506 et
572 4458 621 4505 alit
644 4455 696 4506 sud
712 4455 775 4506 thou
792 4471 856 4505 mm·
907 4470 948 4506 see
959 4458 1091 4507 Ossettt.
