3314 5238
507 453 658 513 ramur,
680 451 744 502 an.
771 440 862 512 1231,
886 453 948 502 aa
974 441 1023 500 15.
1251 443 1313 503 449

200 623 335 688 exilium
352 633 389 688 et
405 624 587 709 dampnum
603 633 637 688 et
653 633 760 688 totum
772 624 979 709 contraipsas
994 632 1028 688 et
1044 632 1148 688 sectas
1163 623 1314 709 ipsarum.

203 728 246 792 Et
260 728 335 792 ideo
350 737 547 814 preceptum
563 737 613 793 est
629 727 814 792 uicecomiti
833 727 919 812 quod
940 726 1115 812 assumptis
1135 749 1243 791 secum
1260 727 1313 812 xij.

205 841 271 898 tam
285 833 453 898 militibus
468 855 567 919 quam
582 833 654 897 aliis
669 841 729 898 etc.
745 832 786 898 de
806 833 934 898 uisueto
954 833 994 897 de
1016 832 1204 896 Herdewico
1220 840 1253 896 ct
1273 833 1314 896 de

206 935 349 1001 Cliftona
364 935 400 1000 in
415 936 547 1022 propria
560 957 696 1022 persona
710 957 770 1000 sua
788 936 921 1000 accedat
941 934 1062 999 ibidem
1077 943 1112 999 et
1127 957 1184 1020 per
1204 957 1314 998 eorum

205 1047 447 1102 sacramentum
478 1039 652 1124 diligenter
687 1038 832 1124 inquirat
868 1037 953 1124 quod
991 1046 1121 1101 uastum
1158 1047 1192 1101 et
1229 1037 1314 1122 quod

208 1143 341 1206 exilium
366 1142 482 1206 eadem
508 1141 636 1206 Amicis
661 1142 738 1206 fecit
761 1142 796 1205 in
819 1141 969 1205 domibus
994 1141 1137 1227 gardinis
1163 1139 1257 1204 terris
1279 1147 1314 1203 et

206 1246 309 1311 boscis
324 1269 389 1332 que
405 1255 497 1310 tenet
515 1246 551 1310 in
570 1246 680 1310 dotem
700 1254 761 1312 etc.
776 1245 817 1310 ad
837 1245 1149 1309 exhereditacionem
1170 1245 1312 1330 ipsarum

205 1351 354 1416 Elimbet
369 1359 404 1416 et
418 1351 555 1416 aliarum
571 1361 605 1416 et
615 1350 862 1436 inquisicionem
877 1349 956 1412 scire
973 1349 1070 1412 saciat
1085 1357 1144 1412 etc.
1159 1370 1218 1434 per
1233 1348 1313 1412 duos

205 1465 268 1520 etc.

274 1558 434 1644 ¹Rogerus
448 1557 489 1622 de
505 1556 730 1643 Hiltingtona²
744 1557 961 1620 summonitus
984 1557 1047 1620 fuit
1062 1556 1104 1620 ad
1118 1555 1312 1640 responden·
1424 1595 1429 1604 ·

205 1661 287 1726 dum
302 1661 478 1726 Eustochio
493 1683 556 1746 que
571 1660 634 1724 fuit
655 1681 736 1724 uxor
756 1659 879 1723 Thome
899 1658 940 1722 de
960 1659 1106 1724 Ardeme
1129 1682 1227 1745 quare
1248 1681 1313 1724 non

206 1773 301 1829 tenet
316 1765 345 1829 ei
361 1764 611 1829 conuencionem
626 1763 781 1828 intereos
797 1763 916 1831 factam
931 1762 971 1826 de
993 1785 1048 1826 sex
1069 1763 1150 1849 uirg.
1175 1772 1260 1827 terre
1278 1773 1312 1828 et

208 1893 236 1934 v.
259 1892 321 1934 acr.
343 1869 430 1955 prati
451 1891 526 1934 cum
548 1877 628 1954 pert.
651 1868 687 1932 in
710 1869 860 1932 Ructona
882 1877 950 1944 eta,
974 1877 1008 1932 et
1028 1867 1114 1932 unda
1138 1867 1314 1932 Eustochio

123 2035 131 2060 ·.
207 1973 356 2058 queritur
371 1972 457 2058 quod
472 1994 546 2036 cum
567 1971 654 2036 idem
675 1971 822 2057 Rogems
842 1993 914 2035 eam
930 1971 1092 2036 feoffasset
1112 1971 1153 2036 de
1169 1971 1314 2057 predicte

207 2084 296 2140 terra
324 2097 397 2139 cum
428 2082 507 2160 pert
538 2095 596 2159 per
624 2081 747 2138 cartam
777 2095 869 2138 suam
894 2081 929 2138 ct
952 2096 1023 2138 eam
1051 2075 1256 2138 warantizare
1280 2083 1313 2138 et

206 2179 380 2244 defendere
393 2178 527 2242 deberet
541 2200 654 2242 uersus
674 2199 785 2242 omnes
804 2185 920 2264 gentes
940 2185 1008 2241 tam
1029 2177 1196 2242 cristianos
1216 2199 1313 2264 qnam

207 2283 323 2347 iudeos
337 2282 431 2346 etde
454 2281 604 2346 omnibus
626 2280 746 2346 debitis
768 2288 803 2346 et
824 2281 993 2346 demendis
1014 2281 1179 2368 aquietare
1201 2303 1315 2346 uersus

207 2387 303 2450 Dom
320 2386 443 2472 Regem
458 2395 493 2450 et
508 2407 620 2450 omnes
639 2385 807 2450 cristianos
829 2386 882 2450 uel
905 2385 1018 2451 iudeos
1039 2386 1132 2450 uenit
1156 2386 1314 2450 Radulfus
1389 2381 1393 2389 ’

207 2489 463 2554 Molendinarius
478 2487 669 2555 Conuentr‘³
683 2489 737 2553 cui
751 2489 820 2575 ipse
841 2489 987 2576 Rogerus
1010 2509 1067 2575 per
1089 2489 1154 2574 viij.
1170 2489 1239 2554 dies
1261 2490 1315 2553 uel

206 2616 258 2658 xv.
275 2599 394 2656 terram
409 2591 499 2656 illam
514 2591 639 2656 dimisit
653 2592 695 2656 ad
710 2591 886 2656 terminum
902 2601 940 2656 ut
961 2591 1032 2678 ipsa
1047 2592 1222 2656 Eustachia
1236 2591 1316 2657 dicit

206 2705 242 2760 et
273 2695 369 2759 eiecit
398 2695 501 2780 ipsam
532 2694 740 2758 Eustachiam
773 2703 807 2758 et
837 2693 1036 2758 instaurum⁴
1065 2703 1100 2758 et
1123 2695 1235 2760 aueria
1257 2717 1316 2761 sua

205 2799 334 2864 amouit
349 2819 407 2883 per
422 2795 509 2883 quod
523 2796 719 2861 deteriorata
733 2805 783 2860 est
797 2804 857 2861 etc.

276 2903 320 2966 Et
335 2901 481 2988 Reganus
496 2901 588 2966 uenit
604 2909 638 2964 et
652 2900 798 2965 defendit
813 2901 991 2986 dampnum
1006 2909 1041 2966 et
1060 2902 1223 2987 cognoscit
1242 2923 1317 2966 oon·

206 3007 399 3072 uenciouem
414 3013 449 3069 et
464 3011 571 3068 totum
586 3012 621 3067 et
641 3003 722 3068 dicit
737 3003 824 3090 quod
838 3003 1003 3090 predictus
1019 3005 1178 3070 Radulfus
1193 3005 1316 3069 Molen-

206 3109 354 3175 dinarius
377 3110 504 3174 nullum
519 3109 699 3194 ingressum
715 3107 832 3172 babuit
851 3131 909 3194 per
931 3109 1023 3174 illum
1047 3119 1097 3174 set
1120 3108 1237 3173 habuit
1258 3131 1317 3194 per

207 3213 383 3300 quemdam
398 3213 565 3278 Abrabam
581 3212 685 3276 filium
701 3213 833 3278 Samuel
854 3212 894 3278 de
916 3213 1164 3299 Norhamptona
1183 3213 1316 3278 iudeum

207 3319 263 3384 cui
278 3325 365 3382 terra
378 3317 435 3382 illa
449 3316 539 3402 prius
553 3315 722 3382 inuadieta
741 3317 812 3381 fuit.
858 3317 902 3381 Et
922 3318 999 3403 quia
1018 3318 1134 3382 iudeus
1154 3318 1209 3383 ille
1229 3317 1317 3383 diem

209 3423 311 3488 babet
330 3422 372 3486 de
392 3421 505 3486 eodem
528 3443 635 3486 coram
658 3420 860 3486 iusticiariis⁶
881 3421 923 3486 ad
945 3421 1125 3486 custodiam
1148 3421 1317 3486 iudeorum

209 3524 383 3610 assignatis
400 3544 422 3586 a
440 3522 493 3587 die
516 3531 575 3587 etc.
599 3529 789 3608 preceptum
811 3532 862 3588 est
883 3521 1067 3588 uiceoomiti
1090 3523 1176 3608 quod
1198 3523 1318 3588 habeat

211 3651 326 3714 corpus
345 3627 485 3713 predicti
505 3627 635 3692 Radulfi
656 3625 882 3691 Molendinarii
901 3627 943 3692 ad
962 3627 1145 3712 predictum
1167 3627 1254 3692 diem
1277 3629 1318 3692 ad

211 3730 472 3816 respondendum
487 3751 585 3815 quare
600 3729 703 3815 ipsam
720 3728 929 3794 Eustachiam
944 3729 1041 3794 eiecit
1055 3729 1096 3793 de
1112 3738 1199 3792 terra
1213 3729 1270 3793 illa
1284 3737 1319 3793 et

211 3835 253 3900 ad
269 3834 525 3921 cognoscendum
541 3833 619 3919 quid
634 3833 713 3898 imis
731 3833 849 3898 clamat
869 3833 904 3897 in
927 3841 1013 3897 terra
1034 3832 1092 3896 illa
1112 3833 1166 3896 uel
1189 3831 1318 3896 feodum

213 3937 269 4002 uel
282 3938 409 4002 firmam
425 3943 460 4001 et
474 3958 532 4022 per
546 3957 643 4021 quem
659 3937 736 4000 eto.8
750 3943 785 3999 et
800 3943 1046 3999 summoneatur
1060 3934 1094 3998 in
1109 3956 1189 3999 com.
1205 3935 1306 4000 Warr.

65 4065 149 4129 532,
279 4040 453 4107 'Ricaidus
476 4040 517 4104 de
539 4041 652 4106 Insula
672 4040 889 4105 summonitus
911 4040 975 4106 fuit
997 4039 1038 4104 ed
1056 4037 1319 4130 respondendum
1386 4055 1436 4096 sua

248 4279 258 4311 ¹
275 4279 304 4329 B.
319 4293 355 4328 m,
367 4275 417 4326 td.
826 4277 836 4307 ⁵
853 4293 935 4327 coram
952 4277 1105 4326 tassinaria
1122 4274 1206 4325 interl.
1226 4274 1260 4338 by
1276 4289 1320 4324 an-

249 4345 260 4375 ²
278 4345 462 4405 missitatos,
475 4342 505 4391 B.
795 4346 907 4390 notator.

249 4411 260 4440 ³
275 4411 305 4460 ἀι
317 4411 447 4466 annesae,
461 4408 491 4458 B.
827 4407 838 4436 ⁸
854 4407 875 4454 B
888 4411 967 4468 stopa

248 4477 259 4507 ⁴
276 4475 399 4536 Farming
410 4473 492 4524 stook.
543 4475 547 4484 '
827 4471 837 4503 ⁷
855 4471 884 4519 B.
897 4486 931 4522 m.
946 4469 996 4520 od.

304 4589 338 4638 u.
1196 4574 1236 4635 29
