3308 5226
437 413 672 478 monimum,
692 411 761 464 un..
783 400 883 479 1224,·
897 413 962 469 na
975 401 1080 468 ·8-9.
1243 397 1306 468 689

268 583 438 650 Jurato'res
466 581 581 651 dicunt
610 587 697 673 qnod
725 587 875 652 nesciunt
900 609 960 653 nec
981 587 1146 674 'inquirere
1172 595 1307 674 possunt

205 687 291 774 quod
312 711 481 776 nunquam
503 691 588 755 esset
609 689 802 777 desponsata
820 690 863 756 ad
882 689 1026 756 hostium
1047 689 1235 762 monasterii
1255 697 1306 756 set

203 800 243 857 ut
257 791 456 858 audiuerunt
470 792 506 858 in
520 793 604 858 lecto
618 816 676 860 suo
690 794 820 860 rnorteli
840 794 904 860 suit
923 794 1123 881 desponsata
1168 795 1213 859 Et
1232 793 1305 860 ideo

203 897 441 964 consideratum
463 905 514 963 est
535 898 623 984 quod
642 899 782 966 Thomas
799 907 853 965 eat
867 899 943 966 inde
958 899 1089 986 quietus
1103 906 1138 964 et
1151 898 1257 964 Alicia
1270 897 1306 966 in

202 1000 427 1068 misericordia
1094 1011 1098 1016 ’

143 1161 152 1178 .
269 1103 442 1172 ¹Rioordus
470 1106 557 1172 filius
585 1105 705 1193 Rogeri
736 1105 822 1192 petit
855 1127 969 1171 uersus
1003 1105 1168 1194 Agnetom
1203 1103 1305 1174 filiam
1422 1151 1428 1164 .

203 1207 317 1276 Briani
337 1233 410 1276 m
433 1233 495 1278 eor.
518 1218 603 1276 terre
629 1232 704 1276 cum
729 1217 810 1296 pert
832 1209 868 1275 in
894 1209 1034 1276 Beinflet
1059 1219 1099 1276 ut
1128 1210 1180 1276 ius
1209 1231 1305 1275 suum

203 1321 264 1381 etc.
279 1313 366 1381 unde
380 1315 488 1381 Adam
503 1338 586 1380 auus
605 1337 683 1380 suus
705 1314 769 1380 fuit
790 1315 920 1380 scisitus
941 1323 981 1380 ut
1002 1315 1043 1381 de
1065 1313 1157 1380 feodo
1178 1317 1213 1396 {et
1234 1313 1305 1378 iure

202 1425 237 1484 et
258 1417 294 1484 in
316 1417 477 1484 dominico
499 1411 645 1505 ternpore
667 1415 710 1484 Η.
725 1418 826 1505 Regis
847 1418 903 1484 aui
923 1417 1015 1484 Dom.
1032 1417 1134 1505 Regis
1149 1417 1305 1503 capiendo

201 1521 279 1588 inde
299 1523 431 1610 explete
449 1522 491 1588 ad
511 1522 692 1588 ualenciam
705 1545 734 1588 v.
750 1523 805 1588 sol.
820 1531 880 1590 etc
896 1530 931 1588 ct
945 1522 986 1589 de
1000 1524 1070 1610 ipso
1083 1523 1124 1588 A.
1138 1521 1305 1588 descendit

201 1623 253 1690 ius
268 1633 355 1691 terre
369 1625 456 1690 illius
471 1623 598 1713 chero
612 1625 751 1690 filiosuo
766 1633 800 1690 et
815 1624 856 1690 de
874 1625 1000 1713 Rogero
1017 1625 1095 1692 huic
1113 1625 1251 1691 Ricardo
1265 1633 1305 1690 ut

201 1729 268 1794 filio
283 1738 317 1795 et
332 1729 444 1795 heredi
458 1752 524 1795 suo.

267 1833 312 1899 Et
326 1835 437 1923 Agnes
452 1835 545 1900 uenit
560 1842 595 1900 et
609 1833 755 1900 defendit
774 1833 829 1900 ius
847 1857 943 1900 suum
965 1842 1015 1900 set
1036 1833 1119 1900 bene
1142 1833 1304 1922 cognoscit

200 1937 353 2003 seisinam
379 1939 452 2004 Ade
480 1937 537 2004 aui
565 1938 625 2015 sui,
651 1945 685 2003 et
714 1937 802 2003 idem
830 1937 938 2002 Adem
967 1937 1083 2003 habuit
1112 1937 1192 2004 duos
1221 1937 1304 2002 filios

201 2041 367 2128 Rogerum
396 2043 462 2110 soil.
492 2051 526 2107 et
555 2043 712 2108 Brienum
741 2049 869 2129 patrem
904 2041 1049 2107 eiusdem
1078 2041 1225 2129 Agnetis,
1254 2047 1305 2106 set

202 2146 348 2234 Rogerus
362 2170 427 2212 non
442 2147 630 2234 expectauit
643 2154 782 2212 mortem
796 2146 899 2234 patris
914 2145 988 2224 sui¹‚
1000 2153 1034 2210 et
1049 2143 1152 2211 idem⁸
1166 2145 1305 2210 Brianus

201 2257 275 2334 post
294 2257 432 2314 mortem
451 2249 524 2315 Ade
546 2249 684 2314 intrauit
706 2249 921 2314 hereditatem
943 2248 1047 2334 petris
1066 2249 1118 2314 sui
1140 2257 1174 2314 et
1196 2247 1305 2314 tenuit

201 2360 273 2418 tota
286 2353 358 2418 uita
372 2376 432 2418 sua
445 2361 480 2418 et
493 2354 565 2440 ipsa
577 2363 652 2440 post
671 2377 747 2420 eum
766 2361 806 2420 ut
827 2353 896 2419 filia
915 2376 975 2419 sua
996 2361 1030 2418 et
1051 2353 1144 2419 heres
1165 2361 1200 2418 et
1221 2352 1304 2418 bene

201 2456 287 2542 petit
315 2457 391 2522 inde
415 2457 572 2522 iudicium
598 2457 724 2524 desieut
749 2457 903 2544 Rogerus‚
929 2479 1109 2544 perquem
1133 2456 1221 2522 idem
1247 2454 1304 2520 Ri-

202 2559 316 2626 cardus
330 2561 458 2638 clamat,
473 2583 538 2626 non
553 2561 740 2648 expectauit
754 2568 892 2627 mortem
907 2561 1009 2647 patris
1024 2562 1083 2628 sui.
1125 2582 1129 2592 ·

266 2664 311 2729 Et
325 2663 483 2730 Ricardus
497 2664 577 2730 dicit
591 2665 678 2752 quod
692 2665 838 2752 Rogerus
852 2673 946 2752 pater
959 2688 1037 2731 suus
1052 2689 1116 2730 non
1131 2665 1212 2730 obiit
1226 2671 1302 2730 ante

200 2788 309 2833 auum.
321 2787 418 2832 suum
436 2767 537 2832 immo
553 2767 661 2832 Adam
676 2790 759 2834 auus
772 2789 851 2832 suus
865 2767 947 2833 obiit
961 2791 1026 2833 uno
1041 2767 1094 2833 die
1109 2774 1143 2832 et
1157 2766 1303 2852 Rogerus

200 2868 236 2934 in
254 2871 393 2936 crastino
413 2877 448 2936 et
467 2869 543 2936 inde
563 2870 657 2958 ponit
678 2893 713 2936 se
735 2893 832 2957 super
852 2870 1000 2957 petriam.
1045 2871 1091 2935 Et
1110 2869 1221 2958 Agnes
1243 2868 1302 2933 hoc

201 2972 368 3039 desendit⁴.
1232 2985 1235 2992 ⁴
1415 2999 1420 3038 ε

145 3145 151 3160 ,
266 3075 434 3143 'Warinus
455 3075 496 3142 de
518 3077 631 3142 Monte
657 3076 788 3144 Canisio
812 3077 899 3164 petit
920 3099 1033 3143 uersus
1055 3075 1238 3142 Walterum
1261 3073 1301 3139 de

201 3177 411 3244 Godarduilla
430 3179 559 3244 feodum
579 3178 655 3244 dim
670 3179 786 3244 mihtis
800 3201 874 3244 cum
888 3187 968 3266 pert.
984 3179 1020 3244 in
1034 3177 1183 3244 Wicham
1198 3183 1236 3241 ut
1250 3175 1302 3242 ins

200 3303 296 3346 suum
319 3281 355 3346 in
376 3281 463 3368 quod
483 3303 549 3346 non
571 3279 670 3347 hahet
691 3281 872 3370 ingressum
895 3281 958 3346 nisi
983 3303 1041 3368 per
1063 3281 1238 3368 Hugonem
1261 3277 1301 3344 de

200 3385 349 3450 Vallibus
370 3385 428 3472 qui
449 3408 514 3450 non
536 3385 653 3452 habuit
673 3385 750 3451 inde
772 3385 835 3451 nisi
854 3385 1033 3451 custodiam
1050 3408 1124 3450 cum
1139 3383 1302 3449 willelmo

200 3489 241 3555 de
256 3490 369 3555 Monte
385 3489 515 3557 Oanisio
535 3491 633 3556 fratre
656 3489 801 3556 eiusdem
815 3491 941 3556 Warini
956 3491 1048 3556 ouius
1061 3489 1154 3556 heres
1167 3488 1236 3575 ipse
1252 3495 1302 3553 est

200 3586 280 3658 dum
305 3593 369 3658 fuis
394 3593 622 3660 menesatem
645 3603 705 3661 eso.
749 3595 794 3660 Ει
815 3595 981 3660 walterus
1005 3594 1136 3660 uocauit
1160 3591 1236 3657 inde
1260 3590 1301 3656 ad

201 3705 380 3764 warantum
395 3699 575 3764 Rcbertum
589 3699 694 3764 filium
709 3707 744 3764 et
758 3699 910 3766 heredem
925 3698 1075 3786 Hugonis
1089 3697 1130 3763 de
1145 3696 1301 3772 Vallibus,

201 3791 258 3887 qui
283 3801 377 3866 uenit
399 3801 492 3882 etei
513 3802 701 3868 warentizat
725 3811 761 3867 et
782 3803 865 3868 bene
888 3802 1050 3890 cognoscit
1075 3800 1161 3886 quod
1186 3799 1302 3864 habuit

200 3904 380 3991 ingressum
404 3927 463 3991 per
487 3905 649 3972 Comitem
673 3905 874 3971 Willelmum
900 3905 941 3970 de
966 3903 1113 3970 Arundet
1136 3901 1301 3967 custodem

201 4007 346 4074 eiusdem
360 4009 517 4075 Willelmi
531 4009 610 4075 dum
625 4009 712 4076 idem
727 4009 910 4076 Willelmus
925 4009 989 4074 fuit
1007 4007 1092 4073 infra
1106 4013 1237 4084 atatem,
1252 4015 1302 4072 set

233 4189 243 4222 ¹
259 4189 290 4241 Δ.
303 4203 339 4241 ιιι.
353 4189 382 4248 6;
399 4189 430 4239 B.
441 4203 477 4241 m
492 4189 540 4240 cd.
777 4188 985 4253 Rogeroutlivod
996 4187 1088 4238 Adam.

233 4253 727 4306 ’Thisseemstomeanthnthedid
808 4253 989 4316 ⁸ideo‚A‚B.

203 4323 250 4370 not
261 4319 513 4371 outlivchistather.
548 4320 648 4372 SesBr.
657 4323 676 4371 t.
686 4322 726 4372 68.
809 4321 859 4370 ‘A
880 4319 932 4384 day
953 4319 977 4369 ts
997 4317 1073 4382 given
1095 4317 1137 4368 for
1157 4315 1301 4380 iudgment.
1401 4351 1406 4360 .

201 4385 283 4448 Apart
293 4385 360 4434 from
371 4399 424 4447 any
435 4385 554 4448 question
565 4387 594 4436 of
608 4387 727 4438 substan·
778 4387 808 4448 Δ,
822 4387 853 4436 Β.

201 4449 253 4500 tivo
263 4449 313 4500 lau
320 4449 454 4502 Richard's
464 4455 544 4502 count
551 4449 730 4504 isbadunless
810 4451 821 4485 ⁶
837 4451 867 4501 Δ.
879 4464 914 4500 m.
927 4449 984 4510 6d;
1000 4449 1030 4501 B.
1044 4461 1082 4498 m.
1092 4449 1117 4498 2.

1175 4549 1217 4609 44
