3360 5236
324 427 386 490 558
621 441 761 504 nrtnnr,
785 443 850 492 nn.
876 428 968 506 1233,
991 445 1053 494 nn
1080 429 1128 498 17.

322 637 356 680 ee
372 615 547 680 emonieuit
562 613 603 680 ed
618 613 705 679 diem
721 613 831 692 istum,
846 621 881 679 et
901 614 1001 680 hebet
1021 613 1109 682 diem
1130 637 1189 702 per
1203 619 1431 684 ossoniatorem

321 741 425 786 suum.
472 719 516 784 Et
530 718 641 784 Abbee
656 739 714 803 per
728 725 930 783 ettometum
951 741 1047 784 ouum
1066 720 1231 806 cognoscit
1253 721 1339 808 quod
1361 723 1432 808 ipse

322 823 516 889 Lembertus
531 830 623 887 tenet
637 822 678 888 de
693 822 763 908 ipso
779 821 1014 900 Bartholomeo,
1030 832 1065 888 et
1079 823 1152 890 ideo
1167 825 1208 890 ed
1229 825 1316 891 diem
1334 849 1432 891 suum

322 927 513 1014 procedatur
527 926 568 992 ed
583 926 740 992 iudicium
757 949 869 992 uersus
884 927 977 993 eum¹
989 951 1027 994 eo
1038 929 1125 1016 quod
1133 930 1291 996 iuratores
1302 931 1432 1018 acquie-

322 1040 394 1097 tnnt
410 1039 517 1097 totum
533 1039 757 1096 tenementum
773 1032 875 1118 ipsius
891 1033 1113 1098 Ber-tholomei
1127 1033 1168 1099 dc
1183 1044 1272 1101 secte
1285 1035 1350 1100 ille
1369 1034 1374 1122 Ι

251 1201 269 1225 ,Ι
386 1136 497 1202 Assise
512 1136 604 1202 uenit
625 1136 830 1222 recognitum
850 1137 878 1201 si
901 1137 1068 1204 Johennee
1089 1137 1130 1203 de
1153 1139 1316 1204 Bercuille
1337 1148 1433 1225 peter

321 1239 380 1304 Ele
396 1240 503 1305 uxoris
518 1241 540 1306 J
542 1239 678 1305 ohannis
693 1240 722 1304 le
739 1240 906 1326 Butyllere
922 1250 957 1305 et
977 1241 1148 1306 Metillidis
1168 1243 1277 1308 uxoris
1294 1243 1433 1308 Roberti

320 1343 361 1409 de
377 1345 557 1410 Hellebeck
572 1346 636 1410 fuit
651 1345 780 1410 seisitue
795 1347 829 1410 in
850 1346 1011 1411 dominico
1030 1369 1088 1411 suo
1109 1355 1147 1411 ut
1167 1346 1208 1412 de
1229 1347 1321 1412 feodo
1344 1347 1386 1412 de
1404 1347 1431 1432 j.

321 1449 401 1537 uirg.
418 1459 502 1515 terre
518 1472 592 1514 cum
607 1458 687 1536 pert.
704 1449 738 1514 in
755 1449 958 1514 Middletone
975 1449 1028 1515 die
1048 1458 1118 1528 etc,
1139 1459 1173 1515 et
1193 1451 1221 1516 si
1242 1460 1311 1528 etc,
1331 1473 1431 1536 quem

322 1563 441 1618 terrem
468 1553 625 1619 Ricardus
648 1553 689 1618 de
716 1552 848 1640 Wemge
876 1562 910 1618 et
934 1553 1005 1619 Eua
1030 1576 1110 1619 uxor
1135 1554 1204 1620 eius
1228 1563 1350 1635 tenent,
1373 1557 1432 1642 qui

322 1656 461 1721 ueniunt
481 1664 515 1722 et
535 1663 653 1722 nocent
673 1655 714 1720 ed
737 1664 917 1722 warantum
940 1656 1046 1722 Adam
1069 1656 1111 1722 de
1132 1657 1295 1723 Bereuille
1315 1666 1350 1723 et
1372 1659 1431 1744 qui

322 1761 369 1826 eis
383 1759 570 1826 warentizet
585 1768 620 1825 et
635 1758 734 1824 nichil
749 1759 829 1826 dicit
844 1783 944 1847 quere
959 1761 1059 1827 eesise
1073 1769 1249 1838 remaneat,
1265 1761 1328 1826 nisi
1342 1761 1430 1848 quod

321 1864 402 1930 dicit
427 1865 513 1952 quod
536 1865 702 1930 «Iohannes
727 1886 792 1928 non
822 1864 904 1929 obiit
930 1864 1006 1930 inde
1031 1865 1162 1930 seisitue
1186 1865 1264 1952 quie
1289 1867 1429 1952 quedem

321 1969 439 2034 mulier
463 1969 553 2034 illem
579 1977 658 2033 tunc
684 1968 793 2033 tenuit
819 1969 854 2032 in
880 1967 999 2034 dotem.
1045 1969 1136 2035 Dicit
1159 1969 1261 2035 eciem
1287 1969 1373 2056 quod
1395 1970 1431 2034 in

320 2075 437 2139 itinere
451 2073 587 2138 eliorum
603 2072 852 2138 iusticieriorum
868 2073 943 2138 finis
961 2075 1065 2139 factus
1080 2074 1144 2138 fuit
1158 2073 1199 2138 de
1214 2073 1328 2140 eedem
1343 2083 1432 2140 terre

320 2182 416 2246 simul
446 2203 521 2246 cum
550 2179 690 2266 quedem
720 2179 824 2244 altere
846 2186 933 2245 terre.
959 2201 1136 2266 perquem
1159 2179 1257 2245 finem
1280 2181 1430 2266 quietum

320 2285 475 2351 clamauit
505 2290 611 2348 totum
641 2283 708 2347 ius⁸
737 2305 841 2348 suum.
889 2283 932 2346 Et
962 2283 1129 2348 Johennes
1158 2291 1193 2348 et
1224 2283 1284 2348 Ele
1312 2283 1429 2348 etalii

320 2389 434 2456 dicunt
449 2388 535 2476 quod
549 2388 590 2454 de
606 2397 693 2452 terre
710 2387 767 2452 ille
787 2409 965 2473 numquam
986 2387 1061 2453 finis
1083 2388 1188 2452 fectus
1210 2387 1274 2452 suit
1296 2395 1330 2453 et
1352 2388 1429 2454 inde

320 2501 447 2581 ponunt
461 2515 495 2558 ee
516 2515 613 2579 super
631 2493 780 2570 iuratam,
796 2501 830 2556 et
852 2492 938 2578 quod
960 2491 1048 2556 idem
1070 2491 1238 2556 Johennee
1260 2513 1324 2556 non
1347 2491 1430 2556 obiit

320 2598 395 2664 iude
407 2597 543 2664 scisitun

385 2703 553 2768 Juretores
579 2700 693 2766 dicunt
716 2700 801 2788 quod
827 2699 967 2786 quedem
995 2699 1147 2764 Aeccline
1168 2720 1307 2764 nouerca
1327 2698 1430 2785 ipsius

320 2806 479 2874 Johennis
496 2804 604 2870 tenuit
624 2804 714 2868 illem
735 2804 815 2891 uirg.
833 2812 918 2868 terre
940 2803 974 2867 in
997 2803 1107 2868 dotem
1130 2823 1214 2866 enno
1235 2809 1270 2867 et
1289 2801 1343 2867 die
1365 2823 1429 2887 quo

320 2913 408 2978 idem
423 2910 588 2977 Johennee
603 2909 667 2974 fuit
681 2909 780 2974 uiuus
795 2918 829 2974 et
844 2917 992 2974 mortuus
1006 2908 1055 2972 ite
1073 2906 1161 2994 quod
1175 2929 1241 2972 non
1256 2906 1338 2972 obiit
1352 2905 1429 2972 inde

320 3015 458 3082 eeieitue
505 3014 548 3079 Et
568 3014 641 3079 ideo
661 3012 899 3078 consideratum
920 3021 970 3076 cet
989 3010 1077 3097 quod
1096 3009 1171 3076 Ado
1189 3009 1266 3076 inde
1283 3010 1351 3075 eine
1366 3009 1430 3088 die,

321 3131 355 3189 et
369 3121 392 3186 J
394 3121 536 3186 ohannes
551 3127 585 3184 et
600 3117 762 3183 Rubenius
776 3119 811 3182 in
827 3116 1050 3183 misericordie

265 3271 271 3282 .
387 3224 479 3289 Eudo
494 3223 534 3288 de
551 3222 751 3307 Kelethorpe
766 3221 887 3306 optulit
902 3241 936 3285 se
951 3219 1007 3306 iiij.
1024 3218 1077 3284 die
1089 3212 1201 3283 uersus
1212 3217 1350 3283 Aliciem
1366 3240 1429 3305 quc

321 3329 385 3392 fuit
399 3349 481 3392 uxor
495 3325 639 3411 Philippi
654 3324 694 3390 de
715 3323 835 3410 placito
856 3323 991 3389 manerii
1008 3321 1050 3387 de
1070 3321 1236 3406 Thoreeby
1256 3319 1341 3407 quod
1358 3320 1430 3407 ipse

321 3430 476 3496 clamauit
505 3431 539 3494 in
570 3429 680 3494 dotem
711 3451 823 3493 uersus
853 3449 937 3494 eum.
984 3427 1028 3492 Et
1053 3425 1161 3490 Alicio
1182 3447 1246 3490 non
1269 3425 1371 3504 uenit,
1394 3435 1429 3490 et

320 3535 400 3601 eliae
415 3543 495 3621 aput
511 3533 711 3599 Lincolniem
726 3532 892 3620 respondit
907 3533 938 3597 ei
953 3531 1040 3596 idem
1063 3529 1156 3595 Eudo
1177 3528 1263 3616 quod
1278 3529 1383 3594 noluit
1398 3530 1430 3594 ei

321 3638 513 3725 respondere
531 3637 600 3703 eine
621 3646 764 3703 wemnto
786 3659 845 3702 suo
862 3636 902 3702 de
923 3637 999 3702 dote
1020 3657 1080 3700 sue
1102 3643 1136 3700 et
1158 3635 1243 3699 dixit
1260 3634 1347 3720 quod
1366 3634 1430 3699 fuit

321 3743 529 3808 Normennue
544 3751 578 3806 et
593 3764 657 3806 non
678 3741 741 3806 fuit
761 3741 803 3807 ed
823 3740 921 3806 fidem
945 3739 1039 3806 Dom.
1058 3738 1159 3826 Regis
1181 3746 1239 3803 etc.
1286 3738 1330 3802 Et
1352 3737 1430 3824 quie

320 3848 407 3914 idem
423 3855 585 3913 werentus
599 3869 664 3912 non
679 3855 729 3912 eet
743 3847 785 3912 ed
805 3868 917 3933 pacem
939 3846 1032 3910 Dom.
1054 3845 1154 3932 Regis
1176 3866 1236 3909 neo
1256 3843 1298 3909 ed
1321 3843 1430 3920 fidem,

320 3951 393 4018 ideo
419 3951 656 4017 consideratum
687 3959 737 4016 est
766 3951 852 4037 quod
881 3951 912 4015 ei
942 3971 1006 4014 non
1035 3947 1277 4035 respondeatur,
1300 3955 1334 4012 et
1355 3947 1428 4012 ideo

322 4057 415 4123 Eudo
436 4055 506 4121 sine
530 4054 583 4120 die
606 4063 665 4120 etc.
690 4054 792 4120 donee
817 4053 904 4119 idem
928 4061 1091 4118 warentus
1114 4051 1228 4116 ueniet
1249 4049 1292 4114 nd
1315 4071 1426 4134 pacem

322 4162 416 4226 Dom.
431 4160 540 4247 Regis,
556 4169 590 4224 et
604 4158 706 4223 donec
721 4158 813 4222 Dom.
830 4157 901 4220 Rex
917 4155 1007 4220 eliud
1021 4154 1224 4242 preceperit³.

354 4379 365 4412 ²
381 4379 492 4441 Agninst
502 4379 547 4430 the
557 4379 650 4430 Abbot.
902 4376 957 4426 The
974 4374 1064 4425 widow
1080 4373 1133 4423 will
1149 4375 1197 4422 not
1213 4377 1256 4436 got
1277 4372 1323 4424 her
1345 4373 1428 4424 dower

356 4445 423 4494 ’ius
434 4443 618 4508 interlinedby
630 4446 778 4495 annotator.
901 4444 977 4492 donec
1001 4447 1082 4490 terroe
1099 4441 1200 4502 fuerim
1222 4453 1366 4501 commum,
1385 4439 1426 4489 ic.

356 4511 366 4542 ³
383 4511 503 4565 Brecton.
521 4511 539 4558 f.
558 4512 613 4568 298,
632 4510 694 4560 cites
712 4508 764 4559 thie
782 4523 847 4559 cese.
901 4507 970 4555 until
981 4521 1017 4554 we
1029 4509 1071 4566 get
1082 4504 1146 4552 beck
1158 4504 1318 4566 Noumendy.
