3260 5218
326 456 453 506 mitur
475 457 549 506 nnn
573 455 708 520 smnus,
732 455 795 506 nn.
821 443 914 518 1220,
937 457 999 508 nn.
1023 446 1053 508 4.
1198 448 1240 512 93

152 645 223 688 cum
238 622 371 688 omnibus
390 623 600 709 pertinenciis
614 623 821 690 libertatibus
840 631 875 689 et
887 624 1014 690 iuribus
1030 646 1093 710 que
1111 622 1154 690 ad
1169 645 1241 711 pre-

152 735 236 800 dicte
247 734 379 800 maneria
391 735 567 820 pertinent,
582 735 631 800 ita
645 735 731 821 quod
746 734 785 800 de
801 743 909 800 cetero
923 733 998 799 etc.¹
1014 733 1078 798 hiis
1093 735 1242 800 testibus.

213 835 253 900 Et
275 835 385 902 Comes
411 837 505 902 uenit
531 846 566 902 et
590 836 737 902 defendit
766 837 1002 902 concessionem
1032 845 1067 902 et
1096 839 1241 924 quietem

152 937 343 1004 clemenciam
357 939 398 1004 de
414 941 558 1006 manerio
575 941 617 1005 de
637 941 778 1006 Liutons
799 941 834 1006 in
854 940 989 1028 primic*
1003 949 1038 1006 et
1061 951 1183 1008 cartem
1208 952 1243 1008 et

152 1045 288 1132 sigillum,
308 1050 342 1109 et
370 1044 485 1108 stilum
515 1052 552 1109 et
579 1045 666 1130 quod
694 1045 822 1110 nullum
852 1046 1032 1132 ingressum
1062 1046 1163 1112 hebet
1185 1069 1244 1134 per

152 1157 261 1214 cartam
273 1147 360 1212 illam
375 1147 411 1212 in
431 1147 613 1212 manerium
633 1147 714 1212 illud
736 1170 796 1213 neo
818 1147 919 1213 alium
939 1148 1120 1235 ingressum
1144 1151 1243 1217 hebet

152 1251 182 1315 in
208 1249 342 1314 maneria
370 1249 436 1328 ille,
459 1251 554 1314 offert
574 1248 745 1315 defendere
774 1273 833 1337 per
861 1273 976 1336 corpus
1005 1274 1100 1317 suum
1130 1277 1243 1318 uersus

152 1356 247 1440 ipsum
261 1354 444 1419 Fellresium
458 1353 544 1418 sicut
564 1351 653 1418 curie
671 1353 923 1418 considerauerit
942 1362 977 1418 et
997 1355 1092 1420 offert
1112 1355 1242 1421 domino

153 1459 226 1545 Regi
247 1458 331 1524 mille
353 1479 479 1522 marces
498 1479 557 1543 pro
578 1455 727 1521 habenda
746 1457 947 1522 defensione⁸
961 1481 1020 1522 sua
1039 1481 1153 1524 uersus
1168 1482 1243 1525 eum

152 1583 202 1647 per
219 1583 327 1646 eorpus
346 1582 452 1636 suum,
468 1559 522 1624 uel
542 1557 585 1624 nd
603 1559 804 1645 probandum
820 1559 906 1646 quod
927 1559 986 1624 hoc
1001 1562 1152 1647 nequiter
1165 1563 1243 1628 fecit

153 1663 187 1727 sd
206 1663 305 1748 ipsum
324 1653 588 1727 exheredendum
604 1662 681 1726 etsi
700 1662 761 1727 hoo
781 1685 846 1727 non
866 1663 994 1740 sufficit,
1009 1664 1103 1729 offert
1124 1687 1242 1752 ponere

152 1790 180 1831 se
193 1788 282 1852 super
295 1773 397 1832 testes
417 1764 601 1830 nominatos
619 1765 655 1830 iu
675 1772 765 1830 certa
783 1788 858 1831 cum
880 1766 1038 1852 legalibus
1058 1766 1242 1834 hominibus

152 1869 186 1936 de
200 1871 329 1937 uisneto.

205 1973 295 2039 Idem
323 1973 406 2038 dicit
430 1972 476 2038 de
505 1972 657 2037 maneriis
685 1971 726 2036 de
757 1972 858 2049 Kent,
887 1971 1013 2038 adiecto
1042 1973 1112 2052 hoc,
1140 1973 1242 2061 ‘quod

151 2076 283 2142 defendit
316 2076 404 2162 quod
437 2097 605 2161 nunquam
635 2074 822 2161 homagium
848 2075 985 2161 recepit⁴
1013 2098 1073 2140 uec
1101 2077 1242 2164 eliquem

150 2177 305 2256 denarium
316 2201 377 2244 nec
388 2201 510 2264 equum
522 2186 557 2242 et
571 2177 657 2262 quod
671 2185 794 2242 certam
809 2175 840 2242 ei
854 2199 919 2242 non
934 2177 1011 2242 fecit
1025 2201 1085 2242 nec
1100 2179 1243 2265 sigillum

150 2307 234 2348 suurn
258 2291 318 2360 est,
341 2306 401 2348 nec
423 2304 482 2368 per
504 2289 626 2347 cartem
647 2281 737 2346 illem
759 2303 904 2366 unquam
925 2281 1041 2347 habuit
1063 2281 1243 2370 ingressum

151 2387 234 2451 offert
254 2387 452 2452 ditacionere
474 2384 560 2450 sicut
581 2385 671 2471 prius
694 2393 728 2450 et
751 2383 896 2450 defendit
918 2407 1030 2451 omnes
1054 2387 1164 2454 literas
1186 2409 1243 2478 pu·

152 2489 260 2554 tentes¹
274 2499 310 2554 et
323 2489 433 2576 sigilla
447 2496 507 2553 etc.
524 2495 558 2552 et
573 2487 681 2554 eodem
694 2486 789 2552 modo
804 2509 868 2573 quo
882 2496 993 2554 curtas

207 2593 248 2657 Et
267 2591 439 2657 Fnlkesius
458 2612 516 2677 per
530 2597 710 2656 attornntos
724 2611 798 2654 suos
812 2589 892 2654 dicit
907 2589 993 2676 quod
1009 2599 1114 2658 certes
1128 2593 1200 2659 illas
1214 2593 1245 2658 ei
1306 2659 1310 2668 ,

153 2696 226 2774 feeit,
247 2705 284 2760 et
307 2693 395 2780 quod
417 2693 562 2780 sigillum
585 2715 680 2757 suum
706 2701 756 2758 est
781 2699 816 2757 et
841 2693 927 2778 quod
955 2715 1014 2780 per
1041 2703 1146 2762 certes
1174 2695 1246 2762 illes

154 2797 257 2863 babuit
279 2797 462 2883 ingressum
481 2794 567 2859 sicut
585 2793 768 2880 predictum
789 2801 839 2858 est
860 2803 895 2859 et
917 2794 977 2860 hoc
996 2797 1090 2862 offert
1111 2797 1246 2883 probare

154 2923 251 2966 uersus
274 2921 352 2964 eum
375 2904 474 2984 prout
493 2897 582 2962 curia
601 2897 851 2965 considerauerit
870 2920 929 2983 per
947 2921 1061 2986 corpus
1079 2901 1246 2968 cuiusdam
1259 2915 1315 2955 Not·
1322 2915 1403 2980 wne,

155 3005 234 3070 liberi
246 3003 390 3070 hominis
404 3003 432 3068 si
447 3003 536 3067 curin
550 3001 809 3079 considerauerit‚
823 3001 877 3066 uel
892 3025 950 3088 per
969 3011 1070 3070 testes
1083 3004 1133 3070 ‘et
1153 3006 1248 3072 elios⁸
1258 2963 1409 3013 ‘mmm‘

154 3113 259 3200 legales
282 3111 430 3176 homines
452 3109 493 3175 de
522 3111 649 3176 uisneto
678 3119 712 3175 et
741 3133 800 3196 per
828 3111 1033 3178 collacionem
1054 3113 1248 3200 sigillorum⁷

156 3217 227 3282 sicut
241 3217 333 3283 curie
347 3213 606 3292 considereuerit‚
618 3222 652 3280 et
666 3214 844 3301 dicitquod
859 3215 1005 3302 Rogemus
1015 3217 1056 3282 de
1068 3219 1249 3286 Oliffordin⁸

156 3329 184 3386 et
196 3323 300 3408 plures
314 3320 372 3385 elii
387 3318 511 3384 hebent
525 3327 629 3384 cartae
643 3318 684 3383 de
699 3319 812 3384 eodem
827 3319 932 3406 sigillo
946 3321 1104 3409 sigrmtes⁹
1118 3331 1177 3388 etc.

98 3471 117 3494 ,,
211 3423 346 3489 ”Assios
365 3421 459 3486 uenit
479 3421 684 3507 recognitum
699 3421 773 3507 quis
792 3421 969 3488 aduocatus
992 3432 1136 3511 tempore
1159 3426 1247 3512 pacis
1287 3455 1382 3498 emen.

184 3614 232 3677 ¹3,
242 3615 264 3664 B
275 3614 334 3678 gire
344 3614 432 3664 clause
445 3613 474 3662 ol
483 3617 611 3677 wnrrsnty
619 3613 672 3664 sud
722 3615 752 3664 ol
762 3611 850 3663 seisin.

157 3693 234 3729 nunes
250 3681 280 3730 of
294 3681 437 3736 witnesses.
454 3677 507 3728 and
524 3678 579 3728 also
597 3677 672 3729 letter
754 3677 793 3710 Η
809 3680 910 3742 velper,
922 3681 952 3733 B.

158 3745 355 3808 ofnttcrneyfor
364 3743 614 3806 deliveryolscisin.
755 3743 890 3794 'ultonem
900 3749 1047 3809 sigillorum,
1060 3748 1090 3798 B.

184 3809 363 3874 ’nppnmny
380 3809 466 3872 primo
493 3807 588 3859 nureo
615 3807 673 3858 into
754 3808 1247 3880 ‘causeumnnmzmnofmm

156 3876 423 3990 pimisirae·
431 3937 454 3987 c
499 3936 623 3988 nusum
635 3937 669 3988 οι.
725 3874 1203 3994 ditii'ifimWilmriiiimdfrfi'iiw’
1221 3889 1246 3932 ⁶⁸

159 4003 202 4054 fus
216 4005 259 4056 the
275 4003 341 4067 king
357 4018 373 4054 n
390 3975 521 4052 thousand
537 4003 625 4052 merke
642 4003 671 4069 (1)
754 4003 808 4052 'et
828 4006 853 4054 n·
868 4020 929 4082 opus
940 4009 1024 4070 suerit
1036 3981 1108 4072 p'etif
1120 3983 1247 4061 altilium

159 4067 539 4144 lorssncrighttoflghtl‘nwkcs.
562 4067 673 4118 Observe
722 4069 800 4143 cutte
812 4073 842 4117 ut
863 4072 914 4133 tpct
932 4081 1138 4150 annumeraretur,
1154 4076 1177 4124 B
1194 4077 1247 4126 end

157 4133 673 4264 tnmtesstttttttttt
721 4133 1246 4265 ffldbldd⁰lftfll⁰dinll

161 4263 254 4315 tonius
263 4280 294 4316 us
304 4265 334 4314 in
345 4277 363 4314 s
372 4266 432 4313 unt
443 4261 472 4312 of
485 4261 564 4324 right.
722 4263 829 4315 modern
843 4263 916 4314 hand
931 4265 981 4316 hss
996 4267 1107 4328 written,
1118 4271 1151 4320 In
1166 4273 1247 4323 Mict.

186 4329 221 4361 Η
234 4331 299 4392 quod
319 4343 452 4392 nunquam
472 4329 564 4404 recepit
588 4329 619 4379 de
643 4343 671 4380 co
722 4338 747 4379 u·
758 4329 819 4396 iiij*
830 4331 922 4380 Rutulo
933 4333 964 4380 ‘u
975 4335 1118 4384 corworduti
1129 4343 1195 4387 cunt.

163 4395 366 4510 ccojfflrlcffi
377 4393 409 4509 oAt
416 4391 671 4523 {ltlffixtossivm
753 4394 775 4428 ¹⁰
791 4397 822 4448 A.
834 4409 869 4447 m.
884 4397 914 4446 15
926 4395 962 4458 d;
979 4397 1011 4446 Β.
1022 4411 1056 4450 m.
1073 4399 1102 4448 11
1110 4399 1136 4449 d.
