3196 5226
315 421 377 490 176
625 439 766 500 ιιιιιιιι,
788 439 851 488 nn.
878 425 971 498 1224,
994 439 1056 487 ιιι
1081 427 1110 487 8.

312 605 399 692 quod
417 605 564 672 Andreas
583 608 719 674 retraxit
738 629 772 672 se
795 629 901 674 coram
923 608 978 685 eis,
994 615 1029 672 et
1050 607 1159 693 posuit
1181 629 1215 672 se
1237 607 1272 671 in
1294 607 1421 672 miseri-

313 711 453 776 cordiam
476 720 510 776 et
533 711 619 798 quod
645 712 904 776 amerciauerunt
926 733 1001 776 eum
1025 710 1189 776 adunam
1213 733 1362 790 maroam,
1383 721 1424 776 et

312 816 492 880 Jordanum
516 815 556 880 de
582 816 767 901 Treuergau
788 815 933 900 plegium
953 836 1049 878 suum
1071 814 1112 878 de
1134 814 1353 900 prosequendo
1375 813 1424 878 ad

313 941 412 982 unam
427 941 576 994 maroam,
592 925 626 982 et
641 917 821 982 Robertum
837 919 867 982 le
883 917 1024 982 Butiller
1042 917 1188 1004 plegium
1210 917 1355 982 eiusdem
1375 916 1421 982 ad

312 1043 413 1085 unam
428 1044 576 1086 marcam

239 1129 261 1189 '.
378 1123 428 1188 De
454 1124 571 1188 itinere
595 1123 726 1188 Radulfi
751 1124 886 1210 Hareng
909 1132 943 1188 et
968 1124 1118 1189 Fulconis
1141 1125 1201 1188 filii
1225 1124 1355 1189 Ricardi
1374 1124 1420 1190 ad

213 1235 259 1264 ¹⁰¹²
312 1227 443 1292 assisam
470 1250 553 1292 noue
579 1227 745 1292 disseisine
769 1227 965 1312 capiendam.
1016 1227 1067 1292 De
1092 1227 1223 1291 Simone
1248 1226 1420 1290 Munckin'

311 1351 369 1414 pro
397 1329 566 1394 disseisina
594 1352 692 1414 quem
719 1329 796 1394 fecit
826 1330 989 1394 Willelmo
1019 1330 1085 1393 filio
1108 1329 1231 1415 Pagani
1252 1328 1293 1392 de
1315 1329 1420 1393 libero

312 1439 499 1495 tenemento
518 1453 576 1496 suo
597 1431 631 1495 in
653 1431 963 1518 Ohepingnorthona
977 1431 1052 1496 dim.
1068 1455 1162 1496 maro.
1179 1454 1236 1518 per
1250 1431 1418 1518 pleuinam

312 1534 452 1599 Gilberti
474 1534 684 1600 Makeblithe.
729 1535 780 1600 De
803 1535 945 1600 Henrioo
967 1535 1094 1600 Medico
1119 1558 1178 1620 pro
1200 1537 1312 1600 eodem
1338 1535 1416 1600 dim

311 1661 405 1703 maro.
420 1661 479 1724 per
492 1638 658 1724 pleuinam
673 1639 803 1703 Ricardi
819 1638 936 1704 Clerici
951 1648 985 1704 et
1001 1639 1169 1703 Eustachii
1184 1639 1224 1704 de
1237 1639 1416 1704 Northona

310 1741 362 1806 De
389 1742 534 1808 Gilberto
559 1742 762 1806 Makeblithe
784 1763 841 1827 pro
864 1741 976 1806 eodem
1001 1742 1024 1826 j.
1048 1765 1142 1806 marc.
1166 1764 1224 1826 per
1245 1742 1415 1827 pleuinam

312 1846 452 1912 Simonis
464 1847 631 1911 Munekin'
643 1855 678 1912 et
693 1846 823 1911 Ricardi
835 1847 965 1912 Briton'.
1004 1847 1054 1910 De
1067 1846 1209 1910 Roberto
1222 1847 1418 1911 Muriweder

311 1971 368 2034 pro
388 1950 501 2014 eodem
522 1973 571 2014 xx.
589 1950 642 2014 sol.
664 1972 722 2036 per
741 1949 906 2035 pleuinam
921 1949 1057 2014 Roberti
1078 1949 1118 2014 de
1141 1950 1319 2016 Northona
1364 1951 1417 2016 De

311 2051 461 2117 Johanne
476 2053 596 2140 Magno
611 2075 667 2138 pro
683 2052 796 2116 eodem
816 2051 890 2116 dim.
907 2074 1001 2116 marc.
1018 2074 1076 2137 per
1095 2052 1260 2138 pleuinam
1283 2053 1417 2118 Ricardi

312 2154 371 2220 lilii
385 2155 484 2219 Alani
498 2164 533 2220 et
548 2154 678 2219 Ricardi
693 2155 722 2218 le
738 2155 877 2218 Paumer
892 2162 926 2218 et
941 2154 1098 2220 Willelmi
1112 2155 1172 2219 filii
1186 2155 1291 2220 Alani.

255 2297 262 2312 ·
376 2259 487 2344 Agnes
517 2280 579 2344 que
603 2258 667 2321 fuit
688 2279 769 2322 uxor
790 2257 947 2320 Willelmi
970 2257 1087 2322 Clerici
1109 2281 1171 2343 que
1194 2259 1280 2344 petit
1301 2281 1416 2325 uersus

215 2355 244 2385 ¹¹¹²
312 2361 462 2447 Werreys
483 2361 694 2426 Foristsrium
716 2361 849 2426 terciam
871 2369 997 2447 partem
1016 2362 1039 2446 j.
1060 2363 1218 2448 mesuagii
1237 2385 1311 2427 oum
1333 2373 1415 2448 pert.

312 2467 346 2531 in
363 2466 607 2531 Walmesfordia
626 2475 665 2530 ut
684 2467 793 2531 dotem
814 2475 874 2532 etc.
890 2467 983 2531 uenit
998 2475 1033 2532 et
1048 2467 1173 2532 remisit
1188 2467 1219 2532 ei
1233 2475 1342 2532 totum
1356 2490 1415 2554 pro

312 2570 368 2654 iiij.
384 2571 438 2635 sol.
455 2593 535 2656 quos
549 2571 580 2636 ei
594 2571 685 2636 dedit
700 2579 758 2635 etc.

256 2715 263 2730 ·
378 2675 457 2739 Dies
472 2675 568 2739 datus
583 2683 633 2739 est
648 2675 785 2740 Ricardo
800 2675 840 2740 de
856 2675 993 2760 Torpoll’
1009 2675 1137 2760 petenti
1156 2683 1190 2738 et
1211 2675 1352 2741 Henrioo
1372 2676 1414 2741 de

254 2777 272 2808 ¹·
313 2777 472 2844 Coleuilla
482 2777 523 2844 de
539 2778 580 2864 pl'
592 2778 712 2844 seruit'¹
727 2801 747 2843 a
761 2777 814 2844 die
830 2779 950 2843 Pasche
966 2781 1001 2843 in
1016 2803 1064 2843 xv.
1076 2779 1145 2845 dies
1160 2802 1253 2866 prece
1268 2781 1414 2866 parcium

312 2887 372 2944 etc.

256 3037 262 3049 .
377 2981 537 3046 Ranulfus
552 2981 643 3046 Picot
658 2981 731 3046 dat¹

376 3085 466 3149 Prior
478 3086 518 3150 de
530 3085 785 3150 Bradenestolre⁸
796 3087 1011 3152 summonitus
1023 3087 1140 3152 suited
1154 3088 1412 3174 respondendum

253 3210 260 3224 ·
312 3187 474 3253 Willelmo
494 3189 534 3254 de
555 3189 757 3276 Rughedona
776 3199 811 3255 et
829 3191 980 3255 «iohanne
1001 3191 1093 3255 uxori
1108 3192 1178 3256 eius
1193 3215 1257 3278 quo
1272 3201 1414 3258 waranto

311 3293 379 3378 ipse
401 3293 534 3358 intrusit
554 3316 587 3358 se
608 3294 642 3359 in
661 3317 763 3358 unum
779 3296 958 3382 mesagium
974 3319 1047 3360 cum
1063 3305 1142 3382 pert.
1159 3297 1194 3361 in
1210 3297 1414 3384 Ohippeham

311 3395 396 3480 quod
411 3405 461 3460 est
476 3396 516 3460 de
531 3395 623 3460 feodo
637 3396 854 3482 predictorum
871 3399 1027 3463 Willelmi
1046 3409 1080 3463 et
1099 3399 1122 3464 J
1124 3399 1250 3465 ohanne
1270 3411 1305 3465 et
1327 3401 1414 3487 quod

310 3497 372 3583 ipsi
402 3506 553 3584 ceperant
582 3499 617 3563 in
647 3522 779 3564 manum
807 3523 898 3564 suam
923 3501 1024 3566 donec
1046 3509 1153 3566 rectus
1175 3503 1267 3568 heres
1289 3503 1330 3568 ad
1359 3527 1414 3569 eos

311 3599 439 3665 ueniret
453 3599 494 3664 ed
510 3599 692 3664 faciendum
707 3600 754 3665 eis
769 3601 855 3686 quod
870 3601 945 3666 inde
962 3602 1066 3668 lacere
1081 3602 1214 3668 deberet
1229 3612 1268 3668 ut
1283 3605 1402 3669 dicunt

376 3705 419 3769 Et
434 3705 525 3768 Prior
539 3705 631 3768 uenit
646 3715 680 3769 et
695 3705 840 3770 defendit
856 3706 924 3770 nim
940 3714 974 3770 et
989 3707 1140 3770 iniuriam
1155 3715 1190 3771 et
1200 3707 1413 3773 intrusionem

310 3815 361 3872 set
380 3829 495 3872 uerum
517 3807 590 3871 uult
607 3807 721 3873 dicere.
766 3807 907 3888 Quidem
923 3809 1106 3874 Willelmus
1122 3810 1307 3876 Caretarius
1321 3811 1414 3876 dedit

311 3911 357 3975 eis
382 3919 417 3976 et
439 3911 549 3976 domui
570 3911 619 3976 se‘
641 3912 723 3977 illud
752 3913 931 3998 mesagium
953 3913 988 3977 in
1009 3936 1124 4000 puram
1147 3914 1355 3978 elemosinam
1377 3923 1414 3980 et

311 4013 387 4078 inde
417 4015 538 4098 profert
566 4022 688 4078 cartam
718 4015 863 4079 eiusdem
893 4015 1050 4080 Willelmi
1079 4039 1141 4102 que
1171 4016 1293 4080 donum
1330 4017 1412 4082 illud

313 4123 461 4192 testatur,
482 4123 516 4179 et
538 4115 617 4179 dicit
640 4117 726 4202 quod
747 4139 805 4202 per
826 4125 947 4182 cartam
971 4117 1059 4182 illam
1082 4118 1145 4183 fuit
1167 4117 1202 4183 in
1224 4118 1342 4184 saisina
1363 4142 1412 4184 xv.

312 4217 404 4281 annis
419 4216 542 4302 elapsis

344 4389 462 4502 miscite·
473 4391 583 4439 seruitii.
616 4429 618 4434 ,
918 4391 929 4424 ³
945 4391 1057 4469 Monast.
1070 4391 1119 4440 vol.
1132 4392 1156 4441 6.
1168 4406 1193 4470 p.
1206 4393 1261 4442 337.

393 4468 431 4503 wo
443 4455 509 4503 hnes
519 4455 566 4504 lelt
576 4455 664 4506 blank.
918 4457 928 4489 ⁴
945 4459 1015 4509 Gorr.
1029 4473 1053 4506 ει
1065 4465 1089 4506 et
1101 4459 1184 4506 domus
1195 4473 1246 4508 sue.
