3196 5226
460 452 600 515 mmm,
623 453 687 502 nn.
713 439 806 512 1224,
828 451 891 503 in.
914 441 943 502 8.
1189 437 1250 504 175

147 625 288 692 Simonis
303 627 480 713 patrissui
502 649 560 712 per
581 626 680 691 breue
702 623 825 690 domini
847 625 947 711 Regis
969 633 1004 690 et
1025 647 1089 689 non
1113 623 1254 690 Simonis

147 729 255 794 finiris
268 729 321 794 sni
335 729 472 795 elidem
488 728 600 794 Simon
614 735 708 814 peter
722 727 803 792 obiit
818 728 896 792 dum
912 728 983 813 ipse
997 727 1138 792 Isebelle
1152 727 1254 791 iacuit

147 831 183 896 in
197 832 354 918 languore
369 854 429 897 suo
449 839 484 896 et
504 853 562 917 pro
577 839 680 895 merle
700 829 771 895 eius
786 830 960 895 noluerunt
981 830 1121 916 emplius
1142 837 1253 894 tenere

147 934 309 1020 loquelam
324 934 380 999 uel
394 933 553 998 iudicium
568 933 671 997 fecere
686 941 736 997 set
751 932 778 996 si
793 931 872 1018 quid
887 931 963 996 inde
978 933 1100 997 lectum
1115 933 1178 997 fuit
1193 932 1253 996 hoc

147 1036 214 1100 fuit
234 1057 293 1122 per
314 1035 541 1102 nicecomitem
564 1044 598 1099 et
620 1057 679 1120 per
699 1035 860 1120 predictos
882 1035 1053 1100 Metheum
1074 1043 1108 1100 et
1129 1035 1252 1100 Willel-

146 1161 241 1204 mum
255 1147 291 1204 et
305 1137 462 1225 qnosdnm
477 1137 556 1202 elios
571 1146 605 1202 et
619 1137 679 1202 hoc
694 1138 834 1202 offerunt
848 1138 982 1223 proboso
997 1145 1057 1204 etc.

216 1243 261 1308 Et
281 1244 360 1330 quie
376 1242 439 1329 ipsi
461 1242 582 1307 milites
602 1242 642 1306 de
657 1241 814 1306 comitatu
829 1241 1031 1306 deaduoccnt
1045 1241 1202 1306 iudicium
1217 1249 1252 1306 et

147 1345 303 1410 seisincm
325 1345 445 1410 factem
467 1344 573 1410 eidem
596 1343 728 1419 Simoni,
744 1343 992 1410 Consideretum
1012 1351 1063 1408 est
1082 1343 1168 1430 quod
1182 1344 1253 1430 ipse

147 1446 273 1512 hnbeet
287 1446 439 1512 seisinam
454 1469 545 1511 suem
560 1455 620 1512 elo.

218 1549 263 1614 Ec
277 1549 356 1634 quie
368 1549 440 1634 ipse
454 1549 535 1614 dicit
549 1548 634 1634 quod
650 1547 750 1613 hebet
764 1548 805 1612 de
820 1547 961 1634 dampno
975 1571 1033 1634 per
1052 1548 1251 1614 disseisinem

148 1651 242 1718 illnm
258 1653 301 1718 ed
315 1653 379 1718 uel'
393 1653 496 1717 nescit
510 1651 689 1717 certificem
709 1651 813 1717 iustic'
833 1651 874 1718 de
897 1653 1005 1718 ualere
1028 1661 1087 1719 ete.
1102 1653 1144 1718 ed
1165 1653 1252 1718 diem

147 1757 245 1822 illum
261 1757 381 1822 habeat
395 1757 471 1822 inde
484 1756 641 1822 iudicium
655 1777 751 1821 snum
766 1764 801 1821 et
814 1756 946 1821 interim
961 1779 995 1822 se
1009 1757 1172 1824 certificet.

216 1861 405 1926 'Hubertus
424 1861 465 1926 de
485 1861 594 1948 Burgo
615 1859 811 1926 iusticinrins
832 1860 950 1948 Anglie
973 1883 1032 1947 per
1051 1869 1251 1926 alternatum
1337 1893 1369 1923 ne

148 1987 249 2030 snum
272 1966 358 2051 petil
377 1987 489 2030 uersus
508 1965 532 2030 J
533 1965 692 2030 ohannem
708 1964 748 2029 de
764 1963 992 2030 Steinweulh’⁸
1007 1965 1047 2030 lx.
1063 1987 1152 2030 ecies
1167 1973 1251 2030 terre

149 2079 185 2135 et
202 2071 229 2156 j.
244 2069 466 2134 molendinum
482 2091 556 2133 cnm
571 2067 779 2153 pertinenciis
793 2067 828 2132 in
847 2068 1005 2154 Segebroe
1024 2076 1063 2132 ut
1084 2068 1136 2132 ius
1157 2089 1252 2132 suum

149 2173 240 2239 unde
261 2171 412 2237 dominus
434 2171 595 2237 Hemicus
612 2171 683 2236 Rex
698 2193 780 2236 auus
795 2172 917 2236 domini
932 2173 1031 2259 Regis
1046 2172 1110 2237 filit
1124 2171 1252 2236 eeisitus

149 2283 212 2340 etc
228 2272 366 2338 elidem
381 2272 530 2337 dominns
545 2272 615 2337 Rex
630 2271 722 2337 dedit
737 2271 768 2338 ei
782 2273 961 2338 manerium
976 2273 1058 2339 illud
1077 2274 1162 2339 sicut
1183 2275 1252 2360 ipse

149 2377 234 2444 illud
249 2377 359 2442 tenuit
373 2398 448 2441 cum
462 2384 533 2440 toto
547 2375 617 2440 iure
632 2375 717 2462 quod
737 2375 853 2441 hebuit
867 2377 902 2441 in
916 2377 1059 2442 manerio
1073 2377 1129 2442 illo
1143 2385 1178 2442 el
1192 2377 1252 2442 hnc

148 2481 280 2549 racione
294 2481 413 2546 clamet
429 2489 548 2545 terrem
562 2480 659 2545 illem

218 2583 262 2648 Et
284 2583 307 2648 J
308 2582 450 2646 ohannes
472 2581 565 2646 uenit
587 2589 621 2646 el
641 2581 787 2646 defendit
802 2582 853 2646 ius
867 2605 962 2648 suum
977 2591 1012 2649 et
1026 2584 1176 2650 seisinem
1191 2593 1250 2650 ete

149 2694 185 2752 el
199 2684 295 2772 ponit
309 2707 345 2749 se
359 2683 394 2748 in
408 2705 561 2770 magnam
576 2683 707 2748 essieem
721 2683 844 2749 domini
863 2685 962 2772 Regis
982 2695 1017 2752 et
1037 2688 1123 2773 petil
1144 2711 1251 2777 recog-

148 2790 314 2856 nicionem
335 2788 406 2854 fieri
428 2795 540 2852 utrum
561 2787 630 2874 ipse
651 2789 755 2854 maius
775 2789 827 2854 ius
842 2789 961 2855 hebeat
975 2791 1010 2855 in
1024 2799 1111 2856 terre
1125 2792 1182 2858 ille
1194 2793 1253 2858 ‘en

148 2892 318 2980 predictus
333 2891 505 2956 Hubertus
519 2899 558 2956 ut
573 2913 612 2956 ex
627 2891 711 2957 dono
726 2891 863 2978 predicti
877 2893 976 2980 Regis
991 2892 1066 2959 e'oo.⁴
1085 2894 1089 2979 Ι

147 3245 361 3312 ‘PLAOITA
396 3243 522 3310 APUD
559 3243 1020 3314 WESTMONASTERIUM
1055 3247 1116 3313 ΒΕ
1150 3249 1251 3314 TER·

238 3349 360 3415 MINO
383 3349 414 3414 S.
436 3349 645 3414 HILLARII
666 3349 798 3416 ANNO
821 3351 964 3417 REGNI
986 3352 1120 3420 REGIS
1139 3353 1252 3419 HEN·

237 3453 336 3520 RIOI
359 3451 469 3518 FILII
491 3452 726 3519 JOHANNIS
748 3455 864 3520 VIIJ0.

90 3743 97 3755 ,
216 3673 310 3738 Prior
330 3672 371 3737 de
400 3671 566 3750 Bodmine,
589 3673 771 3746 Herbertns
800 3675 840 3741 de
870 3677 958 3756 Pin0,
981 3679 1142 3746 Robertus
1167 3683 1254 3748 filius
1327 3705 1367 3735 mu

148 3775 310 3842 Willelmi
331 3783 366 3840 et
387 3775 548 3840 Henricns
567 3776 653 3842 filius
673 3777 830 3844 Willelmi
849 3779 1017 3846 iusticierii
1036 3785 1192 3850 attornati
1211 3785 1253 3852 ad

147 3880 284 3945 assisam
295 3899 379 3942 noue
391 3877 557 3942 diseeisine
568 3877 766 3964 capiendam,
775 3901 872 3966 quem
884 3881 1030 3948 Andreas
1042 3883 1083 3948 de
1095 3885 1253 3952 Bodmine

148 3981 286 4046 clericus
307 3979 480 4044 eremieuit
500 4001 613 4044 uersus
632 3979 817 4045 Johennem
838 3981 942 4048 filium
962 3984 1092 4050 Ranulfi
1107 3986 1147 4052 de
1163 3995 1253 4054 tene-

147 4091 263 4150 mento
285 4083 321 4148 in
344 4081 501 4148 Bodmine
523 4083 762 4150 mandauerunt
783 4107 841 4172 per
863 4086 987 4154 lilleres
1008 4112 1082 4155 sues
1104 4100 1255 4178 petentes

180 4256 192 4289 ¹
210 4257 358 4318 certificare,
375 4256 405 4314 Β,
421 4256 450 4305 in
461 4255 546 4306 which
563 4255 608 4307 the
624 4271 678 4320 pre·
761 4259 815 4296 ⁴-⁴
830 4275 865 4309 an
876 4262 987 4312 domim
998 4265 1157 4314 luticios-lm
1172 4267 1200 4314 ln
1211 4267 1253 4315 do·

146 4320 520 4385 oedingvordsnreillegible.
729 4326 1008 4390 minicosicotclamat,
1021 4328 1051 4379 B.

179 4387 191 4419 ¹
210 4385 241 4435 B.
253 4401 290 4435 m.
303 4387 334 4436 10
344 4386 370 4438 d.
762 4390 772 4421 ⁶
788 4389 894 4454 Gopyisl
904 4391 952 4441 No.
967 4393 1083 4456 2begine
1094 4393 1161 4444 here.

182 4451 194 4485 ⁸
210 4451 374 4508 Stolonem,
386 4451 415 4502 B.
