3260 5218
457 451 610 512 rnuurr,
633 451 697 500 nn.
727 438 819 512 1218,
843 451 905 500 nn.
929 439 958 502 2.
1242 437 1262 502 3

143 641 249 704 pacem
281 618 428 683 sactnm¹
459 619 539 684 fecit
561 620 629 705 ipse
651 620 823 684 conuenire
846 619 967 684 curiam
990 643 1082 685 suem
1105 629 1140 686 et
1162 621 1262 707 peciit

142 722 442 790 consideracionem
461 725 639 811 [quomodo]
655 725 770 790 debuit
784 725 958 790 seruicium
974 749 1069 790 suum
1085 727 1213 803 habere,
1228 735 1263 792 et

142 827 227 890 curin
240 828 475 894 eonsiderauit
490 829 576 915 quod
591 837 720 915 caperet
736 829 865 894 feodum
880 830 914 894 in
930 831 1075 896 numium
1096 853 1262 917 quousque

141 928 170 994 ei
185 930 309 996 fuceret
325 933 509 998 seruioium
525 955 620 997 suum
635 934 679 1016 [et
693 933 754 1016 ita]
776 955 834 1018 per
852 933 1009 998 iudicium
1029 934 1119 1020 oepit
1142 943 1261 998 terrem

141 1036 173 1098 in
194 1059 336 1100 manum
361 1059 404 1102 eo
426 1037 514 1122 quod
543 1037 633 1100 nulle
654 1037 782 1102 inuenit
805 1037 923 1102 catalla
944 1039 978 1102 in
1004 1039 1097 1103 feodo
1119 1062 1177 1125 per
1198 1063 1261 1125 que

140 1137 338 1226 distringere
369 1148 481 1224 posset
509 1139 592 1222 [cum
616 1140 661 1204 ad
678 1139 883 1226 faciendum]
908 1141 1081 1205 seruicium
1107 1164 1202 1206 suum
1227 1151 1261 1206 et

140 1251 251 1326 postea
265 1265 408 1329 semper
421 1243 543 1328 optulit
558 1243 589 1306 ei
604 1251 722 1308 terrem
737 1266 829 1308 suem
845 1244 963 1330 persio
983 1245 1069 1330 quod
1089 1246 1209 1309 feceret
1229 1245 1260 1310 ei

139 1345 317 1410 seminium
334 1354 374 1410 et
388 1346 497 1410 adhuc
514 1345 639 1430 [offert]

205 1448 265 1530 [Et
287 1448 437 1514 Jacobnc
457 1448 601 1534 defendit
622 1448 705 1532 quod
731 1449 910 1534 nunqnam]
939 1451 1050 1514 suerin
1070 1473 1130 1515 sue
1162 1459 1261 1537 capta

141 1549 273 1614 fixerunt
290 1573 354 1635 pro
371 1550 501 1614 defectu
516 1549 645 1614 seruicii
659 1559 693 1614 et
712 1571 877 1635 nunquam
901 1574 942 1615 es
961 1551 1155 1638 replegieuit
1175 1553 1260 1616 sicut

140 1654 200 1737 ipsi
215 1654 341 1718 dicunt
357 1663 393 1718 et
408 1703 647 1718 ...........
662 1653 946 1718 considerauerunt
960 1663 1022 1720 etc.
1034 1663 1070 1720 et
1080 1655 1155 1720 inde
1167 1656 1259 1741 ponit

142 1781 174 1822 se
189 1781 292 1844 suuper
307 1758 453 1822 iuratam
469 1758 584 1842 patrie.

206 1862 269 1945 [Et
291 1861 440 1947 predicti
468 1862 580 1926 dicunt
607 1861 691 1946 quod
720 1862 929 1947 occidesne]
953 1863 1149 1950 replegieuit
1174 1863 1259 1928 sicut

144 1965 334 2048 predictum
364 1973 414 2032 est
444 1975 479 2029 et
501 1965 588 2028 diem
610 1965 733 2050 recepit
755 1966 839 2030 sicut
862 1966 1044 2052 predictum
1067 1975 1117 2031 est
1139 1975 1173 2030 et
1199 1967 1259 2030 hoc

144 2067 305 2132 od'emnt'
321 2089 510 2153 percorpus
525 2066 693 2131 cniusdam
709 2067 803 2132 liberi
818 2068 957 2132 hominis
972 2068 1029 2154 qui
1043 2077 1094 2132 est
1108 2089 1168 2152 per
1181 2091 1259 2132 suus

146 2170 186 2234 de
211 2173 332 2237 eodem
358 2172 451 2236 feodo
477 2171 600 2236 scilicet
625 2193 683 2256 per
706 2173 907 2236 Rnnnulfum
934 2173 1025 2236 Picot
1047 2172 1258 2257 campionem.

148 2275 345 2342 concordati
358 2287 436 2343 sunt
451 2301 510 2364 per
525 2279 691 2343 licenciam
712 2280 977 2363 [carcerariorum
995 2287 1025 2344 et
1043 2277 1183 2344 Jacobuo
1202 2279 1259 2344 dat

149 2381 326 2448 dicordiam
339 2407 486 2449 marcam
496 2407 559 2469 pro
575 2384 709 2450 licencia
722 2382 973 2467 wiwordandit]

84 2529 89 2538 ·
212 2487 412 2569 [Wiltelmco
425 2487 546 2570 Oomec]
560 2486 659 2552 δαῖτ’*
674 2495 708 2551 et
724 2487 784 2550 Ele
799 2488 897 2570 [ucor
910 2487 978 2551 cius
991 2509 1050 2572 per
1060 2495 1255 2554 anternacum
1268 2502 1355 2555 [coe]

149 2609 239 2654 nrum
253 2591 380 2676 pdoot]
395 2613 509 2655 uersus
524 2591 690 2675 Pegannm
705 2589 746 2654 de
762 2589 1041 2655 Chowrtesteford'
1052 2591 1087 2654 in
1098 2581 1275 2655 comitum
1276 2607 1341 2620 ·····
1344 2579 1350 2628 ¹

151 2693 353 2759 Glouoestrie
368 2694 548 2758 manerium
563 2695 603 2758 de
619 2745 949 2759 ...............
967 2703 1005 2758 ut
1020 2695 1071 2758 ius
1085 2693 1186 2780 ipsius
1198 2693 1257 2758 Ele

151 2805 184 2859 et
209 2806 249 2860 ut
274 2797 333 2860 ills
358 2819 422 2882 que
448 2795 606 2861 Patricius
636 2797 676 2861 de
707 2797 874 2863 Chewrtes
902 2807 1084 2862 antecessor
1112 2797 1257 2862 eiusdem

152 2897 274 2986 Pngnui
286 2898 377 2963 dedit
392 2949 584 2966 .........
602 2899 889 2986 [inmcmtnyicm]
902 2951 1046 2966 .......
1065 2901 1181 2966 sibilla
1190 2899 1259 2964 filie

153 3021 209 3064 sus
227 2999 285 3086 qni
304 2999 380 3064 inde
401 3001 533 3064 fuerunt
555 3000 658 3064 scisiti
680 3007 825 3086 tempore
844 2999 887 3063 fil'
903 3000 944 3064 H.
961 2999 1005 3063 fil’
1025 2999 1258 3086 conquestoris⁵

154 3112 189 3167 ut
203 3103 244 3169 de
259 3153 616 3169 ................
633 3103 748 3168 Sibille
764 3111 798 3168 et
814 3103 854 3168 de
869 3103 940 3189 ipse
956 3103 1072 3168 Sibilla
1091 3103 1258 3168 descendit

155 3205 202 3270 ins
227 3205 444 3270 maneriorum
469 3205 687 3290 predictorum
710 3205 850 3270 Patricio
874 3205 940 3270 filio
965 3227 1024 3270 suo
1053 3213 1088 3270 et
1117 3206 1157 3270 de
1187 3207 1257 3291 ipso

156 3307 292 3376 Patricio
307 3357 499 3374 .........
515 3308 623 3392 [patri
645 3308 762 3394 ipsios]
788 3308 846 3372 Ele
871 3315 905 3372 et
931 3308 971 3372 de
996 3308 1066 3393 ipso
1092 3308 1257 3373 Willelmo

156 3414 295 3497 predicte
312 3411 370 3476 Ele
385 3419 444 3476 etc.

215 3517 274 3600 [Et
288 3515 445 3600 Pogonus
459 3513 589 3580 ueniret
603 3513 745 3599 defendit
758 3513 811 3579 inc
825 3513 932 3597 eccm]
948 3522 1007 3578 etc
1024 3523 1059 3578 et
1074 3513 1153 3580 dicit
1171 3514 1257 3600 quod

158 3641 216 3684 non
229 3619 364 3684 uidetur
377 3617 409 3682 ei
423 3617 510 3704 quod
522 3617 641 3682 debeat
655 3617 698 3682 ad
716 3618 776 3682 hoc
795 3617 894 3682 breue
915 3618 1105 3703 respondere
1126 3619 1203 3704 quie
1222 3619 1257 3682 in

158 3723 244 3790 breui
253 3725 296 3790 de
308 3723 392 3810 placi
403 3773 665 3788 ............
679 3721 777 3806 [quod
789 3720 897 3786 Oomec
908 3729 937 3786 et
948 3721 1106 3787 cocceius
1117 3721 1258 3788 clamant

187 3935 196 3967 ¹
209 3950 263 3988 sn.
275 3937 350 3989 1217.
727 3937 801 3986 ment
814 3934 860 3984 the
870 3933 928 3984 lord
939 3933 1021 3984 scices
1035 3933 1081 3984 the
1095 3933 1159 3984 lond
1173 3933 1256 3994 itsclt;

186 4000 196 4032 ¹
211 4001 310 4065 supply
316 4003 434 4064 protare.
728 3999 780 4050 and
790 3999 844 4048 this
856 4014 938 4048 seems
950 4003 977 4048 to
993 3999 1024 4048 be
1038 3999 1189 4049 considered
1202 4014 1256 4050 cor·

184 4065 321 4116 'Observa
341 4066 402 4116 thnt
421 4064 466 4114 the
487 4063 544 4114 iord
562 4063 608 4114 did
630 4067 677 4115 not
727 4067 795 4123 τεοῖς
813 4064 858 4113 the
874 4067 931 4113 urit
947 4067 1055 4114 renconis
1067 4079 1115 4127 per
1130 4066 1257 4114 omnnium

158 4129 260 4180 distrcm
279 4132 321 4180 sor
339 4135 400 4182 rent
423 4144 510 4180 errem
527 4130 596 4180 nntil
613 4131 679 4180 nster
729 4145 781 4180 wcs
789 4133 835 4178 not
842 4133 884 4192 yet
892 4129 1078 4191 invented;sce
1088 4130 1154 4181 Stet.
1165 4129 1256 4182 Ghuo.

158 4193 186 4244 he
200 4195 253 4246 hsd
268 4195 391 4246 obtained
407 4211 424 4245 s
439 4195 576 4257 jndgment
592 4195 620 4243 in
636 4195 679 4243 his
731 4193 837 4260 (cndu.
854 4193 876 4258 Ι)
890 4195 983 4256 csp.4.

158 4265 232 4310 court.
261 4261 298 4310 Το
309 4260 401 4311 obtain
417 4259 579 4323 cjndgment
593 4259 679 4309 before
761 4257 1256 4322 ‘wmiamuongswordmarlotsmc

156 4323 305 4389 disncining
321 4339 408 4376 seems
424 4329 453 4374 to
469 4324 534 4374 heve
549 4324 614 4374 been
630 4339 678 4374 un·
729 4323 800 4386 bury.

158 4403 283 4507 {rw
294 4393 346 4506 {Et
363 4389 559 4507 nzfflusum
574 4390 678 4516 deind?
743 4389 979 4517 &Comensem
992 4390 1069 4453 Reyic
1080 4391 1189 4440 chrc'ci
1199 4391 1257 4454 filii

169 4471 371 4508 ..cn
466 4469 905 4516 cccconJ-cnenc.
