<?xml version="1.0" encoding="UTF-8"?>
<!DOCTYPE html PUBLIC "-//W3C//DTD XHTML 1.0 Transitional//EN"
    "http://www.w3.org/TR/xhtml1/DTD/xhtml1-transitional.dtd">
<html xmlns="http://www.w3.org/1999/xhtml" xml:lang="en" lang="en">
 <head>
  <title>
</title>
<meta http-equiv="Content-Type" content="text/html;charset=utf-8" />
  <meta name='ocr-system' content='tesseract 3.04.00' />
  <meta name='ocr-capabilities' content='ocr_page ocr_carea ocr_par ocr_line ocrx_word'/>
</head>
<body>
  <div class='ocr_page' id='page_1' title='image "./bractonsnoteboo04bracgoog_0078.png"; bbox 0 0 3260 5218; ppageno 0'>
   <div class='ocr_carea' id='block_1_1' title="bbox 358 448 1231 526">
    <p class='ocr_par' dir='ltr' id='par_1_1' title="bbox 358 448 1231 526">
     <span class='ocr_line' id='line_1_1' title="bbox 358 448 1231 526; baseline -0.007 -8"><span class='ocrx_word' id='word_1_1' title='bbox 358 449 400 518; x_wconf 81' lang='lat'>70</span> <span class='ocrx_word' id='word_1_2' title='bbox 590 463 823 526; x_wconf 76' lang='lat' dir='ltr'>menmium,</span> <span class='ocrx_word' id='word_1_3' title='bbox 845 463 909 514; x_wconf 69' lang='lat' dir='ltr'>nn.</span> <span class='ocrx_word' id='word_1_4' title='bbox 934 450 1027 524; x_wconf 81' lang='lat'>1219,</span> <span class='ocrx_word' id='word_1_5' title='bbox 1050 461 1113 514; x_wconf 75' lang='lat' dir='ltr'>na.</span> <span class='ocrx_word' id='word_1_6' title='bbox 1136 448 1231 512; x_wconf 80' lang='lat'><strong>3-4.</strong></span> 
     </span>
    </p>
   </div>
   <div class='ocr_carea' id='block_1_2' title="bbox 196 631 1532 4352">
    <p class='ocr_par' dir='ltr' id='par_1_2' title="bbox 356 631 1467 827">
     <span class='ocr_line' id='line_1_2' title="bbox 356 631 1467 723; baseline -0.005 -20"><span class='ocrx_word' id='word_1_7' title='bbox 356 637 583 703; x_wconf 77' lang='lat' dir='ltr'>terramillam</span> <span class='ocrx_word' id='word_1_8' title='bbox 599 637 804 702; x_wconf 80' lang='lat' dir='ltr'>warantizare</span> <span class='ocrx_word' id='word_1_9' title='bbox 820 637 897 723; x_wconf 87' lang='lat' dir='ltr'>qnia</span> <span class='ocrx_word' id='word_1_10' title='bbox 912 637 981 722; x_wconf 84' lang='lat' dir='ltr'>ipse</span> <span class='ocrx_word' id='word_1_11' title='bbox 997 657 1164 722; x_wconf 92' lang='lat' dir='ltr'>nunquam</span> <span class='ocrx_word' id='word_1_12' title='bbox 1180 633 1332 700; x_wconf 72' lang='lat' dir='ltr'>saisinam</span> <span class='ocrx_word' id='word_1_13' title='bbox 1348 631 1467 699; x_wconf 89' lang='lat' dir='ltr'>habuit</span> 
     </span>
     <span class='ocr_line' id='line_1_3' title="bbox 359 742 857 827; baseline -0.002 -19"><span class='ocrx_word' id='word_1_14' title='bbox 359 749 418 808; x_wconf 84' lang='lat' dir='ltr'>etc.</span> <span class='ocrx_word' id='word_1_15' title='bbox 435 751 557 807; x_wconf 80' lang='lat' dir='ltr'>nonest</span> <span class='ocrx_word' id='word_1_16' title='bbox 573 742 666 806; x_wconf 88' lang='lat' dir='ltr'>heros</span> <span class='ocrx_word' id='word_1_17' title='bbox 680 742 783 827; x_wconf 85' lang='lat' dir='ltr'>patris</span> <span class='ocrx_word' id='word_1_18' title='bbox 798 742 857 807; x_wconf 92' lang='lat' dir='ltr'>sui.</span> 
     </span>
    </p>

    <p class='ocr_par' dir='ltr' id='par_1_3' title="bbox 196 843 1468 932">
     <span class='ocr_line' id='line_1_4' title="bbox 196 843 1468 932; baseline -0.001 -25"><span class='ocrx_word' id='word_1_19' title='bbox 196 867 347 908; x_wconf 65' lang='lat' dir='ltr'>ssu-mors·</span> <span class='ocrx_word' id='word_1_20' title='bbox 426 846 470 910; x_wconf 87' lang='lat' dir='ltr'>Et</span> <span class='ocrx_word' id='word_1_21' title='bbox 489 845 552 931; x_wconf 93' lang='lat' dir='ltr'>ipsi</span> <span class='ocrx_word' id='word_1_22' title='bbox 571 845 691 932; x_wconf 82' lang='lat' dir='ltr'>quesiti</span> <span class='ocrx_word' id='word_1_23' title='bbox 711 867 776 932; x_wconf 89' lang='lat' dir='ltr'>qna</span> <span class='ocrx_word' id='word_1_24' title='bbox 795 845 922 910; x_wconf 80' lang='lat' dir='ltr'>racione</span> <span class='ocrx_word' id='word_1_25' title='bbox 945 851 1064 910; x_wconf 87' lang='lat' dir='ltr'>uocant</span> <span class='ocrx_word' id='word_1_26' title='bbox 1086 843 1193 930; x_wconf 91' lang='lat' dir='ltr'>ipsum</span> <span class='ocrx_word' id='word_1_27' title='bbox 1214 843 1257 909; x_wconf 90' lang='lat' dir='ltr'>ad</span> <span class='ocrx_word' id='word_1_28' title='bbox 1276 851 1468 920; x_wconf 76' lang='lat' dir='ltr'><strong>warantum,</strong></span> 
     </span>
    </p>

    <p class='ocr_par' dir='ltr' id='par_1_4' title="bbox 196 916 1470 1636">
     <span class='ocr_line' id='line_1_5' title="bbox 196 916 1468 1036; baseline -0.002 -22"><span class='ocrx_word' id='word_1_29' title='bbox 196 916 339 956; x_wconf 51' lang='lat' dir='ltr'>”mm</span> <span class='ocrx_word' id='word_1_30' title='bbox 359 949 536 1014; x_wconf 89' lang='lat' dir='ltr'>ostendunt</span> <span class='ocrx_word' id='word_1_31' title='bbox 566 950 739 1036; x_wconf 90' lang='lat' dir='ltr'>quamdam</span> <span class='ocrx_word' id='word_1_32' title='bbox 769 957 893 1014; x_wconf 87' lang='lat' dir='ltr'>cartam</span> <span class='ocrx_word' id='word_1_33' title='bbox 923 949 984 1014; x_wconf 90' lang='lat' dir='ltr'>sub</span> <span class='ocrx_word' id='word_1_34' title='bbox 1014 949 1145 1014; x_wconf 89' lang='lat' dir='ltr'>nomine</span> <span class='ocrx_word' id='word_1_35' title='bbox 1174 948 1277 1034; x_wconf 87' lang='lat' dir='ltr'>ipsius</span> <span class='ocrx_word' id='word_1_36' title='bbox 1306 947 1468 1013; x_wconf 83' lang='lat' dir='ltr'>Johannis</span> 
     </span>
     <span class='ocr_line' id='line_1_6' title="bbox 358 1050 1470 1139; baseline -0.003 -22"><span class='ocrx_word' id='word_1_37' title='bbox 358 1053 470 1139; x_wconf 90' lang='lat' dir='ltr'>patris,</span> <span class='ocrx_word' id='word_1_38' title='bbox 499 1075 564 1138; x_wconf 87' lang='lat' dir='ltr'>que</span> <span class='ocrx_word' id='word_1_39' title='bbox 588 1061 730 1118; x_wconf 83' lang='lat' dir='ltr'>testatur</span> <span class='ocrx_word' id='word_1_40' title='bbox 755 1052 843 1139; x_wconf 92' lang='lat' dir='ltr'>quod</span> <span class='ocrx_word' id='word_1_41' title='bbox 866 1053 934 1138; x_wconf 90' lang='lat' dir='ltr'>ipse</span> <span class='ocrx_word' id='word_1_42' title='bbox 963 1052 1054 1117; x_wconf 88' lang='lat' dir='ltr'>dedit</span> <span class='ocrx_word' id='word_1_43' title='bbox 1080 1051 1185 1116; x_wconf 82' lang='lat' dir='ltr'>Alicio</span> <span class='ocrx_word' id='word_1_44' title='bbox 1211 1051 1252 1116; x_wconf 85' lang='lat' dir='ltr'>de</span> <span class='ocrx_word' id='word_1_45' title='bbox 1275 1050 1470 1116; x_wconf 90' lang='lat' dir='ltr'>Bendeuilla</span> 
     </span>
     <span class='ocr_line' id='line_1_7' title="bbox 359 1153 1468 1222; baseline -0.002 -2"><span class='ocrx_word' id='word_1_46' title='bbox 359 1156 452 1220; x_wconf 84' lang='lat' dir='ltr'>uxori</span> <span class='ocrx_word' id='word_1_47' title='bbox 481 1179 538 1221; x_wconf 86' lang='lat' dir='ltr'>sne</span> <span class='ocrx_word' id='word_1_48' title='bbox 568 1165 603 1222; x_wconf 89' lang='lat' dir='ltr'>et</span> <span class='ocrx_word' id='word_1_49' title='bbox 632 1156 806 1222; x_wconf 78' lang='lat' dir='ltr'>heredibus</span> <span class='ocrx_word' id='word_1_50' title='bbox 835 1156 902 1220; x_wconf 88' lang='lat' dir='ltr'>suis</span> <span class='ocrx_word' id='word_1_51' title='bbox 932 1155 972 1220; x_wconf 89' lang='lat' dir='ltr'>de</span> <span class='ocrx_word' id='word_1_52' title='bbox 1003 1177 1043 1220; x_wconf 89' lang='lat' dir='ltr'>ea</span> <span class='ocrx_word' id='word_1_53' title='bbox 1064 1153 1261 1219; x_wconf 84' lang='lat' dir='ltr'>exeuntibus</span> <span class='ocrx_word' id='word_1_54' title='bbox 1283 1163 1404 1218; x_wconf 83' lang='lat' dir='ltr'>terram</span> <span class='ocrx_word' id='word_1_55' title='bbox 1426 1154 1468 1218; x_wconf 88' lang='lat' dir='ltr'>de</span> 
     </span>
     <span class='ocr_line' id='line_1_8' title="bbox 361 1256 1470 1346; baseline -0.004 -22"><span class='ocrx_word' id='word_1_56' title='bbox 361 1259 566 1324; x_wconf 85' lang='lat' dir='ltr'>Melocumba</span> <span class='ocrx_word' id='word_1_57' title='bbox 580 1281 654 1324; x_wconf 89' lang='lat' dir='ltr'>cnm</span> <span class='ocrx_word' id='word_1_58' title='bbox 669 1259 879 1346; x_wconf 77' lang='lat' dir='ltr'>pertinenciis</span> <span class='ocrx_word' id='word_1_59' title='bbox 894 1267 964 1336; x_wconf 81' lang='lat' dir='ltr'>etc,</span> <span class='ocrx_word' id='word_1_60' title='bbox 979 1267 1014 1323; x_wconf 86' lang='lat' dir='ltr'>et</span> <span class='ocrx_word' id='word_1_61' title='bbox 1029 1257 1149 1344; x_wconf 78' lang='lat' dir='ltr'>quesiti</span> <span class='ocrx_word' id='word_1_62' title='bbox 1161 1257 1189 1321; x_wconf 90' lang='lat' dir='ltr'>si</span> <span class='ocrx_word' id='word_1_63' title='bbox 1204 1257 1291 1322; x_wconf 89' lang='lat' dir='ltr'>idem</span> <span class='ocrx_word' id='word_1_64' title='bbox 1301 1257 1323 1321; x_wconf 91' lang='lat' dir='ltr'><strong>J</strong></span> <span class='ocrx_word' id='word_1_65' title='bbox 1324 1256 1470 1320; x_wconf 83' lang='lat' dir='ltr'>ohannes</span> 
     </span>
     <span class='ocr_line' id='line_1_9' title="bbox 360 1361 1470 1451; baseline -0.004 -23"><span class='ocrx_word' id='word_1_66' title='bbox 360 1373 455 1451; x_wconf 87' lang='lat' dir='ltr'>pater</span> <span class='ocrx_word' id='word_1_67' title='bbox 483 1363 565 1429; x_wconf 88' lang='lat' dir='ltr'>obiit</span> <span class='ocrx_word' id='word_1_68' title='bbox 594 1363 670 1428; x_wconf 87' lang='lat' dir='ltr'>inde</span> <span class='ocrx_word' id='word_1_69' title='bbox 696 1363 835 1442; x_wconf 81' lang='lat' dir='ltr'>saisitus,</span> <span class='ocrx_word' id='word_1_70' title='bbox 862 1363 976 1428; x_wconf 86' lang='lat' dir='ltr'>dicunt</span> <span class='ocrx_word' id='word_1_71' title='bbox 1000 1362 1086 1449; x_wconf 93' lang='lat' dir='ltr'>quod</span> <span class='ocrx_word' id='word_1_72' title='bbox 1108 1385 1182 1441; x_wconf 91' lang='lat' dir='ltr'>non,</span> <span class='ocrx_word' id='word_1_73' title='bbox 1204 1361 1304 1426; x_wconf 90' lang='lat' dir='ltr'>immo</span> <span class='ocrx_word' id='word_1_74' title='bbox 1328 1361 1470 1425; x_wconf 87' lang='lat' dir='ltr'>Thomas</span> 
     </span>
     <span class='ocr_line' id='line_1_10' title="bbox 362 1467 1469 1554; baseline -0.001 -22"><span class='ocrx_word' id='word_1_75' title='bbox 362 1468 566 1533; x_wconf 87' lang='lat' dir='ltr'>Mautrauars</span> <span class='ocrx_word' id='word_1_76' title='bbox 595 1467 682 1533; x_wconf 88' lang='lat' dir='ltr'>filius</span> <span class='ocrx_word' id='word_1_77' title='bbox 711 1467 813 1554; x_wconf 90' lang='lat' dir='ltr'>ipsius</span> <span class='ocrx_word' id='word_1_78' title='bbox 843 1467 948 1534; x_wconf 82' lang='lat' dir='ltr'>Alicio</span> <span class='ocrx_word' id='word_1_79' title='bbox 978 1468 1042 1532; x_wconf 87' lang='lat' dir='ltr'>fuit</span> <span class='ocrx_word' id='word_1_80' title='bbox 1071 1467 1147 1532; x_wconf 89' lang='lat' dir='ltr'>inde</span> <span class='ocrx_word' id='word_1_81' title='bbox 1171 1467 1302 1532; x_wconf 83' lang='lat' dir='ltr'>saisitus</span> <span class='ocrx_word' id='word_1_82' title='bbox 1327 1467 1380 1533; x_wconf 91' lang='lat' dir='ltr'>die</span> <span class='ocrx_word' id='word_1_83' title='bbox 1404 1489 1469 1554; x_wconf 92' lang='lat' dir='ltr'>quo</span> 
     </span>
     <span class='ocr_line' id='line_1_11' title="bbox 360 1571 633 1636; baseline 0 0"><span class='ocrx_word' id='word_1_84' title='bbox 360 1571 527 1636; x_wconf 83' lang='lat' dir='ltr'>Johannes</span> <span class='ocrx_word' id='word_1_85' title='bbox 542 1571 633 1636; x_wconf 91' lang='lat' dir='ltr'>obiit.</span> 
     </span>
    </p>

    <p class='ocr_par' dir='ltr' id='par_1_5' title="bbox 360 1671 1532 2898">
     <span class='ocr_line' id='line_1_12' title="bbox 428 1671 1469 1760; baseline 0 -24"><span class='ocrx_word' id='word_1_86' title='bbox 428 1673 471 1737; x_wconf 85' lang='lat' dir='ltr'>Et</span> <span class='ocrx_word' id='word_1_87' title='bbox 486 1673 653 1738; x_wconf 83' lang='lat' dir='ltr'>Johannes</span> <span class='ocrx_word' id='word_1_88' title='bbox 674 1673 754 1738; x_wconf 90' lang='lat' dir='ltr'>dicit</span> <span class='ocrx_word' id='word_1_89' title='bbox 775 1674 862 1760; x_wconf 91' lang='lat' dir='ltr'>quod</span> <span class='ocrx_word' id='word_1_90' title='bbox 884 1673 1050 1739; x_wconf 85' lang='lat' dir='ltr'>Johannes</span> <span class='ocrx_word' id='word_1_91' title='bbox 1072 1681 1265 1760; x_wconf 82' lang='lat' dir='ltr'>pateranus</span> <span class='ocrx_word' id='word_1_92' title='bbox 1288 1671 1370 1736; x_wconf 89' lang='lat' dir='ltr'>obiit</span> <span class='ocrx_word' id='word_1_93' title='bbox 1392 1671 1469 1737; x_wconf 89' lang='lat' dir='ltr'>inde</span> 
     </span>
     <span class='ocr_line' id='line_1_13' title="bbox 360 1775 1469 1864; baseline -0.002 -22"><span class='ocrx_word' id='word_1_94' title='bbox 360 1776 490 1842; x_wconf 83' lang='lat' dir='ltr'>saisitus</span> <span class='ocrx_word' id='word_1_95' title='bbox 512 1787 547 1842; x_wconf 87' lang='lat' dir='ltr'>et</span> <span class='ocrx_word' id='word_1_96' title='bbox 567 1799 632 1841; x_wconf 93' lang='lat' dir='ltr'>non</span> <span class='ocrx_word' id='word_1_97' title='bbox 654 1778 819 1864; x_wconf 87' lang='lat' dir='ltr'>predictus</span> <span class='ocrx_word' id='word_1_98' title='bbox 842 1777 989 1854; x_wconf 82' lang='lat' dir='ltr'>Thomas,</span> <span class='ocrx_word' id='word_1_99' title='bbox 1013 1778 1090 1863; x_wconf 88' lang='lat' dir='ltr'>quia</span> <span class='ocrx_word' id='word_1_100' title='bbox 1111 1777 1199 1841; x_wconf 88' lang='lat' dir='ltr'>idem</span> <span class='ocrx_word' id='word_1_101' title='bbox 1223 1775 1364 1840; x_wconf 85' lang='lat' dir='ltr'>Thomas</span> <span class='ocrx_word' id='word_1_102' title='bbox 1386 1799 1469 1840; x_wconf 93' lang='lat' dir='ltr'>nun·</span> 
     </span>
     <span class='ocr_line' id='line_1_14' title="bbox 361 1881 1471 1968; baseline 0 -22"><span class='ocrx_word' id='word_1_103' title='bbox 361 1903 459 1967; x_wconf 89' lang='lat' dir='ltr'>qnam</span> <span class='ocrx_word' id='word_1_104' title='bbox 475 1881 538 1946; x_wconf 77' lang='lat' dir='ltr'>huit</span> <span class='ocrx_word' id='word_1_105' title='bbox 553 1882 628 1947; x_wconf 91' lang='lat' dir='ltr'>inde</span> <span class='ocrx_word' id='word_1_106' title='bbox 650 1883 788 1948; x_wconf 77' lang='lat' dir='ltr'>saisitus.</span> <span class='ocrx_word' id='word_1_107' title='bbox 834 1883 878 1946; x_wconf 89' lang='lat' dir='ltr'>Et</span> <span class='ocrx_word' id='word_1_108' title='bbox 901 1882 978 1968; x_wconf 90' lang='lat' dir='ltr'>qnia</span> <span class='ocrx_word' id='word_1_109' title='bbox 999 1882 1062 1968; x_wconf 91' lang='lat' dir='ltr'>ipsi</span> <span class='ocrx_word' id='word_1_110' title='bbox 1084 1881 1198 1946; x_wconf 90' lang='lat' dir='ltr'>dicunt</span> <span class='ocrx_word' id='word_1_111' title='bbox 1221 1881 1307 1966; x_wconf 91' lang='lat' dir='ltr'>qnod</span> <span class='ocrx_word' id='word_1_112' title='bbox 1329 1881 1471 1946; x_wconf 82' lang='lat' dir='ltr'>Thomas</span> 
     </span>
     <span class='ocr_line' id='line_1_15' title="bbox 361 1983 1471 2071; baseline -0.002 -21"><span class='ocrx_word' id='word_1_113' title='bbox 361 1986 424 2050; x_wconf 87' lang='lat' dir='ltr'>fuit</span> <span class='ocrx_word' id='word_1_114' title='bbox 445 1985 574 2050; x_wconf 84' lang='lat' dir='ltr'>saisitus</span> <span class='ocrx_word' id='word_1_115' title='bbox 592 1985 667 2050; x_wconf 87' lang='lat' dir='ltr'>inde</span> <span class='ocrx_word' id='word_1_116' title='bbox 688 1985 739 2050; x_wconf 92' lang='lat' dir='ltr'>die</span> <span class='ocrx_word' id='word_1_117' title='bbox 762 2007 827 2071; x_wconf 93' lang='lat' dir='ltr'>quo</span> <span class='ocrx_word' id='word_1_118' title='bbox 849 1985 931 2050; x_wconf 88' lang='lat' dir='ltr'>obiit</span> <span class='ocrx_word' id='word_1_119' title='bbox 953 1985 1128 2062; x_wconf 80' lang='lat' dir='ltr'>Johannes,</span> <span class='ocrx_word' id='word_1_120' title='bbox 1144 1993 1178 2049; x_wconf 85' lang='lat' dir='ltr'>et</span> <span class='ocrx_word' id='word_1_121' title='bbox 1201 1983 1367 2049; x_wconf 84' lang='lat' dir='ltr'>Johannes</span> <span class='ocrx_word' id='word_1_122' title='bbox 1389 1984 1471 2049; x_wconf 90' lang='lat' dir='ltr'>dicit</span> 
     </span>
     <span class='ocr_line' id='line_1_16' title="bbox 360 2087 1471 2176; baseline -0.002 -22"><span class='ocrx_word' id='word_1_123' title='bbox 360 2091 446 2176; x_wconf 92' lang='lat' dir='ltr'>quod</span> <span class='ocrx_word' id='word_1_124' title='bbox 462 2099 649 2176; x_wconf 82' lang='lat' dir='ltr'>pateranus</span> <span class='ocrx_word' id='word_1_125' title='bbox 664 2090 745 2154; x_wconf 91' lang='lat' dir='ltr'>obiit</span> <span class='ocrx_word' id='word_1_126' title='bbox 766 2090 841 2154; x_wconf 88' lang='lat' dir='ltr'>inde</span> <span class='ocrx_word' id='word_1_127' title='bbox 865 2089 995 2153; x_wconf 78' lang='lat' dir='ltr'>saisitus</span> <span class='ocrx_word' id='word_1_128' title='bbox 1018 2097 1053 2154; x_wconf 89' lang='lat' dir='ltr'>et</span> <span class='ocrx_word' id='word_1_129' title='bbox 1075 2111 1141 2152; x_wconf 93' lang='lat' dir='ltr'>non</span> <span class='ocrx_word' id='word_1_130' title='bbox 1164 2088 1311 2164; x_wconf 83' lang='lat' dir='ltr'>Thomas,</span> <span class='ocrx_word' id='word_1_131' title='bbox 1327 2111 1387 2152; x_wconf 87' lang='lat' dir='ltr'>nec</span> <span class='ocrx_word' id='word_1_132' title='bbox 1407 2087 1471 2173; x_wconf 91' lang='lat' dir='ltr'>ipsi</span> 
     </span>
     <span class='ocr_line' id='line_1_17' title="bbox 362 2192 1471 2280; baseline -0.003 -22"><span class='ocrx_word' id='word_1_133' title='bbox 362 2195 485 2259; x_wconf 88' lang='lat' dir='ltr'>Thome</span> <span class='ocrx_word' id='word_1_134' title='bbox 501 2195 610 2280; x_wconf 92' lang='lat' dir='ltr'>potuit</span> <span class='ocrx_word' id='word_1_135' title='bbox 626 2203 713 2260; x_wconf 86' lang='lat' dir='ltr'>terra</span> <span class='ocrx_word' id='word_1_136' title='bbox 727 2195 785 2258; x_wconf 86' lang='lat' dir='ltr'>illa</span> <span class='ocrx_word' id='word_1_137' title='bbox 799 2194 992 2258; x_wconf 86' lang='lat' dir='ltr'>descendere</span> <span class='ocrx_word' id='word_1_138' title='bbox 1012 2193 1082 2258; x_wconf 90' lang='lat' dir='ltr'>iure</span> <span class='ocrx_word' id='word_1_139' title='bbox 1103 2192 1308 2270; x_wconf 75' lang='lat' dir='ltr'>hereditario,</span> <span class='ocrx_word' id='word_1_140' title='bbox 1323 2215 1361 2256; x_wconf 85' lang='lat' dir='ltr'>eo</span> <span class='ocrx_word' id='word_1_141' title='bbox 1384 2192 1471 2278; x_wconf 91' lang='lat' dir='ltr'>quod</span> 
     </span>
     <span class='ocr_line' id='line_1_18' title="bbox 361 2295 1469 2383; baseline -0.002 -21"><span class='ocrx_word' id='word_1_142' title='bbox 361 2297 482 2362; x_wconf 92' lang='lat' dir='ltr'>donum</span> <span class='ocrx_word' id='word_1_143' title='bbox 498 2299 620 2362; x_wconf 86' lang='lat' dir='ltr'>factum</span> <span class='ocrx_word' id='word_1_144' title='bbox 641 2297 705 2362; x_wconf 82' lang='lat' dir='ltr'>fuit</span> <span class='ocrx_word' id='word_1_145' title='bbox 728 2297 832 2362; x_wconf 81' lang='lat' dir='ltr'>Alicio</span> <span class='ocrx_word' id='word_1_146' title='bbox 855 2319 918 2383; x_wconf 89' lang='lat' dir='ltr'>qne</span> <span class='ocrx_word' id='word_1_147' title='bbox 941 2297 1048 2362; x_wconf 90' lang='lat' dir='ltr'>adhuc</span> <span class='ocrx_word' id='word_1_148' title='bbox 1070 2297 1166 2376; x_wconf 87' lang='lat' dir='ltr'>uiuit,</span> <span class='ocrx_word' id='word_1_149' title='bbox 1182 2305 1216 2361; x_wconf 90' lang='lat' dir='ltr'>et</span> <span class='ocrx_word' id='word_1_150' title='bbox 1239 2296 1326 2382; x_wconf 92' lang='lat' dir='ltr'>quod</span> <span class='ocrx_word' id='word_1_151' title='bbox 1348 2295 1469 2360; x_wconf 92' lang='lat' dir='ltr'>donum</span> 
     </span>
     <span class='ocr_line' id='line_1_19' title="bbox 360 2398 1470 2485; baseline 0 -23"><span class='ocrx_word' id='word_1_152' title='bbox 360 2399 487 2463; x_wconf 91' lang='lat' dir='ltr'>nullum</span> <span class='ocrx_word' id='word_1_153' title='bbox 518 2399 589 2478; x_wconf 88' lang='lat' dir='ltr'>fuit,</span> <span class='ocrx_word' id='word_1_154' title='bbox 620 2399 867 2465; x_wconf 85' lang='lat' dir='ltr'>Consideratum</span> <span class='ocrx_word' id='word_1_155' title='bbox 894 2409 944 2464; x_wconf 89' lang='lat' dir='ltr'>est</span> <span class='ocrx_word' id='word_1_156' title='bbox 974 2399 1061 2485; x_wconf 93' lang='lat' dir='ltr'>quod</span> <span class='ocrx_word' id='word_1_157' title='bbox 1082 2399 1181 2462; x_wconf 78' lang='lat' dir='ltr'>assisa</span> <span class='ocrx_word' id='word_1_158' title='bbox 1203 2398 1362 2484; x_wconf 83' lang='lat' dir='ltr'>procedat.</span> <span class='ocrx_word' id='word_1_159' title='bbox 1410 2399 1470 2463; x_wconf 84' lang='lat' dir='ltr'>Set</span> 
     </span>
     <span class='ocr_line' id='line_1_20' title="bbox 360 2499 1470 2587; baseline 0 -23"><span class='ocrx_word' id='word_1_160' title='bbox 360 2501 493 2587; x_wconf 89' lang='lat' dir='ltr'>ponitur</span> <span class='ocrx_word' id='word_1_161' title='bbox 513 2501 548 2565; x_wconf 94' lang='lat' dir='ltr'>in</span> <span class='ocrx_word' id='word_1_162' title='bbox 575 2510 758 2586; x_wconf 85' lang='lat' dir='ltr'>respectum</span> <span class='ocrx_word' id='word_1_163' title='bbox 785 2524 887 2587; x_wconf 90' lang='lat' dir='ltr'>usque</span> <span class='ocrx_word' id='word_1_164' title='bbox 913 2525 934 2566; x_wconf 91' lang='lat' dir='ltr'>a</span> <span class='ocrx_word' id='word_1_165' title='bbox 956 2501 1009 2566; x_wconf 88' lang='lat' dir='ltr'>die</span> <span class='ocrx_word' id='word_1_166' title='bbox 1034 2501 1064 2566; x_wconf 88' lang='lat' dir='ltr'>S.</span> <span class='ocrx_word' id='word_1_167' title='bbox 1095 2501 1162 2565; x_wconf 90' lang='lat' dir='ltr'>Hil.</span> <span class='ocrx_word' id='word_1_168' title='bbox 1185 2501 1220 2564; x_wconf 91' lang='lat' dir='ltr'>in</span> <span class='ocrx_word' id='word_1_169' title='bbox 1243 2523 1292 2566; x_wconf 88' lang='lat' dir='ltr'>xv.</span> <span class='ocrx_word' id='word_1_170' title='bbox 1317 2499 1386 2565; x_wconf 88' lang='lat' dir='ltr'>dies</span> <span class='ocrx_word' id='word_1_171' title='bbox 1411 2521 1470 2587; x_wconf 88' lang='lat' dir='ltr'>pro</span> 
     </span>
     <span class='ocr_line' id='line_1_21' title="bbox 361 2605 1471 2692; baseline 0 -22"><span class='ocrx_word' id='word_1_172' title='bbox 361 2607 491 2670; x_wconf 88' lang='lat' dir='ltr'>defectu</span> <span class='ocrx_word' id='word_1_173' title='bbox 522 2607 770 2692; x_wconf 84' lang='lat' dir='ltr'>recognitorum,</span> <span class='ocrx_word' id='word_1_174' title='bbox 799 2606 877 2692; x_wconf 87' lang='lat' dir='ltr'>quia</span> <span class='ocrx_word' id='word_1_175' title='bbox 906 2615 1036 2670; x_wconf 90' lang='lat' dir='ltr'>tantum</span> <span class='ocrx_word' id='word_1_176' title='bbox 1067 2605 1131 2670; x_wconf 91' lang='lat' dir='ltr'>duo</span> <span class='ocrx_word' id='word_1_177' title='bbox 1161 2613 1324 2670; x_wconf 86' lang='lat' dir='ltr'>uenerunt</span> <span class='ocrx_word' id='word_1_178' title='bbox 1345 2605 1471 2670; x_wconf 85' lang='lat' dir='ltr'>scilicet</span> 
     </span>
     <span class='ocr_line' id='line_1_22' title="bbox 361 2707 1471 2774; baseline 0 -1"><span class='ocrx_word' id='word_1_179' title='bbox 361 2707 545 2774; x_wconf 88' lang='lat' dir='ltr'>Willelmus</span> <span class='ocrx_word' id='word_1_180' title='bbox 563 2709 654 2773; x_wconf 79' lang='lat' dir='ltr'>Brun</span> <span class='ocrx_word' id='word_1_181' title='bbox 669 2717 704 2773; x_wconf 92' lang='lat' dir='ltr'>et</span> <span class='ocrx_word' id='word_1_182' title='bbox 719 2709 903 2774; x_wconf 87' lang='lat' dir='ltr'>Wilielmus</span> <span class='ocrx_word' id='word_1_183' title='bbox 919 2709 958 2774; x_wconf 92' lang='lat' dir='ltr'>de</span> <span class='ocrx_word' id='word_1_184' title='bbox 975 2709 1132 2773; x_wconf 89' lang='lat' dir='ltr'>Duntona</span> <span class='ocrx_word' id='word_1_185' title='bbox 1147 2716 1182 2772; x_wconf 88' lang='lat' dir='ltr'>ct</span> <span class='ocrx_word' id='word_1_186' title='bbox 1202 2707 1275 2772; x_wconf 89' lang='lat' dir='ltr'>ideo</span> <span class='ocrx_word' id='word_1_187' title='bbox 1290 2707 1471 2773; x_wconf 87' lang='lat' dir='ltr'>uicecomcs</span> 
     </span>
     <span class='ocr_line' id='line_1_23' title="bbox 361 2812 1532 2898; baseline -0.001 -20"><span class='ocrx_word' id='word_1_188' title='bbox 361 2813 481 2878; x_wconf 87' lang='lat' dir='ltr'>habeat</span> <span class='ocrx_word' id='word_1_189' title='bbox 497 2835 627 2898; x_wconf 86' lang='lat' dir='ltr'>corpora</span> <span class='ocrx_word' id='word_1_190' title='bbox 642 2813 786 2878; x_wconf 89' lang='lat' dir='ltr'>omnium</span> <span class='ocrx_word' id='word_1_191' title='bbox 802 2814 946 2878; x_wconf 87' lang='lat' dir='ltr'>aliorum.</span> <span class='ocrx_word' id='word_1_192' title='bbox 1529 2812 1532 2816; x_wconf 76' lang='grc'><strong>’</strong></span> 
     </span>
    </p>

    <p class='ocr_par' dir='ltr' id='par_1_6' title="bbox 297 2915 1471 3315">
     <span class='ocr_line' id='line_1_24' title="bbox 297 2915 1470 3003; baseline -0.004 -18"><span class='ocrx_word' id='word_1_193' title='bbox 297 2972 303 2985; x_wconf 95' lang='grc'><strong><em>.</em></strong></span> <span class='ocrx_word' id='word_1_194' title='bbox 427 2916 594 2981; x_wconf 86' lang='lat' dir='ltr'>¹Decanns</span> <span class='ocrx_word' id='word_1_195' title='bbox 611 2915 643 2981; x_wconf 89' lang='lat' dir='ltr'>S.</span> <span class='ocrx_word' id='word_1_196' title='bbox 661 2917 755 2980; x_wconf 88' lang='lat' dir='ltr'>Pauli</span> <span class='ocrx_word' id='word_1_197' title='bbox 770 2917 810 2981; x_wconf 91' lang='lat' dir='ltr'>de</span> <span class='ocrx_word' id='word_1_198' title='bbox 831 2916 998 2982; x_wconf 91' lang='lat' dir='ltr'>Londonia</span> <span class='ocrx_word' id='word_1_199' title='bbox 1018 2917 1166 3003; x_wconf 87' lang='lat' dir='ltr'>queritur</span> <span class='ocrx_word' id='word_1_200' title='bbox 1187 2916 1274 3002; x_wconf 91' lang='lat' dir='ltr'>quod</span> <span class='ocrx_word' id='word_1_201' title='bbox 1295 2915 1408 2981; x_wconf 87' lang='lat' dir='ltr'>Abbas</span> <span class='ocrx_word' id='word_1_202' title='bbox 1428 2915 1470 2981; x_wconf 85' lang='lat' dir='ltr'>de</span> 
     </span>
     <span class='ocr_line' id='line_1_25' title="bbox 362 3021 1471 3107; baseline -0.001 -20"><span class='ocrx_word' id='word_1_203' title='bbox 362 3021 533 3087; x_wconf 75' lang='lat' dir='ltr'>Watham¹</span> <span class='ocrx_word' id='word_1_204' title='bbox 562 3021 683 3086; x_wconf 87' lang='lat' dir='ltr'>iniusto</span> <span class='ocrx_word' id='word_1_205' title='bbox 713 3021 800 3107; x_wconf 88' lang='lat' dir='ltr'>cepit</span> <span class='ocrx_word' id='word_1_206' title='bbox 829 3021 940 3086; x_wconf 87' lang='lat' dir='ltr'>aueria</span> <span class='ocrx_word' id='word_1_207' title='bbox 969 3043 1028 3086; x_wconf 86' lang='lat' dir='ltr'>sua</span> <span class='ocrx_word' id='word_1_208' title='bbox 1056 3029 1091 3086; x_wconf 89' lang='lat' dir='ltr'>et</span> <span class='ocrx_word' id='word_1_209' title='bbox 1121 3044 1161 3086; x_wconf 88' lang='lat' dir='ltr'>ea</span> <span class='ocrx_word' id='word_1_210' title='bbox 1185 3021 1329 3086; x_wconf 74' lang='lat' dir='ltr'>detinuit</span> <span class='ocrx_word' id='word_1_211' title='bbox 1358 3031 1471 3087; x_wconf 89' lang='lat' dir='ltr'>contra</span> 
     </span>
     <span class='ocr_line' id='line_1_26' title="bbox 362 3125 1468 3211; baseline 0.001 -21"><span class='ocrx_word' id='word_1_212' title='bbox 362 3125 497 3190; x_wconf 87' lang='lat' dir='ltr'>uadium</span> <span class='ocrx_word' id='word_1_213' title='bbox 511 3133 546 3189; x_wconf 90' lang='lat' dir='ltr'>et</span> <span class='ocrx_word' id='word_1_214' title='bbox 561 3125 685 3211; x_wconf 84' lang='lat' dir='ltr'>plegios</span> <span class='ocrx_word' id='word_1_215' title='bbox 699 3125 786 3190; x_wconf 89' lang='lat' dir='ltr'>unde</span> <span class='ocrx_word' id='word_1_216' title='bbox 802 3125 980 3211; x_wconf 87' lang='lat' dir='ltr'>dampnum</span> <span class='ocrx_word' id='word_1_217' title='bbox 1001 3125 1102 3191; x_wconf 89' lang='lat' dir='ltr'>habet</span> <span class='ocrx_word' id='word_1_218' title='bbox 1120 3127 1163 3191; x_wconf 91' lang='lat' dir='ltr'>ad</span> <span class='ocrx_word' id='word_1_219' title='bbox 1183 3127 1364 3191; x_wconf 88' lang='lat' dir='ltr'>ualenciam</span> <span class='ocrx_word' id='word_1_220' title='bbox 1387 3125 1429 3192; x_wconf 85' lang='lat' dir='ltr'>xl.</span> <span class='ocrx_word' id='word_1_221' title='bbox 1445 3149 1468 3191; x_wconf 84' lang='lat' dir='ltr'>s</span> 
     </span>
     <span class='ocr_line' id='line_1_27' title="bbox 363 3229 869 3315; baseline 0.002 -20"><span class='ocrx_word' id='word_1_222' title='bbox 363 3229 488 3295; x_wconf 83' lang='lat' dir='ltr'>atinde</span> <span class='ocrx_word' id='word_1_223' title='bbox 503 3229 653 3315; x_wconf 86' lang='lat' dir='ltr'>producit</span> <span class='ocrx_word' id='word_1_224' title='bbox 669 3239 791 3295; x_wconf 85' lang='lat' dir='ltr'>sectam</span> <span class='ocrx_word' id='word_1_225' title='bbox 807 3239 869 3297; x_wconf 88' lang='lat' dir='ltr'>etc.</span> 
     </span>
    </p>

    <p class='ocr_par' dir='ltr' id='par_1_7' title="bbox 361 3333 1472 4352">
     <span class='ocr_line' id='line_1_28' title="bbox 428 3333 1465 3420; baseline 0.002 -22"><span class='ocrx_word' id='word_1_226' title='bbox 428 3334 472 3398; x_wconf 90' lang='lat' dir='ltr'>Et</span> <span class='ocrx_word' id='word_1_227' title='bbox 486 3333 599 3398; x_wconf 87' lang='lat' dir='ltr'>Abbas</span> <span class='ocrx_word' id='word_1_228' title='bbox 609 3356 668 3420; x_wconf 90' lang='lat' dir='ltr'>per</span> <span class='ocrx_word' id='word_1_229' title='bbox 679 3341 881 3398; x_wconf 85' lang='lat' dir='ltr'>attumatum</span> <span class='ocrx_word' id='word_1_230' title='bbox 894 3356 990 3399; x_wconf 85' lang='lat' dir='ltr'>suum</span> <span class='ocrx_word' id='word_1_231' title='bbox 1001 3333 1095 3400; x_wconf 88' lang='lat' dir='ltr'>uenit</span> <span class='ocrx_word' id='word_1_232' title='bbox 1106 3341 1141 3400; x_wconf 88' lang='lat' dir='ltr'>et</span> <span class='ocrx_word' id='word_1_233' title='bbox 1152 3333 1298 3400; x_wconf 89' lang='lat' dir='ltr'>defendit</span> <span class='ocrx_word' id='word_1_234' title='bbox 1309 3335 1465 3400; x_wconf 87' lang='lat' dir='ltr'>iniustam</span> 
     </span>
     <span class='ocr_line' id='line_1_29' title="bbox 362 3435 1470 3525; baseline 0 -23"><span class='ocrx_word' id='word_1_235' title='bbox 362 3435 547 3522; x_wconf 88' lang='lat' dir='ltr'>capcionem</span> <span class='ocrx_word' id='word_1_236' title='bbox 578 3445 612 3500; x_wconf 91' lang='lat' dir='ltr'>et</span> <span class='ocrx_word' id='word_1_237' title='bbox 641 3436 867 3502; x_wconf 87' lang='lat' dir='ltr'>detencionem</span> <span class='ocrx_word' id='word_1_238' title='bbox 896 3445 1009 3502; x_wconf 88' lang='lat' dir='ltr'>contra</span> <span class='ocrx_word' id='word_1_239' title='bbox 1039 3437 1174 3502; x_wconf 89' lang='lat' dir='ltr'>uadium</span> <span class='ocrx_word' id='word_1_240' title='bbox 1204 3445 1239 3502; x_wconf 88' lang='lat' dir='ltr'>et</span> <span class='ocrx_word' id='word_1_241' title='bbox 1277 3437 1402 3525; x_wconf 84' lang='lat' dir='ltr'>plegios</span> <span class='ocrx_word' id='word_1_242' title='bbox 1435 3445 1470 3502; x_wconf 87' lang='lat' dir='ltr'>et</span> 
     </span>
     <span class='ocr_line' id='line_1_30' title="bbox 361 3537 1470 3625; baseline -0.002 -21"><span class='ocrx_word' id='word_1_243' title='bbox 361 3539 539 3624; x_wconf 91' lang='lat' dir='ltr'>dampnum</span> <span class='ocrx_word' id='word_1_244' title='bbox 554 3538 594 3602; x_wconf 88' lang='lat' dir='ltr'>xl.</span> <span class='ocrx_word' id='word_1_245' title='bbox 612 3538 676 3616; x_wconf 82' lang='lat' dir='ltr'>soi,</span> <span class='ocrx_word' id='word_1_246' title='bbox 697 3547 747 3603; x_wconf 90' lang='lat' dir='ltr'>set</span> <span class='ocrx_word' id='word_1_247' title='bbox 767 3537 851 3603; x_wconf 85' lang='lat' dir='ltr'>bene</span> <span class='ocrx_word' id='word_1_248' title='bbox 870 3537 1033 3625; x_wconf 85' lang='lat' dir='ltr'>cognoscit</span> <span class='ocrx_word' id='word_1_249' title='bbox 1052 3539 1137 3624; x_wconf 93' lang='lat' dir='ltr'>qnod</span> <span class='ocrx_word' id='word_1_250' title='bbox 1159 3537 1271 3603; x_wconf 86' lang='lat' dir='ltr'>aueria</span> <span class='ocrx_word' id='word_1_251' title='bbox 1293 3561 1352 3602; x_wconf 90' lang='lat' dir='ltr'>sua</span> <span class='ocrx_word' id='word_1_252' title='bbox 1373 3539 1470 3623; x_wconf 89' lang='lat' dir='ltr'>cepit,</span> 
     </span>
     <span class='ocr_line' id='line_1_31' title="bbox 361 3639 1470 3729; baseline -0.001 -23"><span class='ocrx_word' id='word_1_253' title='bbox 361 3641 439 3729; x_wconf 90' lang='lat' dir='ltr'>quia</span> <span class='ocrx_word' id='word_1_254' title='bbox 452 3641 521 3728; x_wconf 90' lang='lat' dir='ltr'>ipse</span> <span class='ocrx_word' id='word_1_255' title='bbox 537 3641 637 3705; x_wconf 88' lang='lat' dir='ltr'>habet</span> <span class='ocrx_word' id='word_1_256' title='bbox 653 3641 864 3706; x_wconf 87' lang='lat' dir='ltr'>medietatem</span> <span class='ocrx_word' id='word_1_257' title='bbox 885 3641 1046 3706; x_wconf 90' lang='lat' dir='ltr'>hundredi</span> <span class='ocrx_word' id='word_1_258' title='bbox 1067 3641 1107 3705; x_wconf 92' lang='lat' dir='ltr'>de</span> <span class='ocrx_word' id='word_1_259' title='bbox 1129 3639 1300 3705; x_wconf 83' lang='lat' dir='ltr'>Watham⁸</span> <span class='ocrx_word' id='word_1_260' title='bbox 1322 3665 1362 3705; x_wconf 86' lang='lat' dir='ltr'>ex</span> <span class='ocrx_word' id='word_1_261' title='bbox 1385 3641 1470 3705; x_wconf 93' lang='lat' dir='ltr'>dono</span> 
     </span>
     <span class='ocr_line' id='line_1_32' title="bbox 362 3743 1469 3833; baseline -0.004 -22"><span class='ocrx_word' id='word_1_262' title='bbox 362 3747 461 3833; x_wconf 83' lang='lat' dir='ltr'>Regis</span> <span class='ocrx_word' id='word_1_263' title='bbox 480 3746 611 3810; x_wconf 81' lang='lat' dir='ltr'>Ricardi</span> <span class='ocrx_word' id='word_1_264' title='bbox 631 3769 689 3832; x_wconf 90' lang='lat' dir='ltr'>per</span> <span class='ocrx_word' id='word_1_265' title='bbox 708 3769 736 3810; x_wconf 87' lang='lat' dir='ltr'>x.</span> <span class='ocrx_word' id='word_1_266' title='bbox 757 3745 811 3811; x_wconf 92' lang='lat' dir='ltr'>lib.</span> <span class='ocrx_word' id='word_1_267' title='bbox 834 3745 1014 3810; x_wconf 86' lang='lat' dir='ltr'>reddendas</span> <span class='ocrx_word' id='word_1_268' title='bbox 1036 3744 1078 3809; x_wconf 91' lang='lat' dir='ltr'>ad</span> <span class='ocrx_word' id='word_1_269' title='bbox 1100 3743 1304 3822; x_wconf 82' lang='lat' dir='ltr'>scaccarium,</span> <span class='ocrx_word' id='word_1_270' title='bbox 1328 3752 1362 3808; x_wconf 86' lang='lat' dir='ltr'>et</span> <span class='ocrx_word' id='word_1_271' title='bbox 1381 3744 1469 3808; x_wconf 85' lang='lat' dir='ltr'>idem</span> 
     </span>
     <span class='ocr_line' id='line_1_33' title="bbox 361 3848 1470 3935; baseline -0.002 -20"><span class='ocrx_word' id='word_1_272' title='bbox 361 3851 513 3916; x_wconf 83' lang='lat' dir='ltr'>Decanus</span> <span class='ocrx_word' id='word_1_273' title='bbox 536 3849 637 3914; x_wconf 88' lang='lat' dir='ltr'>habet</span> <span class='ocrx_word' id='word_1_274' title='bbox 666 3871 765 3913; x_wconf 92' lang='lat' dir='ltr'>unam</span> <span class='ocrx_word' id='word_1_275' title='bbox 792 3849 905 3913; x_wconf 91' lang='lat' dir='ltr'>uillam</span> <span class='ocrx_word' id='word_1_276' title='bbox 929 3872 993 3935; x_wconf 89' lang='lat' dir='ltr'>que</span> <span class='ocrx_word' id='word_1_277' title='bbox 1018 3857 1155 3914; x_wconf 88' lang='lat' dir='ltr'>uocatur</span> <span class='ocrx_word' id='word_1_278' title='bbox 1178 3848 1378 3915; x_wconf 85' lang='lat' dir='ltr'>Chinkeford</span> <span class='ocrx_word' id='word_1_279' title='bbox 1405 3871 1470 3934; x_wconf 87' lang='lat' dir='ltr'>qua</span> 
     </span>
     <span class='ocr_line' id='line_1_34' title="bbox 362 3952 1472 4040; baseline -0.001 -22"><span class='ocrx_word' id='word_1_280' title='bbox 362 3955 461 4018; x_wconf 88' lang='lat' dir='ltr'>debet</span> <span class='ocrx_word' id='word_1_281' title='bbox 476 3961 598 4018; x_wconf 87' lang='lat' dir='ltr'>sectam</span> <span class='ocrx_word' id='word_1_282' title='bbox 614 3953 656 4017; x_wconf 86' lang='lat' dir='ltr'>ad</span> <span class='ocrx_word' id='word_1_283' title='bbox 671 3952 752 4017; x_wconf 91' lang='lat' dir='ltr'>illud</span> <span class='ocrx_word' id='word_1_284' title='bbox 768 3953 972 4018; x_wconf 87' lang='lat' dir='ltr'>hundredum</span> <span class='ocrx_word' id='word_1_285' title='bbox 988 3953 1074 4040; x_wconf 92' lang='lat' dir='ltr'>quod</span> <span class='ocrx_word' id='word_1_286' title='bbox 1089 3953 1157 4039; x_wconf 88' lang='lat' dir='ltr'>ipse</span> <span class='ocrx_word' id='word_1_287' title='bbox 1169 3953 1278 4033; x_wconf 88' lang='lat' dir='ltr'>habet,</span> <span class='ocrx_word' id='word_1_288' title='bbox 1294 3961 1328 4018; x_wconf 86' lang='lat' dir='ltr'>et</span> <span class='ocrx_word' id='word_1_289' title='bbox 1344 3975 1472 4038; x_wconf 90' lang='lat' dir='ltr'>semper</span> 
     </span>
     <span class='ocr_line' id='line_1_35' title="bbox 362 4055 1471 4142; baseline -0.001 -20"><span class='ocrx_word' id='word_1_290' title='bbox 362 4058 439 4122; x_wconf 83' lang='lat' dir='ltr'>fecit</span> <span class='ocrx_word' id='word_1_291' title='bbox 469 4065 591 4121; x_wconf 90' lang='lat' dir='ltr'>sectam</span> <span class='ocrx_word' id='word_1_292' title='bbox 620 4055 710 4120; x_wconf 89' lang='lat' dir='ltr'>illam</span> <span class='ocrx_word' id='word_1_293' title='bbox 739 4078 842 4141; x_wconf 89' lang='lat' dir='ltr'>usque</span> <span class='ocrx_word' id='word_1_294' title='bbox 871 4055 914 4120; x_wconf 92' lang='lat' dir='ltr'>ad</span> <span class='ocrx_word' id='word_1_295' title='bbox 935 4055 1021 4121; x_wconf 90' lang='lat' dir='ltr'>diem</span> <span class='ocrx_word' id='word_1_296' title='bbox 1044 4056 1085 4121; x_wconf 92' lang='lat' dir='ltr'>de</span> <span class='ocrx_word' id='word_1_297' title='bbox 1108 4055 1303 4142; x_wconf 82' lang='lat' dir='ltr'>Hockeday⁴</span> <span class='ocrx_word' id='word_1_298' title='bbox 1324 4057 1471 4142; x_wconf 86' lang='lat' dir='ltr'>proximo</span> 
     </span>
     <span class='ocr_line' id='line_1_36' title="bbox 363 4159 1471 4238; baseline -0.001 -13"><span class='ocrx_word' id='word_1_299' title='bbox 363 4169 572 4238; x_wconf 89' lang='lat' dir='ltr'>transactum,</span> <span class='ocrx_word' id='word_1_300' title='bbox 588 4168 622 4225; x_wconf 89' lang='lat' dir='ltr'>et</span> <span class='ocrx_word' id='word_1_301' title='bbox 639 4169 717 4224; x_wconf 90' lang='lat' dir='ltr'>tnnc</span> <span class='ocrx_word' id='word_1_302' title='bbox 732 4183 797 4224; x_wconf 92' lang='lat' dir='ltr'>non</span> <span class='ocrx_word' id='word_1_303' title='bbox 812 4169 974 4225; x_wconf 84' lang='lat' dir='ltr'>uenerunt</span> <span class='ocrx_word' id='word_1_304' title='bbox 989 4161 1136 4225; x_wconf 87' lang='lat' dir='ltr'>homines</span> <span class='ocrx_word' id='word_1_305' title='bbox 1150 4159 1199 4224; x_wconf 91' lang='lat' dir='ltr'>illi</span> <span class='ocrx_word' id='word_1_306' title='bbox 1214 4159 1298 4224; x_wconf 87' lang='lat' dir='ltr'>siout</span> <span class='ocrx_word' id='word_1_307' title='bbox 1313 4161 1471 4238; x_wconf 88' lang='lat' dir='ltr'>solebant,</span> 
     </span>
     <span class='ocr_line' id='line_1_37' title="bbox 362 4263 1469 4352; baseline -0.001 -22"><span class='ocrx_word' id='word_1_308' title='bbox 362 4289 422 4330; x_wconf 90' lang='lat' dir='ltr'>neo</span> <span class='ocrx_word' id='word_1_309' title='bbox 437 4263 647 4329; x_wconf 89' lang='lat' dir='ltr'>reddiderunt</span> <span class='ocrx_word' id='word_1_310' title='bbox 662 4289 691 4329; x_wconf 87' lang='lat' dir='ltr'>x.</span> <span class='ocrx_word' id='word_1_311' title='bbox 707 4265 778 4330; x_wconf 89' lang='lat' dir='ltr'>den.</span> <span class='ocrx_word' id='word_1_312' title='bbox 795 4288 874 4352; x_wconf 91' lang='lat' dir='ltr'>quos</span> <span class='ocrx_word' id='word_1_313' title='bbox 889 4266 1037 4332; x_wconf 84' lang='lat' dir='ltr'>solebant</span> <span class='ocrx_word' id='word_1_314' title='bbox 1048 4266 1181 4331; x_wconf 89' lang='lat' dir='ltr'>reddere</span> <span class='ocrx_word' id='word_1_315' title='bbox 1194 4287 1252 4351; x_wconf 89' lang='lat' dir='ltr'>per</span> <span class='ocrx_word' id='word_1_316' title='bbox 1262 4265 1469 4330; x_wconf 88' lang='lat' dir='ltr'>consuetudi-</span> 
     </span>
    </p>
   </div>
   <div class='ocr_carea' id='block_1_3' title="bbox 395 4419 1470 4548">
    <p class='ocr_par' dir='ltr' id='par_1_8' title="bbox 395 4419 1470 4548">
     <span class='ocr_line' id='line_1_38' title="bbox 395 4419 1189 4480; baseline -0.001 -12"><span class='ocrx_word' id='word_1_317' title='bbox 395 4420 402 4452; x_wconf 92' lang='lat'><strong>¹</strong></span> <span class='ocrx_word' id='word_1_318' title='bbox 422 4420 451 4471; x_wconf 76' lang='lat' dir='ltr'>A.</span> <span class='ocrx_word' id='word_1_319' title='bbox 466 4435 501 4470; x_wconf 90' lang='lat' dir='ltr'>m.</span> <span class='ocrx_word' id='word_1_320' title='bbox 516 4419 583 4478; x_wconf 79' lang='lat' dir='ltr'>23d;</span> <span class='ocrx_word' id='word_1_321' title='bbox 607 4421 739 4473; x_wconf 81' lang='lat' dir='ltr'>B.m.19.</span> <span class='ocrx_word' id='word_1_322' title='bbox 974 4421 984 4453; x_wconf 77' lang='lat'><strong>³</strong></span> <span class='ocrx_word' id='word_1_323' title='bbox 1004 4423 1144 4480; x_wconf 78' lang='lat' dir='ltr'>Wuuthum,</span> <span class='ocrx_word' id='word_1_324' title='bbox 1159 4421 1189 4468; x_wconf 91' lang='lat' dir='ltr'>B.</span> 
     </span>
     <span class='ocr_line' id='line_1_39' title="bbox 395 4483 1470 4548; baseline -0.001 -13"><span class='ocrx_word' id='word_1_325' title='bbox 395 4487 405 4517; x_wconf 79' lang='lat'><strong>²</strong></span> <span class='ocrx_word' id='word_1_326' title='bbox 426 4488 557 4544; x_wconf 76' lang='lat' dir='ltr'>ti&#39;utetoru,</span> <span class='ocrx_word' id='word_1_327' title='bbox 570 4488 600 4535; x_wconf 93' lang='grc' dir='ltr'>Β.</span> <span class='ocrx_word' id='word_1_328' title='bbox 973 4486 983 4517; x_wconf 74' lang='lat'><strong>⁴</strong></span> <span class='ocrx_word' id='word_1_329' title='bbox 1000 4486 1055 4536; x_wconf 83' lang='lat' dir='ltr'>Tho</span> <span class='ocrx_word' id='word_1_330' title='bbox 1063 4485 1157 4536; x_wconf 86' lang='lat' dir='ltr'>second</span> <span class='ocrx_word' id='word_1_331' title='bbox 1167 4483 1286 4548; x_wconf 76' lang='lat' dir='ltr'>Tncsday</span> <span class='ocrx_word' id='word_1_332' title='bbox 1294 4484 1359 4535; x_wconf 79' lang='lat' dir='ltr'>after</span> <span class='ocrx_word' id='word_1_333' title='bbox 1367 4486 1470 4536; x_wconf 80' lang='lat' dir='ltr'>Easter.</span> 
     </span>
    </p>
   </div>
   <div class='ocr_carea' id='block_1_4' title="bbox 0 0 1641 5218">
    <p class='ocr_par' dir='ltr' id='par_1_9' title="bbox 0 0 1641 5218">
     <span class='ocr_line' id='line_1_40' title="bbox 0 0 1641 5218; baseline 0 0"><span class='ocrx_word' id='word_1_334' title='bbox 0 0 1641 5218; x_wconf 95' lang='lat' dir='ltr'> </span> 
     </span>
    </p>
   </div>
  </div>
 </body>
</html>
