3260 5218
353 470 483 520 merca
506 470 580 520 iun
602 469 752 532 ramur,
775 469 839 520 ln.
865 457 959 532 1219,
982 470 1045 521 on.
1068 459 1096 520 3.
1233 455 1274 518 2³

59 642 107 703 25.
233 638 347 704 Assisa
381 639 477 703 uenit
514 638 718 724 recognitum
753 639 780 704 si
810 639 949 706 Thomas
977 641 1018 705 de
1047 640 1154 706 Wilne
1183 647 1276 725 pater
1313 651 1396 699 Notos·

164 741 266 806 Alani
289 742 348 827 qui
365 741 450 807 infra
469 750 593 808 etatem
615 749 665 807 est
688 743 752 807 fuit
773 743 903 808 seisitus
924 743 959 808 in
981 743 1141 808 dominico
1162 765 1220 808 suo
1237 749 1276 808 ut

165 844 207 909 de
223 845 318 910 feodo
332 845 374 910 de
389 845 526 911 dimidia
540 855 690 911 carucata
703 853 787 910 terre
803 869 877 912 cum
898 847 1108 934 pertinenciis
1120 849 1155 912 in
1169 848 1277 912 Wilne

165 955 227 1011 etc
255 947 309 1012 die
332 955 393 1012 etc
417 957 451 1012 et
474 949 501 1012 si
523 956 582 1014 etc
606 971 704 1034 quam
730 956 849 1014 terram
874 949 1031 1035 Magister
1052 950 1213 1015 Robertus
1236 949 1277 1014 de

166 1052 304 1116 Neuilla
326 1060 420 1116 tenet
442 1053 500 1138 qui
521 1053 613 1117 uenit
635 1062 670 1118 et
691 1053 771 1118 dicit
797 1053 884 1140 quod
905 1054 946 1118 de
968 1053 1081 1119 eadem
1105 1061 1191 1118 terra
1213 1053 1277 1118 fuit

164 1156 327 1240 placitum
357 1155 392 1220 in
416 1155 506 1220 curia
528 1156 650 1222 domini
676 1157 776 1242 Regis
801 1158 961 1223 Johannis
984 1158 1071 1222 inter
1094 1157 1275 1244 predictum
1289 1167 1394 1256 mlle

164 1262 327 1326 Thomam
349 1270 383 1326 et
403 1262 579 1327 Ricardum
599 1263 639 1328 de
661 1263 806 1327 Mariscis
824 1271 903 1328 tunc
925 1285 1092 1348 personam
1114 1261 1276 1348 prebende

163 1365 257 1428 illius
271 1365 321 1429 ita
339 1365 428 1450 quod
448 1365 535 1430 idem
556 1365 694 1430 Thomas
714 1366 807 1430 uenit
827 1366 862 1430 in
882 1367 1004 1432 curiam
1027 1375 1061 1431 et
1083 1367 1114 1431 ei
1136 1365 1277 1431 reddidit

164 1477 289 1532 terram
318 1467 410 1532 illam
439 1476 478 1532 ut
507 1468 559 1534 ius
587 1469 749 1554 prebende
773 1492 830 1534 sue
854 1479 888 1534 et
914 1472 997 1536 bene
1020 1471 1166 1536 defendit
1191 1471 1277 1557 quod

165 1592 338 1656 nunquam
368 1571 433 1635 luit
462 1570 538 1635 inde
567 1571 696 1636 saisitus
719 1581 758 1637 ut
782 1573 822 1638 de
847 1573 939 1638 feodo
965 1581 1000 1638 et
1025 1574 1101 1639 inde
1124 1574 1217 1660 ponit
1240 1595 1275 1637 se

165 1696 273 1760 super,
302 1675 444 1739 iuratam
481 1684 515 1740 et
551 1675 623 1740 ideo
658 1677 811 1763 procedat
847 1678 953 1755 assisa¹
987 1685 1037 1743 set
1073 1679 1205 1764 ponitur
1241 1677 1277 1742 in

164 1785 354 1864 respectum
368 1780 517 1864 usquein
532 1788 597 1844 tres
612 1781 808 1866 septimanas
822 1790 895 1867 post
910 1783 1029 1847 festum
1046 1783 1076 1848 S.
1092 1783 1116 1848 J
1116 1783 1164 1848 oli
1182 1783 1275 1848 Babt.

166 1903 227 1966 pro
256 1881 387 1946 defectu
409 1882 646 1968 recognitorum
669 1885 746 1969 quia
766 1884 876 1950 nullus
897 1885 991 1948 uenit
1013 1893 1047 1950 et
1069 1885 1141 1950 ideo
1167 1905 1277 1949 omnes

166 1983 417 2048 atthuchientur
445 1991 480 2048 et
516 1984 694 2050 uicecomes
729 1994 871 2072 apponat
901 1993 951 2050 tot
980 1995 1015 2052 et
1043 1987 1125 2052 tales
1154 1995 1212 2052 etc.
1243 1993 1278 2050 et

168 2087 338 2152 sciendum
368 2086 454 2173 quod
478 2087 537 2151 hec
566 2088 665 2153 assisa
690 2089 822 2174 ponitur
845 2089 932 2176 apud
955 2089 1279 2154 westmonasterium

168 2213 228 2276 pro
257 2190 411 2255 libertate
439 2191 597 2255 baronum
626 2190 667 2255 de
696 2192 851 2256 scaccario
881 2193 939 2278 qui
968 2215 1033 2256 non
1056 2193 1177 2258 debent
1201 2191 1279 2256 alibi

170 2294 349 2380 placitaret

112 2441 119 2456 ·
236 2397 398 2462 Radulfus
434 2397 475 2462 de
512 2398 678 2464 Ecleshale
707 2400 828 2486 optulit
864 2423 898 2464 se
929 2408 1044 2486 quarto
1081 2399 1135 2463 die
1165 2421 1278 2464 uersus
1382 2422 1399 2452 r·

171 2501 310 2565 balliuos
339 2500 478 2566 Comitis
503 2501 663 2566 Warenne
686 2501 727 2566 dc
756 2502 845 2566 omia
869 2501 910 2566 de
938 2501 1213 2588 Ounningcburgo
1238 2501 1278 2566 de

170 2605 290 2691 placito
312 2605 399 2691 quod
422 2605 556 2669 haberet
578 2627 684 2670 coram
707 2605 893 2670 iusticiariis
916 2629 974 2692 per
999 2614 1137 2692 quatuor
1159 2606 1280 2671 milites

170 2719 229 2774 etc.
258 2709 429 2773 recordum
459 2706 499 2772 de
528 2707 656 2792 loquela
685 2730 748 2793 que
778 2709 843 2772 fuit
871 2709 907 2772 in
937 2707 1050 2773 eadem
1079 2708 1169 2773 curia
1193 2709 1280 2772 inter

171 2811 351 2876 Radulfum
365 2809 549 2896 predictum
564 2817 732 2895 petentem
747 2819 781 2874 et
793 2811 974 2875 Robertum
988 2811 1029 2875 de
1040 2811 1279 2876 Wintewurthe

172 2922 340 2978 tenentem
362 2911 403 2977 de
423 2935 473 2978 xv.
489 2913 618 2978 bouatis
640 2921 724 2978 teme
747 2937 821 2980 cum
843 2915 1051 3001 pertinenciis
1072 2915 1108 2979 in
1129 2915 1281 2980 Doctona

172 3018 256 3083 unde
286 3017 435 3081 duellum
464 3016 643 3093 uadiatum,
674 3027 836 3082 armatum
866 3027 900 3082 et
936 3041 1123 3104 percussum
1152 3019 1216 3082 fuit
1245 3019 1279 3082 in

171 3123 285 3186 eadem
308 3121 399 3185 curia
421 3129 455 3185 et
484 3120 571 3185 unde
596 3119 669 3185 linis
693 3121 797 3185 factus
820 3120 884 3184 fuit
909 3121 996 3184 inter
1021 3142 1074 3185 eos
1097 3121 1132 3183 in
1155 3121 1281 3206 prefata

171 3227 260 3292 curia
274 3225 333 3311 qui
347 3225 421 3290 linis
435 3247 501 3289 non
520 3233 652 3289 tenetur
671 3224 778 3289 eidem
799 3224 938 3289 Radulfo
953 3231 993 3288 ut
1012 3223 1093 3289 dicit
1112 3232 1147 3288 et
1166 3247 1279 3290 uersus

172 3330 353 3394 Robertum
375 3328 416 3392 de
437 3327 674 3392 Wintewurthe
697 3327 738 3391 de
758 3325 877 3412 placito
898 3325 984 3412 quod
1006 3333 1091 3390 esset
1108 3325 1279 3390 auditurus

171 3433 340 3499 recordnm
354 3432 436 3497 illud
451 3431 540 3519 etde
555 3432 700 3518 predicto
714 3431 779 3496 fine
799 3453 1008 3517 responsurus
1029 3438 1087 3494 etc.
1110 3438 1145 3494 et
1165 3430 1279 3494 balliui

172 3561 236 3602 non
255 3545 420 3602 uenerunt
434 3544 493 3600 etc
509 3557 569 3600 nec
586 3535 708 3600 milites
722 3558 796 3600 cum
817 3534 946 3599 recordo
966 3556 1026 3598 nec
1041 3533 1204 3598 Robertus
1219 3541 1278 3597 etc.

173 3647 206 3704 ct
235 3641 415 3704 uicecomes
443 3637 613 3702 mandauit
642 3637 727 3723 quod
756 3636 839 3700 illud
867 3643 1055 3722 preceperat
1079 3634 1212 3698 Matheo
1238 3635 1279 3698 de

174 3744 320 3830 Shepele(
342 3742 515 3808 senescallo
545 3741 682 3808 Comitis
711 3749 745 3806 et
774 3741 846 3805 aliis
882 3740 1027 3804 balliuis'
1049 3738 1090 3803 de
1120 3738 1210 3803 curia
1238 3739 1278 3802 de

175 3847 426 3932 Cuningeburgo
452 3853 486 3908 et
508 3843 594 3930 quod
617 3843 779 3908 Robertus
804 3841 1021 3906 summonitus
1044 3840 1107 3904 fuit
1131 3849 1166 3904 et
1191 3861 1277 3904 sum-

175 3951 309 4015 monicio
324 3957 447 4014 testata
460 3955 510 4012 est
526 3956 560 4012 et
574 3947 647 4012 ideo
668 3945 905 4011 consideratum
923 3951 974 4008 est
994 3943 1080 4029 quod
1099 3943 1279 4007 uicecomes

173 4053 330 4118 attachiet
355 4051 493 4116 balliuos
521 4041 665 4136 predicte
694 4048 781 4113 curie
811 4047 898 4132 quod
926 4047 992 4110 sint
1015 4069 1036 4111 a
1059 4045 1111 4110 die
1143 4045 1173 4110 S.
1204 4045 1277 4110 Joh.

174 4158 206 4222 in
226 4167 293 4223 tres
314 4156 514 4242 septimanas
536 4162 594 4218 etc
611 4161 645 4218 et
667 4152 714 4217 ibi
736 4151 877 4216 habeant
891 4149 1066 4216 'recordum
1088 4149 1129 4214 de
1152 4149 1280 4235 loquela

204 4353 212 4384 ¹
228 4352 328 4402 Hester
339 4350 437 4401 Robert
451 4347 550 4398 Neville
565 4347 596 4405 is,
609 4347 622 4396 1
641 4361 699 4409 sup·
751 4349 835 4396 ecstor
846 4345 929 4395 would
942 4345 972 4395 be
983 4345 1061 4395 taken
1074 4343 1102 4393 in
1115 4343 1159 4392 the
1171 4348 1281 4406 country

173 4433 236 4479 pose,
262 4433 279 4467 a
306 4418 391 4468 baron
418 4416 446 4463 ol
473 4415 517 4464 the
539 4413 697 4474 Excherluer.
752 4427 781 4462 as
793 4411 914 4474 provided
926 4411 959 4474 by
972 4410 1015 4460 lhc
1027 4411 1107 4460 Great
1119 4407 1235 4458 Charter.

174 4483 307 4545 Generally
330 4497 365 4532 an
388 4481 471 4530 assim
494 4480 523 4529 ol
537 4483 606 4528 mort
627 4477 698 4528 d'uu·
