3360 5236
364 421 426 490 576
661 433 802 496 unsar,
824 435 889 484 sn.
917 421 1008 497 1233,
1031 435 1094 486 aa.
1119 423 1167 488 17.

361 601 501 668 Radulfo
520 601 605 667 siout
625 601 667 667 ad
687 600 886 666 custodiend’
900 599 943 668 ad
963 624 1044 688 opus
1063 603 1165 689 ipsius
1180 603 1293 684 Petri¹‚
1307 613 1342 670 et
1357 613 1472 692 postea
1560 589 1564 598 ¹

360 705 530 770 commissa
558 705 622 770 fuit
651 705 779 770 cuidam
807 705 931 770 Dauidi
957 707 1109 772 similiter
1133 708 1176 774 ed
1201 709 1400 776 custodiend'
1426 709 1471 774 ad

360 832 441 896 opus
462 809 573 895 ipsius,
594 809 643 874 ita
664 809 752 895 quod
774 831 845 874 eam
869 810 1055 876 habuemnt
1077 834 1135 897 per
1156 835 1183 877 v.
1203 835 1304 878 annos
1325 813 1367 878 ad
1389 835 1472 899 opus

359 913 462 999 ipsius
491 911 582 980 Petri
606 920 683 978 ante
710 921 848 978 mortem
875 913 976 1000 ipsius
1003 914 1147 992 Roberti‚
1173 923 1208 980 et
1233 923 1307 1002 post
1332 925 1471 981 mortem

359 1017 461 1103 ipsius
495 1015 631 1082 Roberti
660 1016 753 1082 uenit
781 1017 948 1103 predictus
977 1018 1094 1084 Comes
1128 1019 1276 1106 Rogerus
1311 1028 1346 1084 et
1382 1020 1472 1106 cepit

360 1119 584 1186 terramillam
600 1119 635 1184 in
655 1143 788 1186 manum
809 1144 901 1186 suam
922 1121 1019 1187 simul
1040 1145 1115 1188 cum
1134 1123 1199 1188 alia
1218 1131 1306 1188 terra
1325 1133 1360 1188 et
1379 1124 1472 1188 illam

360 1225 532 1292 inblsdieri
552 1225 629 1290 fecit
649 1224 690 1289 de
711 1224 925 1312 hibemagio',
940 1234 974 1291 et
994 1233 1108 1312 postea
1126 1226 1215 1291 illam
1236 1227 1378 1292 reddidit
1398 1249 1473 1313 pre·

361 1330 448 1396 dicto
463 1329 691 1394 Bartholomeo
711 1328 809 1394 simril
830 1353 905 1394 cum
925 1329 991 1394 alia
1010 1339 1105 1407 terra,
1119 1331 1177 1416 qui
1196 1330 1287 1395 illam
1307 1332 1416 1396 tenuit
1437 1340 1474 1396 et

361 1433 556 1500 inblsdiauit
577 1441 612 1498 et
633 1431 766 1498 bladum
789 1433 969 1519 asportauit
991 1433 1075 1498 sicut
1097 1433 1138 1498 de
1160 1435 1264 1500 altera
1285 1442 1379 1499 terra
1426 1435 1473 1500 Et

361 1537 435 1603 ideo
470 1535 708 1602 consideratum
744 1543 794 1600 est
823 1536 910 1622 quod
940 1535 1056 1600 Petrus
1085 1537 1289 1623 recuperauit
1317 1538 1473 1604 seisinam

362 1663 463 1719 suam,
478 1649 513 1706 et
528 1639 775 1704 Bartholomeus
789 1639 824 1704 in
839 1637 1062 1704 misericordia

304 1807 311 1820 ,
427 1744 564 1809 'Petrus
597 1741 771 1828 Wymund'
808 1740 1009 1806 attechiatus
1045 1749 1096 1806 est
1131 1741 1174 1806 ad
1210 1741 1472 1828 respondendum

267 1869 317 1900 που·
363 1849 505 1914 Henrico
526 1847 567 1913 de
589 1845 721 1911 Fissacr’
741 1845 781 1911 de
804 1845 924 1932 placito
946 1867 1046 1931 quare
1068 1845 1171 1910 trahit
1192 1868 1268 1910 eum
1290 1846 1325 1910 in
1347 1845 1472 1910 curiam

362 1950 586 2018 cristianitatis
608 1949 649 2014 de
673 1949 763 2036 layco
786 1949 879 2014 feodo
901 1949 1003 2034 ipsius
1025 1949 1161 2014 Henrici
1182 1949 1218 2014 in
1240 1949 1474 2014 'iiucrscumba

362 2063 474 2121 contra
487 2053 741 2141 prohibicionem
756 2061 826 2131 etc,
841 2060 876 2118 et
897 2052 984 2118 unde
1004 2053 1152 2139 queritur
1171 2053 1258 2139 quod
1277 2053 1379 2118 trahit
1394 2075 1471 2118 cum

363 2159 398 2225 in
427 2159 584 2245 placitum
614 2158 654 2224 de
685 2157 825 2244 quodam
856 2157 1030 2222 fraxineto*
1053 2158 1140 2244 quod
1165 2167 1216 2223 est
1241 2158 1408 2244 pertinens
1430 2157 1474 2224 ad

363 2263 491 2350 laycum
515 2262 644 2328 feodum
671 2283 767 2326 suum
793 2267 829 2325 et
853 2260 940 2346 quod
967 2260 1046 2324 tulit
1072 2259 1104 2324 ei
1132 2260 1385 2346 prohibicionem
1415 2281 1474 2346 per

364 2367 450 2453 quod
472 2366 685 2432 deterioratus
707 2373 758 2430 est
779 2363 822 2430 ad
844 2363 1025 2430 ualenciam
1044 2363 1086 2429 xl.
1102 2365 1156 2429 sol.
1173 2372 1207 2430 et
1227 2363 1302 2429 inde
1322 2363 1474 2452 producit

364 2479 494 2537 sectam.

429 2575 473 2640 Et
488 2574 604 2638 Petrus
619 2571 711 2637 uenit
726 2579 761 2636 et
774 2569 921 2636 defendit
935 2570 1022 2656 quod
1036 2592 1214 2656 numquam
1236 2578 1310 2656 post
1329 2569 1472 2656 prohibi·

363 2678 488 2743 cionem
504 2684 635 2741 secutus
649 2681 699 2740 est
714 2674 846 2760 aliquod
860 2673 1019 2759 placitum
1040 2673 1081 2738 de
1102 2673 1192 2760 layco
1206 2673 1299 2738 feodo
1314 2697 1381 2752 suo,
1395 2673 1475 2759 quia

363 2801 477 2844 reuera
498 2776 599 2842 habet
620 2775 784 2863 quandem
809 2775 966 2862 capellam
992 2774 1211 2860 pertinentem
1237 2775 1279 2840 ad
1305 2775 1473 2840 ecclesiam

363 2905 456 2948 suam
486 2881 543 2946 ubi
568 2889 619 2946 est
648 2879 812 2964 quoddam
840 2879 1049 2966 cymiterium
1078 2880 1224 2945 clausum
1250 2887 1285 2945 et
1312 2880 1471 2945 uallatum

364 2984 504 3072 quodam
525 2984 642 3047 fossato
662 3004 760 3067 super
779 2981 866 3066 quod
886 2982 1041 3046 fossatum
1061 2989 1139 3046 sunt
1158 2982 1276 3046 frumini
1295 2991 1474 3047 crescentes

365 3111 445 3176 quos
460 3086 591 3174 quidem
607 3085 693 3150 idem
709 3085 871 3150 Henricus
891 3093 1003 3151 contra
1022 3086 1186 3152 iusticiam
1206 3095 1241 3152 et
1256 3087 1364 3152 minus
1383 3087 1473 3152 licite

365 3191 546 3279 asportauit
572 3187 815 3276 propterquod
841 3189 995 3254 conuenit
1021 3212 1095 3254 eum
1123 3213 1230 3255 coram
1253 3191 1415 3256 iudicibus
1438 3190 1474 3255 in

365 3295 432 3360 foro
447 3293 662 3360 ecclesiastico
677 3293 755 3378 quia
769 3292 931 3358 commisit
946 3294 1152 3382 sacrilegium
1163 3295 1198 3360 in
1209 3296 1392 3362 sanctuario
1406 3317 1475 3372 suo,

365 3399 495 3485 etquis
514 3398 583 3484 ipse
603 3397 667 3462 fuit
686 3396 762 3462 inde
782 3396 817 3462 in
837 3397 956 3462 seisina
975 3407 1010 3463 et
1031 3421 1142 3464 omnes
1164 3399 1402 3485 predecessores
1422 3400 1476 3464 sui

365 3503 414 3568 ita
434 3500 521 3586 quod
542 3500 631 3586 cepit
653 3499 792 3564 fraxinos
818 3508 853 3564 et
878 3499 954 3566 inde
981 3501 1058 3566 fecit
1084 3502 1289 3566 uoluntatem
1315 3511 1476 3579 suamet

365 3605 546 3692 dicitquod
561 3604 624 3668 fuit
639 3604 674 3668 in
689 3603 807 3669 seisina
827 3626 885 3690 per
899 3605 940 3671 xl.
956 3627 1057 3670 annos
1077 3613 1112 3670 et
1131 3605 1201 3692 agit
1222 3605 1262 3671 de
1282 3605 1474 3692 spoliatione

365 3732 433 3788 sus,
448 3718 482 3774 et
496 3708 579 3773 bene
594 3707 740 3774 defendit
760 3707 846 3795 quod
865 3707 953 3774 idem
974 3709 1136 3774 Henricus
1155 3709 1283 3774 nullum
1305 3708 1406 3774 habet
1427 3709 1475 3776 ibi

366 3813 494 3899 laycum
509 3810 647 3876 feodum

431 3917 476 3981 Et
502 3915 664 3980 Henrious
687 3915 781 3984 uenit
804 3922 839 3980 et
865 3914 945 3981 dicit
969 3915 1054 4002 quod
1077 3915 1210 4003 quidam
1233 3916 1395 3982 Bobertus
1417 3917 1475 3982 de‘

366 4020 453 4087 Alba
474 4019 592 4086 Mariis
612 4019 704 4086 dedit
725 4019 867 4086 Martino
885 4019 926 4086 de
949 4019 1082 4086 Fissacr’
1105 4019 1192 4106 patri
1213 4019 1316 4106 ipsius
1338 4019 1475 4087 Henrici

400 4202 409 4236 ¹
426 4202 483 4253 One
492 4215 543 4252 can
553 4199 616 4264 only
625 4203 747 4251 construe
758 4199 812 4250 this
824 4199 859 4262 by
870 4207 894 4250 to
977 4197 988 4230 ¹
1004 4199 1045 4248 He
1061 4197 1115 4249 had
1131 4198 1154 4248 it
1171 4213 1243 4249 sown
1259 4198 1323 4250 sith
1344 4213 1361 4251 a
1383 4198 1477 4251 winter

368 4269 409 4317 tte
420 4283 464 4318 use
474 4268 505 4330 os
519 4269 559 4316 the
570 4267 628 4315 said
640 4267 722 4324 Peter,
734 4263 833 4328 though
844 4279 894 4314 ons
945 4263 1068 4377 trop&⁵

367 4331 546 4395 maynotoall
558 4330 809 4393 Balphafsoflesto
824 4344 893 4380 uses.
976 4328 988 4362 ⁸
1047 4327 1239 4381 'camisFita
1250 4329 1474 4388 Protftfcionffl.

367 4397 479 4446 Observa
490 4395 535 4447 the
545 4395 674 4446 elaborate
684 4395 761 4459 paine
773 4395 853 4444 taken
866 4397 894 4444 to
976 4393 987 4424 ⁴
1002 4393 1044 4443 An
1056 4392 1201 4456 auh-grove.

367 4462 441 4512 maire
454 4461 497 4510 the
505 4461 615 4512 infant’s
623 4459 701 4511 seisin
709 4459 892 4524 indisputable.
976 4457 1173 4522 ‘derepented
