3260 5218
418 489 651 548 ieronimum,
672 487 737 537 un.
762 473 856 550 1219,
879 486 943 538 ne.
966 473 1059 536 3-4.
1250 468 1291 536 57

167 657 321 724 Ricardi
348 683 398 746 per
415 668 616 725 attornatum
639 681 734 724 suum
757 665 876 744 petunt
898 679 1011 722 uersus
1035 655 1228 742 [Robertum
1250 654 1291 719 de

169 763 311 827 Hulnn'
336 764 491 828 custodem
511 764 649 848 Thome]
672 763 733 827 filii
753 761 923 826 Benedicti
943 770 977 826 et
997 761 1134 826 Mariam
1158 781 1291 824 uxorem

171 863 249 927 eiue
262 865 474 929 medietatem
486 864 565 928 uille
577 865 618 929 de
631 864 824 930 Chelewude
837 871 876 927 ut
886 863 996 928 dotem
1008 862 1109 948 ipsius
1121 861 1220 925 Lucie
1230 867 1289 925 etc.

244 966 298 1029 Et
327 967 478 1032 Robertue
498 976 533 1031 ct
553 966 658 1030 Meda
677 989 758 1030 uxor
775 965 845 1030 eius
860 966 974 1030 dicunt
989 965 1075 1051 quod
1089 987 1155 1028 non
1170 964 1291 1028 debent

174 1067 259 1132 inde
289 1069 395 1132 dotem
424 1069 553 1146 habere,
577 1065 654 1154 quia
678 1069 750 1154 ipsa
775 1069 876 1132 Lucia
899 1068 998 1132 habet
1025 1068 1146 1152 [dotem
1173 1075 1207 1131 et
1233 1066 1289 1130 diu

175 1171 322 1255 babuit]
342 1172 460 1236 scilicet
483 1173 519 1236 in
540 1172 722 1237 Stanfend'¹
738 1171 821 1236 etin
837 1172 1016 1236 Blalreham
1031 1171 1118 1236 unde
1133 1169 1241 1234 tenuit
1255 1192 1290 1234 se

176 1283 335 1356 patratam
361 1281 394 1338 et
418 1274 493 1338 ideo
518 1274 651 1338 uidetur
676 1273 722 1338 eie
747 1275 833 1360 quod
858 1297 923 1338 non
949 1274 1070 1339 debent
1096 1273 1155 1358 [eie
1180 1273 1290 1338 dotem

177 1376 392 1462 facere]qu1'a
406 1376 507 1442 habet
521 1376 564 1442 ad
579 1377 757 1442 ualcnciam
772 1377 871 1442 tercie
886 1377 987 1463 partie
1008 1377 1112 1442 tocius
1127 1384 1211 1442 terre
1228 1398 1290 1463 que

180 1475 249 1539 fuit
265 1475 396 1541 uirieui.

251 1579 297 1644 Et
323 1581 506 1646 Willelmue
535 1591 570 1646 et
599 1582 700 1646 Lucia
728 1582 842 1647 dieunt
871 1581 958 1668 quod
987 1581 1058 1668 ipsa
1086 1581 1199 1647 dotata
1227 1581 1291 1647 fuit

182 1681 375 1746 nominatim
394 1683 436 1747 de
456 1683 603 1767 predicta
625 1682 813 1766 [medietate
833 1684 911 1748 uille
929 1682 970 1748 de
986 1683 1185 1750 Cheleswud'
1201 1685 1290 1750 etde

183 1783 285 1868 terra]
313 1783 347 1847 in
373 1784 562 1849 Stanefend’
587 1793 621 1850 et
646 1785 718 1850 ideo
744 1794 864 1871 petunt
888 1793 1007 1850 terram
1032 1785 1122 1850 illam
1148 1792 1183 1850 et
1207 1785 1290 1850 bene

184 1885 362 1951 defendunt
396 1887 484 1972 quod
519 1889 644 1952 nullam
678 1897 798 1954 terram
832 1889 955 1954 habent
983 1888 1019 1954 in
1048 1889 1202 1954 Blackam
1231 1912 1291 1955 nec

186 1991 352 2076 [umquam
386 1993 580 2076 tenuerunt]
614 2015 648 2056 se
681 2000 811 2078 pacatos
840 2015 900 2057 nec
929 2015 1084 2078 umquam
1114 2001 1291 2058 tenuerunt

187 2095 414 2160 terramillam
436 2096 566 2160 nomine
589 2096 673 2161 dotis
697 2097 760 2180 [set
782 2119 895 2161 reuera
917 2097 1056 2161 Thomas
1078 2105 1172 2182 pater
1191 2097 1290 2162 Lucie

186 2197 311 2283 hebuit]
341 2198 495 2263 seisinam
524 2208 669 2284 tempore
698 2221 820 2286 guerre.
866 2200 910 2263 Et
939 2200 1102 2264 Rebertue
1127 2206 1162 2264 et
1188 2199 1291 2263 Maria

186 2323 265 2365 uxor
288 2301 356 2366 eius
382 2301 497 2366 dicunt
519 2303 605 2388 quod
627 2302 775 2366 incuria
801 2302 832 2366 S.
861 2300 1062 2366 Eedmundi²
1086 2302 1291 2387 recuperauit

186 2404 255 2490 ipea
268 2405 391 2490 [dotem
406 2429 499 2471 suam
514 2406 548 2470 'm
564 2405 756 2489 Blakehem]
772 2413 807 2470 et
821 2405 856 2468 in
877 2403 1063 2470 Stanefend'
1079 2411 1113 2468 et
1133 2405 1241 2469 tenuit
1255 2427 1290 2470 ee

186 2519 329 2594 pacatam
358 2511 409 2576 ita
437 2511 524 2596 quod
553 2510 588 2574 in
616 2533 734 2597 guerra
761 2517 795 2573 et
823 2516 897 2595 post
925 2531 1075 2596 guerram
1100 2530 1159 2593 per
1186 2531 1290 2573 unum

188 2613 317 2697 [annum
348 2614 412 2678 luit
442 2614 513 2699 ipsa
541 2613 653 2678 eeieita
681 2613 722 2678 de
752 2613 840 2697 dote]
871 2612 928 2677 illa
957 2620 1007 2676 eet
1036 2634 1094 2697 per
1127 2612 1290 2677 defectum

187 2718 324 2804 ipsorum
340 2719 499 2784 Willelmi
513 2727 548 2784 et
563 2719 662 2784 Lucia
678 2741 716 2783 eo
736 2717 822 2804 quod
842 2740 907 2781 non
930 2716 1140 2781 reddiderunt
1163 2717 1290 2782 firmam

188 2821 259 2906 [que
294 2822 440 2907 pertinet
474 2823 516 2887 ad
551 2829 671 2886 terram
701 2821 879 2886 amiserunt
908 2820 1073 2904 eeisinam]
1103 2829 1137 2885 et
1166 2823 1290 2887 uellent

186 2945 370 3010 recuperare
386 2926 429 2990 ad
443 2933 563 2990 terram
578 2949 670 2990 suam
686 2948 749 3011 que
763 2925 847 2991 bene
862 2933 1027 2990 attorneta
1041 2934 1098 2990 est.

246 3027 325 3090 Post
346 3036 508 3092 uenerunt
522 3028 706 3092 Willelmus
726 3035 761 3092 et
781 3026 883 3092 Lucia
904 3034 938 3091 et
960 3035 1182 3114 cognouerunt
1204 3029 1290 3113 quod

185 3130 251 3216 ipsa
273 3131 339 3196 fuit
360 3131 472 3196 eeieita
491 3132 532 3196 de
556 3139 642 3196 terra
665 3131 705 3196 de
737 3131 917 3215 [Blacham]
950 3139 1095 3216 tempore
1124 3131 1212 3217 pecie
1243 3133 1290 3217 [et

185 3243 253 3319 poet
268 3234 433 3321 guerram]
451 3243 485 3298 et
500 3233 586 3319 quod
606 3234 648 3298 Η.
664 3232 705 3297 de
728 3234 838 3320 Burgo
860 3255 914 3298 eos
936 3232 1012 3296 inde
1034 3233 1211 3298 dieeeisiuit
1232 3257 1290 3320 per

185 3338 389 3401 uoluntatem
402 3359 495 3400 suam
510 3336 672 3400 occasione
689 3335 869 3420 [cuiusdam
884 3335 957 3400 albe
978 3335 1069 3400 firme
1085 3358 1183 3422 quarn
1204 3345 1291 3402 terra

184 3440 248 3524 illa]
266 3439 383 3504 debuit
397 3439 527 3503 domino
542 3439 634 3525 Regi

245 3541 291 3606 Et
304 3541 363 3606 elii
378 3541 438 3606 hoc
452 3549 654 3628 cognoscunt

247 3645 292 3710 Et
313 3645 392 3731 quia
409 3645 472 3732 ipsi
490 3653 686 3732 cognoscunt
706 3647 791 3732 quod
812 3647 944 3710 firerunt
962 3645 998 3709 in
1012 3643 1130 3710 eeisine
1144 3653 1289 3732 tempore

185 3749 270 3834 pecie
291 3759 328 3814 et
349 3772 408 3835 per
429 3750 592 3814 defectum
616 3749 739 3833 [eorum
762 3750 914 3815 dieseisiti
936 3759 1022 3828 sunt,
1037 3749 1287 3835 consideratum]

185 3861 231 3916 eet
252 3852 340 3938 quod
359 3853 548 3938 perquirant
566 3874 600 3916 ee
620 3851 700 3930 etc.³,
715 3852 756 3917 de
776 3852 881 3939 prime
899 3853 1018 3918 eeisina
1032 3875 1092 3918 sua
1105 3853 1291 3920 rehabenda

185 3957 429 4042 aeacum
444 4009 752 4023 ..............

214 4168 224 4200 ¹
241 4169 381 4232 Stemfeld,
395 4169 427 4218 B.
761 4170 806 4220 the
825 4171 889 4232 roll;
914 4171 959 4221 the
978 4171 1030 4220 end
1049 4171 1078 4220 ol
1095 4169 1140 4220 the
1157 4169 1251 4233 phrase
1266 4171 1289 4220 ie

214 4233 295 4284 ¹The
313 4237 466 4297 monastery
483 4233 513 4284 ol
527 4234 599 4297 Bury
617 4234 643 4285 S.
658 4235 710 4284 Ed·
762 4235 880 4298 illegible.
914 4235 969 4284 The
988 4235 1076 4285 record
1095 4235 1159 4285 ende
1178 4235 1289 4284 thoe:-

186 4299 292 4359 munde;
310 4313 354 4348 eea
368 4299 491 4357 Monere,
507 4299 558 4348 vol.
573 4299 611 4348 iii.
626 4313 651 4362 p.
664 4301 711 4348 121
759 4303 911 4364 perquirant
921 4317 946 4350 re
958 4315 1044 4350 uereor
1055 4302 1227 4350 torticiae-ium
1240 4309 1286 4352 ete.

187 4363 222 4412 lor
232 4363 360 4413 Stanfield
371 4363 607 4414 andGheleworth.
762 4373 787 4415 ct
818 4367 875 4415 ideo
903 4367 1024 4416 Rebertur
1046 4367 1105 4415 inde
1126 4367 1180 4414 eine
1202 4366 1243 4414 die
1265 4373 1290 4414 et

214 4428 318 4479 ³er
340 4429 442 4478 follows
466 4443 549 4478 eeeme
571 4429 654 4479 added
680 4431 713 4492 by
766 4431 1133 4482 Willelmmiamieerteordr'o.
1169 4429 1224 4480 The
1238 4432 1289 4480 iur-

187 4493 225 4543 the
235 4497 385 4556 annotator,
398 4493 453 4545 end
464 4493 487 4544 ie
498 4499 546 4544 not
558 4495 636 4546 taken
646 4496 713 4546 from
765 4497 882 4546 riciarius
893 4495 916 4545 ie
928 4495 1029 4546 Hubert
1040 4495 1071 4546 de
1082 4493 1179 4556 Burgh.
