3314 5238
433 473 570 536 merua
593 471 657 522 su.
683 459 776 535 1231,
798 473 861 523 aa
887 463 936 524 15.
1172 463 1233 524 411

140 672 204 714 non
223 655 293 714 sunt
315 647 402 713 bene
425 647 514 713 certi
558 647 672 734 Aliqui
695 656 807 713 tamen
828 649 973 735 ipsorum
995 647 1079 714 bene
1100 649 1238 715 credunt

139 751 222 840 quod
246 761 364 818 cartam
394 752 444 818 ihi
472 751 593 818 detulit
622 759 658 817 et
686 751 733 817 ihi
762 775 835 818 eam
865 753 931 841 legi
960 754 1044 820 lecit
1091 753 1135 818 Et
1160 753 1239 840 quia

139 855 268 943 predicti
294 856 396 942 xxiiij.
427 856 542 922 dicunt
569 855 693 942 precise
723 855 811 942 quod
839 855 976 942 predicti
1007 857 1169 922 Ranulfus
1203 863 1238 922 et

140 960 291 1025 Ernaldus
312 960 422 1046 ipsum
448 959 695 1026 diaseisiuerunt
719 959 760 1024 de
786 967 875 1025 terra
899 960 941 1026 de
966 961 1177 1027 Duneslande
1203 969 1238 1026 et

138 1064 178 1130 de
198 1065 342 1130 omnibus
363 1063 437 1128 aliis
456 1063 543 1128 unde
565 1063 674 1128 iurata
692 1064 867 1129 arramieta
886 1063 951 1129 fuit
970 1074 1177 1153 preterquam
1197 1065 1238 1130 de

138 1169 267 1235 seruioio
284 1169 436 1256 Hugonis
455 1169 486 1234 le
502 1167 687 1255 Champiun
703 1168 769 1233 scil.
786 1167 827 1233 de
847 1168 880 1254 ij.
896 1169 950 1234 sol.
966 1169 1007 1234 da
1023 1192 1087 1255 quo
1102 1169 1239 1234 seruicio

138 1273 198 1359 ipsi
210 1273 308 1358 xxiiij.
324 1273 439 1338 dicunt
454 1271 540 1359 quod
554 1272 623 1358 ipse
639 1272 803 1338 Henrious
823 1273 965 1339 balliuus
984 1274 1087 1361 ipsius
1106 1275 1239 1341 Radulfi

138 1375 176 1439 de
198 1374 387 1440 Thureuilla
409 1375 537 1461 quando
559 1375 637 1440 fecit
658 1374 764 1440 eidem
786 1375 911 1441 Abbati
932 1376 1083 1442 saisinam
1105 1377 1146 1442 de
1166 1377 1239 1444 aliia

137 1482 170 1546 in
189 1489 277 1546 certa
300 1479 463 1546 contentis
487 1479 571 1544 dixit
596 1478 684 1566 quod
709 1479 787 1544 fecit
810 1479 841 1544 ei
864 1479 1016 1546 saisinam
1039 1480 1080 1547 de
1103 1481 1238 1547 senricio

137 1583 268 1672 predicti
287 1583 439 1676 Hugonis
458 1591 498 1648 ut
516 1583 702 1670 pertinente
724 1583 766 1648 ad
788 1591 908 1649 terram
929 1585 964 1650 in
986 1595 1076 1651 carta
1096 1586 1137 1652 de
1159 1587 1237 1652 leof-

137 1687 273 1750 famento
292 1692 488 1762 contentam,
503 1693 537 1750 et
557 1685 635 1770 quia
656 1685 744 1750 idern
766 1685 927 1752 Radulfus
949 1695 1029 1753 tunc
1050 1711 1085 1754 se
1107 1689 1238 1754 omnino

136 1791 260 1856 demisit
274 1789 324 1855 ita
343 1789 430 1876 quod
448 1790 548 1855 nichil
568 1789 645 1855 inde
665 1790 782 1856 habuit
804 1813 865 1856 nec
884 1791 920 1856 in
939 1791 1100 1857 dominico
1122 1816 1183 1858 nec
1202 1794 1238 1859 in

137 1895 272 1973 seruieio,
287 1903 322 1960 et
337 1893 415 1981 quia
429 1894 493 1981 ipsi
511 1894 669 1960 iuratores
689 1896 803 1961 dicunt
824 1895 912 1983 quod
931 1896 1081 1962 nesciunt
1100 1897 1128 1962 si
1150 1897 1238 1963 idem

137 2000 229 2086 Hugo
243 2007 357 2085 postea
370 1997 558 2085 homagium
573 1997 701 2064 fecisset
716 1999 824 2064 eidem
835 2000 959 2065 Abbati
970 2023 1030 2065 nec
1044 1999 1237 2066 fidelitatem

137 2123 190 2165 nec
210 2099 335 2187 aliquid
354 2100 529 2166 seminium
551 2109 586 2166 et
605 2101 646 2167 de
666 2101 727 2168 hoc
747 2103 864 2168 incerti
887 2111 974 2180 sunt,
989 2103 1238 2170 Consideratum

136 2213 181 2270 eet
205 2204 291 2292 quod
313 2205 454 2292 predicti
479 2205 533 2292 xij.
557 2228 623 2271 non
647 2207 887 2273 conuinountur
904 2209 1013 2276 ,immo
1038 2208 1125 2295 quod
1153 2209 1238 2276 bene

136 2309 328 2375 iurauerunt.
348 2309 357 2402 1

194 2415 237 2478 Et
264 2413 340 2478 ideo
368 2413 482 2478 Abbas
511 2421 624 2479 teneat
653 2414 688 2479 in
716 2437 796 2501 paee
826 2421 861 2480 et
886 2415 940 2501 xij.
968 2415 1046 2481 inde
1072 2416 1178 2503 quieti
1203 2425 1238 2482 et

137 2517 288 2582 Ranulfus
302 2525 338 2581 et
354 2517 515 2582 Emaldus
528 2516 563 2582 in
578 2517 803 2584 misericordia

193 2621 293 2708 Hugo
314 2619 355 2685 de
379 2621 533 2685 Neouilla
554 2629 589 2686 et
610 2621 773 2687 Beatricia
791 2643 873 2686 uxor
892 2620 963 2686 eius
982 2629 1103 2707 petunt
1123 2645 1236 2690 uersus

137 2724 292 2812 Rogerum
312 2723 354 2788 de
375 2724 470 2790 (llere
491 2731 526 2789 et
545 2724 741 2789 Matillidem
761 2745 895 2788 uxorem
910 2723 981 2788 eius
995 2725 1237 2813 quinquaginta

136 2829 182 2892 sol
197 2829 345 2894 redditus
365 2851 440 2894 cum
459 2837 540 2915 pert.
556 2829 592 2893 in
612 2829 776 2895 Childerst
790 2836 829 2892 ut
844 2827 895 2892 ius
908 2825 1011 2912 ipsius
1026 2827 1186 2896 Beatricie
1202 2842 1236 2896 et

1303 2432 1348 2483 [lt]

136 2931 165 2996 iu
184 2957 263 3020 quas
284 2956 351 2998 non
373 2933 497 2999 habent
518 2933 700 3020 ingressum
725 2932 788 2996 nisi
811 2954 870 3019 per
893 2931 1072 2996 Radulfum
1100 2933 1141 2998 de
1167 2935 1237 3021 Fay
1329 2955 1333 2964 ·

135 3039 268 3121 primum
290 3039 399 3104 uirum
421 3061 518 3104 suum
540 3039 593 3104 oui
614 3037 742 3125 ipsein
762 3038 834 3103 uita
853 3059 912 3102 sua
931 3037 1149 3104 contradicere
1171 3063 1236 3105 non

137 3144 236 3226 potuit
252 3151 313 3209 ete

189 3249 234 3313 Et
243 3249 392 3334 Rogerus
402 3255 437 3312 et
449 3247 586 3313 Matillis
594 3247 734 3314 ueniunt
743 3255 778 3312 et
789 3253 908 3312 uocant
919 3245 994 3310 inde
1004 3245 1046 3312 ad
1055 3255 1235 3314 warantum

134 3353 310 3418 ‚Iohannem
325 3352 366 3417 de
381 3353 451 3438 Fay
465 3353 570 3417 filium
585 3361 619 3417 et
634 3351 786 3416 heredem
800 3349 939 3437 predicti
954 3350 1085 3416 Radulfi
1105 3351 1146 3416 de
1166 3353 1236 3440 Fay

135 3456 183 3540 qui
206 3477 342 3542 presens
367 3463 418 3520 est
444 3463 478 3518 et
507 3453 553 3518 ei¹
579 3455 768 3520 warantizat
797 3463 832 3520 et
862 3455 1025 3541 cognoscit
1054 3456 1107 3522 ius
1132 3457 1234 3543 ipsius

135 3558 287 3624 Beatricie
312 3567 347 3624 et
367 3557 520 3623 saisinam
535 3565 570 3622 et
584 3557 670 3644 quod
686 3559 833 3646 Rogems
848 3565 883 3623 et
898 3557 1035 3622 Matillis
1049 3559 1234 3624 habuerunt

134 3662 306 3752 ingressum
327 3663 363 3728 iu
385 3671 507 3727 terram
526 3662 616 3726 illam
639 3685 699 3748 per
717 3663 899 3748 predictum
914 3661 1092 3726 Radulfum
1107 3670 1233 3747 patrem

134 3789 227 3832 suum.
273 3767 319 3831 Et
341 3773 438 3830 uocat
460 3765 536 3830 inde
558 3765 600 3831 ad
622 3773 802 3830 warantum
825 3765 959 3829 Petrum
980 3763 1020 3828 de
1042 3763 1130 3828 Malo
1146 3764 1232 3829 Lacu

134 3881 163 3936 et
175 3872 348 3937 Isabellam
364 3893 498 3936 uxorem
513 3871 590 3937 eius.

191 3979 234 4043 Et
254 3999 353 4064 super
372 3976 432 4041 hoo
454 3975 548 4041 uenit
569 3975 681 4040 Abbas
702 3973 743 4039 de
766 3971 970 4060 Beggeham¹
991 3979 1026 4036 et
1048 3971 1233 4057 dicitquod

134 4079 190 4146 iam
205 4105 232 4146 v.
248 4080 343 4146 annis
358 4080 475 4166 elapsis
489 4088 525 4144 et
544 4102 582 4144 eo
601 4079 742 4165 amplius
756 4074 963 4162 inplacitauit
984 4075 1053 4160 ipse
1073 4074 1233 4160 predictos

135 4183 288 4272 Rogerum
310 4185 353 4250 de
374 4184 468 4250 (llere
491 4191 526 4248 et
548 4182 745 4248 Matillidem
765 4181 806 4245 <le
827 4179 941 4244 eadem
961 4179 1063 4244 terra⁸
1082 4179 1122 4244 de
1143 4179 1162 4244 l.
1177 4180 1233 4244 sol.

135 4289 272 4355 redditus
296 4312 372 4355 cum
392 4297 473 4375 pert.
496 4289 531 4354 in
553 4287 738 4356 Chalhistre
758 4307 834 4351 oum
855 4283 971 4350 Strode
995 4283 1044 4347 ita
1063 4281 1149 4368 quod
1171 4281 1235 4368 ipsi

160 4442 169 4537 l
184 4440 340 4570 giblim
354 4506 456 4558 Suessa.
471 4505 583 4557 Mouast.
597 4505 647 4555 vol.
659 4504 683 4564 6,
695 4517 720 4567 p.
736 4503 792 4555 olo,
925 4499 936 4533 ³
954 4499 1051 4564 supply
1063 4507 1086 4549 et
1099 4499 1130 4564 (?)
