3276 5234
381 483 621 542 1666666616,
644 481 708 532 in.
733 469 826 544 1220,
847 483 910 532 sn
935 469 1028 534 4-5.
1197 469 1258 531 251

164 665 273 724 mater
290 657 350 722 eius
370 665 519 744 tempore
540 655 676 722 Henriei
695 657 794 744 Regis
812 657 867 721 sui
882 657 975 721 Dom.
992 656 1100 744 Regis,
1114 657 1163 722 126
1177 659 1263 744 quod

164 771 246 830 tune
270 764 410 850 temporis
436 763 517 850 quia
537 763 610 850 ipse
629 762 726 828 sciuit
751 761 838 849 quod
862 771 949 827 terre
974 763 1031 828 illa
1049 765 1120 836 1612
1148 766 1200 831 166
1229 775 1264 831 62

163 869 318 934 heredites
332 892 391 934 sus
404 869 593 934 Willelmus
607 867 648 933 de
663 867 872 954 Jerpunuills
886 875 966 933 2666
980 869 1034 934 uir
1047 892 1125 936 suus
1140 879 1175 936 et
1194 872 1264 958 ipss

162 973 431 1059 inplseitsuerunt
454 971 618 1058 predictos
639 969 841 1036 Willelmum
863 971 904 1036 de
927 971 1047 1038 Lisiors
1068 981 1103 1038 et
1124 974 1263 1040 Alieism

163 1083 296 1141 matrem
324 1076 394 1141 eius
424 1083 459 1141 et
488 1075 622 1140 dursuit
651 1076 808 1161 plseitum
838 1098 896 1161 per
921 1097 976 1140 sex
999 1099 1108 1153 annos,
1131 1078 1262 1143 tandem

163 1179 340 1244 concordati
367 1179 502 1244 fuerunt
531 1178 566 1242 in
592 1179 682 1243 66116
706 1178 807 1265 Regis
832 1200 890 1264 per
917 1179 1152 1265 cyrographum
1178 1181 1263 1267 quod

163 1287 281 1372 profert
299 1293 331 1350 et
347 1285 435 1372 quod
457 1292 599 1349 testatur
613 1283 700 1370 quod
715 1283 828 1370 xxviij⁰
843 1307 927 1348 snno
942 1285 1034 1370 regni
1049 1285 1150 1371 ipsius
1165 1287 1264 1373 Regis

164 1391 294 1456 Henrici
314 1389 453 1476 predicti
475 1389 659 1453 Willelmus
679 1388 719 1454 de
742 1389 865 1454 Lisiurs
884 1397 918 1454 et
941 1391 1048 1455 Alicio
1068 1399 1173 1456 mater
1194 1391 1264 1456 eius

163 1495 303 1580 quietam
322 1495 547 1558 elemsueront
568 1492 609 1558 de
632 1515 666 1557 se
687 1501 721 1556 et
741 1492 915 1558 heredibus
936 1493 1081 1579 predicto
1100 1495 1264 1560 Willelmo

163 1597 203 1662 de
217 1597 421 1683 Jarponuilla
435 1605 471 1661 et
482 1595 623 1661 Albrede
639 1596 732 1660 uxori
747 1595 817 1660 eius
832 1605 866 1660 et
881 1597 1054 1662 heredibus
1068 1598 1135 1662 suis
1151 1599 1263 1664 uillam

164 1701 202 1766 de
233 1701 350 1765 Fetons
379 1722 438 1785 pro
467 1723 492 1764 6
518 1707 553 1764 62
574 1699 627 1784 vij.
654 1699 723 1763 libr.
751 1707 785 1762 et
815 1697 893 1784 xiiij.
921 1699 977 1764 sol.
1001 1708 1059 1764 626.
1082 1710 1116 1766 62
1138 1701 1264 1766 desieut

162 1814 373 1871 memes
392 1805 537 1890 ipsorum
557 1804 741 1890 petentium
762 1811 796 1867 et
814 1804 1169 1892 661661166111686666ι
1185 1815 1264 1871 2666

163 1912 290 1976 1661662
310 1910 346 1974 16
368 1918 456 1974 terro
479 1916 514 1974 et
537 1909 689 1973 elsmium
713 1931 809 1973 suum
835 1932 899 1974 666
929 1919 1156 1996 apposuerunt,
1180 1913 1265 1998 petit

162 2013 314 2078 iudicium
329 2011 358 2076 si
372 2011 491 2076 debeat
506 2011 537 2075 ei
552 2011 742 2096 respondere
757 2033 855 2098 super
868 2011 967 2076 finem
982 2012 1082 2078 illum.
1102 2013 1107 2101 Ι

224 2117 267 2180 Et
281 2115 345 2201 ipsi
360 2113 501 2178 ueniunt
519 2123 554 2178 et
573 2114 755 2180 concedunt
774 2123 809 2180 62
832 2125 1028 2202 cognoscunt
1048 2116 1147 2181 finem
1171 2118 1264 2182 illum

162 2229 194 2286 62
213 2219 298 2307 quod
319 2241 386 2284 666
406 2227 627 2305 apposuerunt
646 2220 800 2285 elsmium
814 2243 910 2285 suum
926 2229 986 2288 626.
1001 2229 1036 2286 62
1050 2222 1165 2287 dicunt
1179 2223 1265 2310 quod

163 2329 308 2394 nesciunt
332 2327 392 2392 ubi
416 2327 549 2390 fuerunt
572 2329 787 2388 antecessores
809 2323 860 2388 sui
883 2347 921 2388 eo
942 2332 1087 2411 tempore
1108 2349 1172 2411 quo
1191 2326 1265 2390 finis

163 2434 262 2498 166266
277 2431 352 2507 1612,
367 2437 418 2494 set
431 2428 565 2492 uidetur
579 2426 626 2490 eis
641 2425 726 2512 quod
741 2425 815 2490 finis
829 2425 883 2491 ille
898 2449 964 2492 666
978 2427 1077 2493 debet
1091 2429 1138 2493 eis
1153 2452 1265 2494 nocere

161 2537 232 2623 quie
253 2535 320 2622 ipsi
341 2539 462 2620 petunt
484 2539 604 2596 terrem
626 2529 716 2594 illem
738 2537 778 2594 62
803 2530 838 2594 16
864 2539 1014 2616 properte
1038 2554 1190 2610 sororum,
1213 2533 1266 2597 ut'

160 2639 322 2727 predictus
344 2635 530 2702 Willelmus
556 2633 596 2698 de
623 2632 745 2698 Lisiurs
769 2641 804 2697 62
827 2633 992 2718 predictus
1014 2635 1198 2699 Willelmus
1224 2635 1264 2700 de

158 2743 367 2832 Jsrpunuills
399 2749 433 2805 62
461 2737 605 2804 Albredo
637 2737 724 2802 inter
752 2759 832 2824 quos
862 2738 937 2803 finis
967 2740 1071 2804 166266
1100 2741 1164 2804 1612
1200 2763 1264 2805 666

158 2851 289 2915 fuerunt
311 2852 464 2934 parentes
484 2865 544 2908 nee
566 2841 608 2908 sd
629 2841 699 2908 eos⁸
718 2842 828 2929 aliquo
1116 2843 1177 2908 ‘et
1192 2844 1264 2908 ideo

1316 2133 1351 2183 [⁴⁵
1358 2133 1389 2184 n]

157 2961 274 3040 petunt
288 2949 449 3016 iudicium
463 2947 710 3032 sidebeontper
723 2945 823 3011 finem
837 2946 931 3012 illum
945 2947 1096 3012 emittere
1112 2948 1263 3014 clemium
1317 2969 1322 2978 ·

156 3063 400 3224 sumi’loiittcriixit
415 3153 567 3219 Almonis
582 3153 668 3240 quod
687 3161 782 3240 peter
796 3177 874 3221 suus
888 3164 968 3222 2666
982 3157 1046 3221 1612
1067 3157 1101 3222 16
1117 3158 1264 3244 pertibus

156 3260 381 3329 transmarinis
405 3281 480 3324 eum
506 3258 634 3324 Gemite
656 3258 696 3324 de
719 3260 879 3326 Bethuns
925 3262 969 3326 Et
991 3262 1162 3327 Almonis*
1184 3261 1264 3328 dieit

154 3367 241 3455 qnod
260 3365 421 3453 placitum
441 3363 574 3428 dursuit
591 3385 649 3449 per
670 3385 726 3428 sex
748 3386 849 3429 annos
871 3364 906 3428 16
927 3365 1017 3430 euris
1038 3366 1138 3454 Regis
1159 3367 1263 3452 prius-

154 3496 253 3561 qusm
274 3471 352 3537 finis
366 3470 471 3534 166266
491 3467 627 3546 1612126
643 3467 730 3554 quod
752 3477 845 3555 peter
867 3469 1006 3556 predicti
1026 3471 1162 3537 Roberti
1184 3479 1263 3536 2666

154 3577 218 3642 1612
247 3575 284 3640 16
305 3574 397 3639 euris
424 3572 479 3638 in⁶
501 3594 631 3658 presens
661 3572 790 3658 quondo
812 3573 885 3638 finis
915 3574 1020 3638 faetus
1041 3575 1114 3654 fuit,
1136 3583 1170 3640 et
1199 3575 1263 3639 fuit

154 3679 295 3768 armiger
316 3700 395 3744 sous
417 3685 452 3742 et
480 3699 545 3742 666
574 3677 725 3764 apposuit
753 3677 916 3756 clamium,
938 3686 973 3743 et
1001 3679 1074 3745 ideo
1103 3681 1188 3767 petit
1214 3681 1263 3745 16-

154 3784 278 3850 dicium
286 3781 306 3848 ¹.

104 3951 108 3963 ,
220 3887 489 3953 ⁸Bortholomeus
500 3886 587 3952 filius
598 3887 728 3953 Rieerdi
739 3886 825 3974 petit
839 3909 952 3952 uersus
967 3887 1143 3953 Osbertum
1158 3887 1261 3953 filium
1361 3907 1378 3938 6

154 3991 289 4058 Rieordi
299 3991 432 4057 11621661
447 4013 543 4057 suum
555 3991 684 4058 feodum
694 3991 718 4079 j.
731 3991 846 4056 militis
861 4013 935 4056 eum
950 3998 1030 4078 pert.
1042 3992 1077 4056 in
1093 3991 1262 4059 Gedewell'

188 4189 581 4254 ¹Supplyesoteroo,s.s.
735 4189 806 4241 16116
813 4189 917 4254 pertio'¹
931 4187 1114 4254 (pertinenter).

188 4255 421 4318 ’Gon.et,A,B.
768 4255 1001 4316 ’1112661662

187 4320 450 4385 *8666161663
767 4319 957 4379 ο06112161.

188 4388 199 4420 ⁴
216 4387 240 4436 Δ
256 4401 333 4450 66666
350 4386 373 4436 ie
392 4386 456 4445 1612;
479 4384 526 4435 the
544 4385 644 4449 oopyiet
661 4385 685 4436 is
767 4385 778 4420 ⁷
794 4385 845 4435 For
860 4385 969 4436 sbsenoe
984 4384 1085 4448 beyond
1104 4398 1161 4435 sess
1177 4399 1207 4434 ss
1225 4399 1260 4434 en

155 4451 269 4516 puzzled
279 4452 313 4514 hy
323 4467 339 4501 s
350 4451 474 4514 ersmpsd
489 4449 683 4502 interlinestion
735 4465 827 4501 exouse
838 4451 878 4500 for
889 4450 1030 4500 66661616
1041 4465 1082 4500 see
1092 4451 1136 4499 Br.
1149 4449 1167 4500 1.
1180 4449 1235 4501 436.

156 4517 186 4568 16
197 4519 235 4578 Δ;
251 4517 279 4567 16
290 4517 354 4568 both
370 4516 434 4567 rolls
451 4516 498 4568 the
513 4516 583 4567 word
599 4531 683 4568 seems
768 4515 825 4570 ΒΑ.
839 4531 875 4568 m.
888 4517 934 4578 143
949 4516 979 4568 B.
993 4529 1028 4568 m.
1041 4517 1080 4566 13.
