3260 5218
381 453 424 518 92
567 467 701 524 ,eninr
723 469 796 518 sun
819 469 955 532 amnne,
977 471 1042 522 nn.
1067 461 1160 538 1220,
1183 477 1245 526 nu
1268 465 1296 526 t.

257 658 289 708 11⁶
298 660 326 712 tl
447 644 491 710 Et
520 645 703 712 Willelmus
732 646 812 712 dicit
840 647 927 734 quod
955 647 996 713 de
1012 651 1110 715 terra'
1127 650 1163 716 in
1193 651 1358 739 Beythorp
1387 651 1488 718 nichil

380 747 499 813 elamat
522 749 599 835 quia
621 771 686 814 non
711 759 761 814 est
784 750 825 815 de
848 751 1058 836 pertinenciis
1083 752 1123 817 de
1145 753 1295 832 Suttona,
1315 755 1416 820 immo
1437 765 1489 820 est

380 851 519 938 quedam
534 854 615 919 uilla
628 877 743 940 perse,
758 863 793 920 ct
815 855 856 920 de
878 856 1004 942 Rogero
1026 856 1211 944 dicitquod
1234 857 1350 924 Comes
1370 859 1489 924 Balde·

382 955 483 1021 winus
509 957 601 1022 dedit
625 965 744 1023 terram
768 959 858 1024 illam
884 960 996 1046 cipro
1022 961 1172 1048 homagio
1198 971 1233 1027 et
1258 962 1393 1028 seruicio
1420 986 1488 1040 suo,

380 1069 494 1146 postea
511 1069 622 1126 eutem
642 1060 770 1148 quando
784 1063 853 1150 ipse
869 1063 985 1129 hebuit
999 1065 1180 1129 manerium
1194 1065 1275 1130 illud
1290 1066 1383 1131 uenit
1399 1067 1487 1131 idem

381 1164 526 1250 Rogerus
551 1163 593 1229 ad
622 1177 698 1230 eum
721 1175 755 1230 et
777 1167 854 1232 fecit
876 1167 907 1232 ei
929 1167 1116 1254 homagium
1138 1191 1234 1232 suum
1256 1177 1291 1233 et
1313 1171 1487 1236 seruicium

381 1289 476 1332 suum
501 1266 542 1332 de
568 1269 732 1332 termille
756 1277 791 1334 et
816 1269 988 1334 seruioium
1012 1271 1082 1334 eius
1107 1271 1269 1336 commisit
1288 1271 1357 1358 ipse
1379 1273 1487 1338 eidem

381 1371 529 1436 Falkesio
558 1371 593 1436 in
621 1371 721 1436 ballia
749 1395 823 1437 cum
852 1373 917 1438 alia
945 1382 1039 1450 terra,
1069 1381 1103 1438 et
1132 1374 1160 1438 si
1189 1375 1358 1441 Fallresius
1379 1376 1488 1441 noluit

379 1475 520 1562 recipere
549 1475 721 1540 seruicium
751 1498 855 1553 suum,
877 1476 938 1542 hoc
959 1477 1097 1542 nonest
1125 1477 1157 1543 ei
1185 1477 1414 1564 inputandam,
1436 1490 1488 1544 set

380 1579 463 1643 bene
491 1579 594 1644 credit
622 1579 708 1666 quod
736 1579 823 1645 idem
852 1581 998 1668 Rogerus
1026 1582 1132 1646 noluit
1161 1583 1265 1647 lacere
1297 1582 1487 1670 homagium

380 1681 486 1747 eidem
500 1682 650 1747 Falkesio
664 1705 702 1748 eo
717 1682 802 1768 quod
816 1705 881 1747 non
896 1683 1012 1748 habuit
1026 1683 1102 1748 inde
1117 1683 1180 1748 nisi
1195 1683 1335 1751 bolliam.

445 1785 490 1850 Et
508 1784 675 1850 Falkesius
693 1807 752 1872 per
770 1791 971 1850 attornatum
992 1808 1087 1851 suum
1107 1785 1188 1851 dicit
1209 1786 1296 1872 quod
1317 1809 1486 1874 nunquam

380 1886 497 1953 habuit
511 1886 586 1952 inde
601 1887 788 1974 homagium
803 1889 857 1952 uel
872 1889 1044 1954 seruicium
1059 1897 1094 1954 et
1114 1889 1173 1954 hoc
1193 1889 1276 1955 bene
1296 1899 1389 1976 potet
1409 1891 1489 1976 quia

380 1989 553 2077 aliquando
574 1991 668 2056 uenit
689 1990 776 2056 idem
806 1991 951 2078 Rogerus
975 1990 1009 2055 in
1038 1991 1170 2070 curiam,
1195 1999 1230 2056 et
1252 2001 1387 2078 questus
1421 1993 1487 2058 fuit

380 2093 422 2158 de
447 2092 559 2158 eodem
585 2093 735 2158 Falkesio
759 2093 845 2179 quod
873 2093 1039 2158 distrinxit
1065 2116 1141 2158 eum
1170 2094 1212 2159 ad
1241 2095 1425 2160 faciendum
1455 2096 1487 2160 ci

380 2197 568 2284 homagium
582 2219 678 2262 suum
691 2203 727 2262 'ct
746 2197 926 2264 seruicium.
971 2198 1015 2262 Et
1037 2206 1186 2285 pretereo
1207 2198 1294 2264 idem
1317 2199 1488 2265 Fallresius

380 2301 461 2366 dicit
486 2299 571 2387 quod
594 2300 705 2368 Abbas
728 2301 769 2366 de
789 2299 902 2368 Μεθ’
917 2308 1009 2366 tenet
1029 2302 1069 2366 xl.
1089 2323 1178 2367 acras
1198 2301 1233 2366 in
1260 2301 1401 2368 Suttona
1428 2304 1488 2390 qui

380 2403 416 2468 in
444 2405 534 2468 nullo
562 2403 728 2470 achcuc'ut¹
750 2403 781 2468 ei
810 2403 850 2469 de
880 2411 968 2469 terra
996 2405 1061 2481 illa,
1084 2405 1184 2470 immo
1209 2405 1300 2471 illam
1323 2413 1415 2472 tenet
1444 2407 1487 2472 de

381 2507 530 2572 Hemone
546 2505 759 2592 Oreuequeor.

381 2619 400 2662 ὓ
446 2611 498 2676 Et‘
519 2610 635 2677 Comes
664 2611 744 2676 dicit
765 2610 851 2698 quod
880 2619 966 2678 terra
988 2613 1164 2700 illaquam
1186 2614 1299 2680 Abbas
1320 2623 1413 2680 tenet
1435 2623 1487 2680 est

378 2714 553 2780 elemosina
581 2722 615 2780 et
639 2714 725 2800 quod
754 2716 883 2801 quando
904 2717 973 2803 ipsc
995 2719 1178 2784 manerium
1200 2719 1283 2784 illud
1311 2719 1429 2784 habuit
1451 2719 1486 2783 in

380 2841 479 2884 manu
494 2841 560 2896 sua
575 2825 654 2884 tunc
669 2819 777 2884 tenuit
791 2819 902 2884 Abbas
917 2819 957 2886 dc
973 2842 1011 2885 eo
1025 2821 1113 2886 utin
1129 2821 1310 2887 elemosina

444 2922 489 2990 Et
500 2921 577 3009 quia
585 2921 700 2988 Comes
711 2923 873 3010 cognoscit
884 2922 969 3010 quod
979 2924 1125 3011 Rogerus
1135 2947 1200 2990 non
1211 2925 1288 2992 fecit
1297 2926 1486 3014 homagium

378 3025 442 3112 ipsi
465 3027 492 3090 F
493 3025 623 3103 alkesio‚
646 3034 680 3090 et
702 3035 850 3112 preterea
873 3033 1032 3091 testatum
1055 3035 1107 3092 cst
1136 3027 1222 3114 quod
1250 3029 1378 3094 nullum
1408 3031 1487 3094 fecit

378 3129 550 3196 seruicium
572 3129 635 3215 ipsi
656 3129 813 3205 Falkesi0,
831 3129 1068 3194 consideratum
1090 3131 1248 3218 estquod
1269 3155 1334 3197 non
1354 3155 1485 3219 respon-

379 3233 456 3299 de'ot
484 3233 526 3298 ad
555 3234 615 3298 hoc
643 3234 742 3299 breue
771 3233 812 3298 dc
841 3234 984 3299 manerio
1014 3234 1054 3301 de
1085 3235 1236 3314 Suttona,
1264 3243 1315 3301 set
1343 3235 1384 3301 de
1413 3237 1487 3301 aliis

379 3337 530 3402 maneriis
565 3336 764 3422 respondeat,
795 3344 830 3401 et
863 3337 980 3403 (lomes
1008 3338 1043 3403 in
1072 3339 1290 3405 misericordia
1317 3361 1376 3426 pro
1405 3341 1486 3406 falso

349 3471 351 3475 v
379 3439 524 3517 clamore,
539 3439 616 3524 quia
629 3437 728 3503 nichil
743 3436 830 3516 dicit,
845 3437 908 3504 nisi
923 3440 1008 3526 quod
1023 3439 1115 3506 dedit
1129 3441 1161 3506 ei
1175 3441 1233 3506 illa
1246 3441 1399 3507 maneria

445 3543 489 3608 Et
504 3543 672 3608 Falkesius
687 3542 798 3608 eodem
813 3542 908 3608 modo
923 3567 987 3630 quo
1002 3545 1091 3631 prius
1105 3545 1279 3632 respondet
1297 3547 1337 3612 de
1357 3545 1486 3612 duobus

379 3648 531 3713 maneriis
552 3656 587 3713 et
608 3647 684 3713 inde
705 3649 826 3734 profert
848 3656 906 3712 etc
923 3647 958 3712 in
980 3648 1040 3713 hec
1062 3649 1169 3727 uerba,
1192 3649 1304 3715 Sciant
1322 3659 1381 3714 etc
1398 3651 1486 3737 quod

378 3777 439 3841 ego
468 3754 518 3820 W.
541 3753 747 3818 Marescallus
768 3753 855 3817 filius
879 3751 925 3817 W.
949 3752 1129 3818 Marescalli
1152 3753 1290 3820 Comitis
1313 3754 1485 3820 Penbrocii

378 3858 455 3924 dedi
483 3867 518 3924 et
546 3858 685 3924 concessi
715 3857 864 3923 Falkesio
893 3856 934 3940 de
957 3857 1098 3923 Breaute
1121 3866 1155 3922 et
1177 3857 1304 3924 reddidi
1326 3858 1411 3923 sicut
1432 3859 1486 3924 ius

379 3983 489 4026 meum
512 3968 547 4026 ct
570 3961 718 4048 quietum
742 3959 881 4025 clamaui
901 3959 942 4024 dc
962 3983 1014 4025 me
1035 3969 1094 4026 etc
1110 3961 1141 4025 ei
1163 3969 1222 4026 etc
1240 3969 1343 4026 totam
1364 3969 1484 4027 tenum

378 4085 483 4128 meam
499 4085 596 4149 quam
610 4063 710 4128 habui
724 4062 758 4126 in
774 4061 941 4128 comitatu
957 4061 1081 4126 Kancie
1096 4062 1218 4127 scilicet
1237 4063 1418 4127 manerium
1442 4063 1483 4128 de

380 4166 576 4253 Breybume,
588 4165 766 4230 manerium
778 4159 818 4234 de
831 4165 973 4230 Suttone
983 4173 1018 4230 et
1032 4165 1212 4231 manerium
1228 4165 1269 4232 de
1284 4167 1483 4256 Kemcsinge

412 4426 420 4456 1
439 4425 525 4484 mou,
544 4423 575 4480 s,
589 4421 618 4472 a.
655 4420 710 4470 me
726 4421 796 4472 wore
813 4421 841 4472 tn
858 4422 903 4473 ue
953 4421 1010 4485 (ue
1021 4421 1103 4471 neers
1114 4421 1142 4472 in
1154 4421 1232 4485 nent)
1245 4420 1267 4472 ts
1278 4421 1359 4486 rign.

380 4495 434 4541 text
453 4489 476 4539 is
493 4502 564 4538 more
579 4487 631 4536 like
648 4488 742 4546 Duces,
760 4487 806 4537 but
823 4489 903 4538 Ledus
984 4487 1044 4546 ²A,
1057 4487 1089 4536 B.
1124 4525 1126 4530 .
