3212 5230
361 394 425 456 358
570 399 803 461 moissiacum,
824 399 888 450 sn.
915 384 1008 460 1230,
1030 399 1094 448 nu
1119 382 1255 448 14-15.

362 578 451 644 nullo
466 574 559 641 uenit
574 581 686 639 contra
699 571 797 637 finem
813 578 925 636 contra
935 593 1011 636 eum
1026 577 1061 636 et
1075 578 1197 636 sectam
1212 572 1320 638 suam¹
1335 582 1371 638 et
1384 573 1476 637 bane

362 681 509 748 defendit
536 677 621 766 quod
651 684 784 764 propter
811 675 975 741 defectum
1005 698 1102 742 suurn
1127 675 1214 741 idem
1237 677 1383 764 Rogems
1405 698 1478 740 non

363 786 576 873 distringitur.
621 784 698 848 Post
720 781 813 846 uenit
836 781 997 869 Margeria
1016 804 1075 867 per
1094 790 1297 848 attornatum
1317 806 1416 848 suum
1438 791 1478 846 et

362 893 443 958 dicit
465 889 550 978 quod
580 889 620 953 dc
649 894 800 973 proparte
827 907 886 949 sua
908 884 1007 948 debet
1028 883 1223 971 capitalibus
1245 886 1385 951 dominis
1407 908 1477 951 ser·

363 996 485 1061 uicium
500 993 532 1078 ij.
548 992 691 1056 militum
707 997 741 1053 et
756 987 866 1052 dimid.
879 996 913 1052 et
928 995 1076 1073 preterea
1090 985 1281 1052 forinsecum
1296 987 1476 1053 seruicium

364 1108 522 1188 quantum
543 1095 686 1183 pertinet
705 1093 748 1160 ad
762 1093 801 1179 vj.
824 1093 904 1180 uirg.
928 1101 1014 1157 terre
1034 1115 1109 1157 cum
1131 1101 1212 1178 pert.
1235 1093 1269 1158 in
1289 1093 1478 1159 Derwines·

365 1213 446 1270 tuna
475 1211 509 1268 et
538 1201 618 1266 dicit
644 1199 730 1286 quod
760 1198 801 1262 de
827 1205 897 1261 toto
926 1196 1062 1262 seruicio
1088 1196 1143 1260 illo
1169 1197 1353 1283 aquietauit
1379 1221 1415 1264 sa
1440 1207 1478 1264 et

364 1307 506 1375 reddidit
520 1305 693 1371 seruicium
714 1302 796 1366 illud
817 1300 1172 1366 Johanni.Brithasche
1192 1301 1313 1368 balliuo
1334 1303 1479 1370 Comitis

364 1411 501 1501 predicti
531 1418 565 1476 at
594 1408 670 1474 inde
699 1407 793 1494 ponit
821 1428 855 1470 se
885 1427 982 1491 super
1010 1404 1193 1490 predictum
1223 1406 1409 1472 Johannem
1440 1415 1478 1473 et

365 1517 511 1604 Rogerus
533 1512 689 1578 similiter.
735 1509 778 1574 Et
798 1507 871 1574 ideo
893 1516 1083 1594 preceptum
1105 1517 1156 1573 est
1178 1508 1363 1575 uicecomiti
1385 1510 1478 1597 quod

365 1620 539 1708 distringat
554 1615 735 1704 predictum
751 1613 774 1678 J
775 1614 935 1678 ohannem
948 1613 1035 1700 quod
1048 1613 1092 1678 sit
1103 1622 1162 1679 etc
1175 1613 1218 1680 ad
1233 1615 1480 1681 testificandum

365 1725 394 1790 si
422 1723 568 1812 predicta
597 1719 758 1808 Margaria
786 1718 942 1784 satisfecit
974 1719 1005 1783 ei
1039 1727 1078 1784 ut
1107 1719 1229 1784 balliuo
1259 1719 1398 1786 Comitis
1435 1721 1478 1788 de

366 1829 511 1916 predicto
534 1825 670 1893 seruicio
696 1825 781 1891 sicut
804 1824 875 1910 ipsa
898 1823 1058 1910 Margaria
1080 1823 1161 1889 dicit
1181 1825 1235 1889 uel
1257 1825 1285 1890 si
1306 1826 1480 1892 distrinxit

366 1933 548 2021 pradictum
578 1932 741 2018 Rogerum
770 1952 828 2016 pro
855 1929 1010 1994 forinseco
1032 1928 1168 1994 seruicia
1190 1929 1412 2015 predictarum
1435 1931 1478 2016 vj.

366 2037 447 2126 uirg.
471 2045 555 2101 terre
578 2035 663 2100 sicut
684 2035 771 2100 idem
794 2034 940 2121 Rogerus
962 2033 1043 2098 dicit
1064 2041 1124 2100 etc
1170 2033 1263 2099 Idem
1285 2033 1355 2100 dies
1377 2035 1478 2102 datus

368 2150 418 2208 cst
433 2141 587 2227 partibus
1234 2203 1237 2208 .

433 2243 560 2309 'Abbas
596 2241 637 2307 de
667 2240 869 2328 coggeshale
897 2239 956 2306 dat
985 2239 1097 2307 dimid
1126 2263 1220 2306 marc
1251 2263 1310 2327 pro
1339 2243 1479 2310 licencia

368 2347 580 2415 concordandi
601 2369 675 2412 cum
700 2346 817 2411 Sibilla
838 2345 878 2410 de
902 2345 1031 2410 Kaume
1054 2345 1095 2410 de
1117 2345 1238 2432 placito
1258 2354 1343 2413 terre
1364 2357 1428 2414 etc.
1444 2357 1479 2414 et

368 2461 419 2518 est
448 2449 615 2517 concordia
644 2449 719 2514 talis
741 2449 826 2536 quod
855 2449 1002 2535 predicta
1025 2449 1141 2514 Sibilla
1161 2452 1349 2538 recognocit
1371 2453 1390 2518 h
1415 2475 1477 2518 scr.

368 2566 453 2623 terre
469 2579 543 2622 cum
558 2563 638 2642 pert.
655 2554 690 2618 in
705 2552 793 2618 Rod³
809 2576 878 2618 esse
899 2553 950 2618 ius
965 2553 1106 2619 Abbatis
1126 2563 1160 2619 ct
1181 2555 1414 2622 Monachorum
1437 2557 1478 2624 de

370 2661 569 2750 Coggeshale
586 2659 750 2724 habendas
765 2667 799 2724 et
814 2658 971 2724 tenendas
986 2659 1093 2724 eidem
1109 2660 1232 2725 Abbati
1253 2669 1287 2726 et
1308 2662 1478 2730 Monacbis

370 2777 404 2834 et
434 2789 545 2834 eorum
575 2763 810 2830 successoribus
839 2764 1070 2850 inperpetuum
1099 2763 1140 2829 de
1167 2765 1280 2830 eadem
1303 2765 1424 2832 Sibilla
1445 2777 1480 2832 et

370 2871 544 2938 heredibus
573 2869 639 2934 suis
668 2867 832 2934 reddendo
861 2867 937 2932 inde
966 2889 1025 2953 per
1053 2889 1175 2932 annum
1201 2867 1278 2934 dim.
1300 2891 1395 2935 marc
1421 2893 1479 2958 pro

371 2978 459 3043 omni
473 2974 609 3042 seruicio
623 2974 713 3038 saluo
728 2973 892 3050 forinseco,
908 2981 942 3037 et
957 2995 1014 3058 pro
1029 2973 1089 3037 hac
1105 2981 1164 3038 etc.
1181 2961 1347 3060 pradictus
1362 2976 1477 3041 Abbas

371 3081 462 3148 dedit
477 3081 507 3146 ei
523 3103 572 3144 xv.
588 3101 683 3144 marc.
728 3078 773 3142 Et
787 3085 934 3142 remanet
949 3077 1174 3165 cirographum
1195 3077 1378 3144 faciendum
1398 3080 1479 3167 quie

372 3186 483 3251 Abbes
497 3191 625 3248 amotus
640 3190 690 3246 est
705 3181 806 3246 donec
825 3181 938 3270 redeat
957 3182 1011 3246 uel
1032 3181 1132 3248 donec
1152 3183 1236 3248 alius
1257 3184 1479 3251 substituatur

372 3291 403 3356 ei
426 3299 485 3355 ete.
531 3288 590 3353 Set
612 3285 736 3350 dictum
759 3293 809 3350 est
832 3285 938 3351 eidam
960 3287 1074 3353 Sibille
1095 3289 1182 3375 quod
1201 3289 1245 3354 sit
1265 3291 1351 3376 apud
1369 3290 1477 3356 West-

299 3385 301 3390 ’
373 3391 604 3458 monasterium
616 3397 676 3454 etc.
687 3388 730 3453 ad
744 3389 938 3474 capiendum
953 3391 1177 3478 cirographum
1192 3415 1287 3459 suum
1303 3403 1337 3459 et
1352 3393 1477 3461 dictum

373 3507 423 3563 est
453 3494 620 3561 Monachis
649 3493 689 3559 de
720 3493 921 3582 Coggeshale
950 3496 1037 3581 quod
1066 3496 1209 3562 habeant
1237 3499 1284 3564 ibi
1316 3500 1478 3585 predictos

372 3601 520 3676 denarios
549 3600 591 3665 sd
619 3599 821 3664 reddendum
850 3599 995 3686 predicte
1022 3600 1137 3665 Sibille
1166 3610 1201 3666 et
1222 3603 1335 3668 uenire
1357 3605 1478 3670 faciant

373 3708 538 3773 Abbatcm
553 3705 595 3770 ad
609 3704 803 3791 capiendum
818 3704 1043 3792 cirographum
1058 3729 1162 3772 suurn.

253 3825 325 3888 449,
439 3810 617 3875 ⁴Robertus
636 3809 678 3874 de
699 3809 837 3874 Hiltona
852 3810 1068 3875 summonitus
1083 3810 1147 3875 fuit
1162 3810 1203 3876 ad
1219 3812 1477 3898 respondendum

259 3923 320 3962 um.
374 3915 467 3980 Dom.
484 3913 568 4002 Regi
588 3935 652 4000 quo
675 3921 816 3978 waranto
836 3913 1011 3978 asssrtauit
1030 3935 1233 3980 communem
1254 3897 1387 3981 boscum
1409 3939 1478 4004 per·

374 4019 535 4084 tinentem
557 4016 599 4082 ad
621 4015 766 4081 maneria
784 4015 825 4080 de
848 4015 1031 4082 Shoffordia
1051 4016 1258 4083 Ordeshales⁸
1277 4027 1312 4084 at
1333 4019 1478 4086 Burtona

374 4121 417 4188 ad
431 4127 663 4186 nocumentum
678 4119 794 4183 foreste
809 4119 903 4184 Dom.
916 4119 1016 4208 Regis
1030 4120 1071 4186 de
1087 4121 1302 4212 Westdereby
1316 4130 1378 4188 eta

408 4307 417 4340 ¹
435 4305 547 4370 defendit
569 4311 655 4354 contra
676 4318 731 4352 eum
752 4309 777 4352 et
798 4309 898 4364 sectam,
984 4303 1074 4366 ”Rem
1091 4307 1121 4354 A.

377 4374 423 4424 sha
433 4371 522 4422 denies
533 4369 636 4433 against
646 4368 703 4419 him
714 4367 767 4420 und
778 4367 821 4418 his
833 4369 892 4419 suit
985 4370 996 4402 ⁴
1011 4371 1042 4419 A.
1054 4385 1090 4418 ιιι.
1102 4373 1118 4422 9
1129 4370 1153 4420 d.

408 4439 418 4470 ²
434 4439 464 4487 Δ.
476 4453 510 4486 ιιι.
525 4439 549 4488 9.
985 4436 994 4466 ⁵
1013 4438 1130 4500 Steljord
1142 4437 1285 4498 Ordeshalc,
1299 4439 1328 4490 Δ.
