3308 5226
359 439 422 504 664
661 451 800 514 neema,
821 451 886 502 nn.
912 437 1005 516 1234,
1028 451 1093 503 nn
1117 439 1167 504 18.
1205 414 1209 424 ⁸

194 635 341 731 ‚51¹3pr
358 633 471 691 matre.
517 625 561 690 Et
576 625 655 712 quia
668 625 756 690 idem
771 624 936 690 Walterus
951 624 1037 711 petit
1052 624 1093 691 de
1108 625 1229 692 seisina
1243 617 1417 691 Matillidis
1432 635 1469 691 et

193 729 303 816 hom
358 729 483 794 nullam
512 729 590 794 fecit
612 727 814 793 mencionem
835 727 876 793 de
900 728 1043 794 Henrico
1065 729 1132 794 filio
1154 728 1326 794 Matillidie
1347 728 1468 815 primo·

194 788 338 917 ’3ῗέξὲξὲ
359 833 471 920 genito
485 833 543 920 qui
557 833 621 898 fuit
635 833 722 898 filius
739 841 774 898 et
793 832 887 898 heres
910 833 1013 920 ipsius
1037 834 1208 901 Matillidis
1230 834 1469 924 primogenitus

195 919 342 1012 titthqtth
359 946 394 1002 et
409 937 465 1026 qui
480 945 599 1002 terram
614 937 704 1001 illam
719 935 828 1000 tenuit
842 944 914 1001 tota
928 937 1000 1002 uita
1014 960 1073 1003 sua
1088 945 1122 1003 et
1137 937 1213 1004 inde
1231 939 1313 1004 obiit
1328 938 1468 1017 scisitus,

195 1011 331 1098 ffle‘it.
359 1047 393 1105 et
422 1039 479 1126 qni
504 1061 643 1104 sororem
671 1037 788 1103 habuit
811 1037 990 1124 predictam
1016 1039 1210 1127 Margeriem
1233 1049 1469 1106 antecessorem
1524 1082 1527 1092 λ

357 1143 460 1230 ipsius
479 1143 617 1210 Comitis
636 1142 677 1208 de
698 1165 763 1207 uno
784 1151 877 1228 patre
899 1143 1077 1230 eademque
1099 1151 1214 1225 matre,
1228 1145 1468 1210 consideratum

357 1247 508 1334 estquod
524 1248 768 1314 Comesteneat
787 1245 821 1311 in
841 1269 921 1332 pace
941 1255 976 1312 et
1000 1248 1165 1314 Walterus
1188 1249 1223 1314 in
1244 1247 1468 1325 misericordia,

357 1350 435 1437 quia
456 1351 556 1416 nichil
578 1351 658 1416 iuris
684 1351 715 1416 ei
735 1350 929 1416 descendere
951 1359 1068 1438 potest,
1089 1375 1150 1419 nec
1171 1353 1289 1440 potuit,
1311 1352 1467 1439 quamdiu

357 1451 497 1539 aliquid¹
512 1453 560 1518 ibi
575 1452 674 1517 fuerit
689 1451 729 1517 de
745 1452 844 1517 fratre
859 1453 1081 1541 primogenito
1102 1457 1107 1542 Ι

424 1555 639 1642 Baldewynus
674 1555 715 1620 de
751 1555 914 1622 Radduna
949 1565 984 1622 et
1020 1558 1078 1622 alii
1114 1557 1346 1646 recognitores'
1380 1581 1467 1624 noue

289 1697 310 1728 n
358 1657 525 1724 disseisine
547 1683 611 1746 que
633 1683 738 1746 nuper
759 1669 856 1746 eapte
877 1661 942 1726 fuit
964 1661 1065 1726 Exon'
1087 1684 1194 1727 coram
1216 1661 1402 1727 iusticiariis
1425 1662 1468 1727 ad

358 1759 418 1825 hoc
433 1760 604 1847 assignatis
619 1761 705 1826 inter
722 1761 744 1825 J
746 1761 907 1827 ohannem
928 1762 968 1826 de
992 1763 1202 1828 Duneslande
1225 1771 1414 1850 querentem
1432 1771 1468 1828 et

359 1863 541 1928 Gelfridum
568 1865 609 1930 de
632 1865 908 1931 Dunestaunuilla
929 1875 963 1931 et
986 1866 1150 1953 Rogemm
1173 1865 1214 1932 de
1240 1866 1469 1932 Wimberuilln

358 1967 534 2033 Ricardum
550 1955 728 2035 Hercforde
743 1969 783 2034 de
796 1978 984 2035 tenemento
998 1970 1033 2035 in
1045 1970 1267 2036 Ornesoumha
1277 1971 1468 2036 summoniti

358 2094 465 2137 coram
495 2073 681 2138 iusticiariis
710 2075 752 2139 ed
781 2073 978 2140 certificand’
1008 2074 1202 2140 iusticiarioe
1238 2083 1320 2160 aput
1356 2075 1466 2139 West·

357 2177 589 2241 monasterium
612 2177 652 2242 de
672 2187 873 2242 sacramento
893 2178 979 2263 quod
999 2175 1075 2242 inde
1103 2179 1257 2254 fecerunt,
1272 2178 1412 2242 ueniunt
1432 2187 1468 2242 et

356 2277 470 2342 dicunt
496 2278 582 2365 quod
606 2279 770 2344 Galhidus
792 2279 833 2344 de
858 2279 1092 2344 Dunstanuilla
1121 2279 1155 2344 in
1181 2280 1277 2366 pleno
1307 2279 1467 2345 comitatu

355 2381 447 2445 dedit
462 2390 687 2447 tenementum
707 2382 789 2447 illud
808 2381 895 2447 unde
917 2383 1006 2446 uisus
1030 2382 1135 2447 factus
1155 2381 1300 2468 predicto
1321 2381 1468 2446 Johanni

355 2483 396 2547 de
411 2484 617 2548 Doneslande
632 2493 667 2549 et
687 2485 763 2550 inde
782 2485 971 2572 homagium
993 2507 1089 2549 suum
1109 2484 1207 2570 cepit,
1229 2491 1264 2548 et
1284 2486 1468 2550 attornauit

355 2585 518 2671 quendam
532 2587 708 2652 Ricardum
729 2587 907 2652 Hereforde
927 2587 985 2674 qui
1005 2595 1232 2652 tenementum
1252 2587 1335 2652 illud
1355 2588 1467 2653 tenuit

354 2688 396 2753 ad
418 2689 553 2767 firmem,
569 2691 656 2777 quod
675 2689 827 2756 redderet
848 2691 956 2756 eidem
977 2690 1122 2756 Johenni
1145 2691 1273 2755 firmam
1294 2713 1396 2768 suam,
1417 2691 1468 2757 ita

355 2793 441 2878 quod
455 2794 622 2860 Johannes
637 2795 701 2860 fuit
721 2794 797 2860 inde
817 2795 852 2860 in
873 2795 992 2861 neieina
1011 2819 1070 2881 per
1088 2797 1169 2861 duos
1188 2817 1289 2860 annos
1309 2795 1467 2881 capiendo

354 2893 431 2958 inde
457 2894 498 2959 de
524 2895 619 2960 firme
643 2896 686 2961 ad
709 2896 890 2960 ualenciam
920 2895 974 2982 vij.
1001 2895 1064 2972 lib„
1096 2903 1131 2960 et
1159 2902 1274 2980 postea
1303 2903 1467 2960 uenerunt

355 2998 502 3085 Rogeme
516 3007 551 3064 et
569 2999 733 3064 Galsridus
753 3008 788 3065 et
806 3000 972 3086 predictus
995 2999 1154 3066 Ricardus
1176 2999 1346 3077 firmarius,
1361 3008 1396 3066 et
1416 2999 1466 3066 ita

355 3101 442 3166 inter
464 3125 498 3167 se
521 3103 621 3167 locuti
643 3105 777 3168 fuerunt
798 3104 886 3190 quod
908 3104 1074 3169 Galfridus
1096 3103 1187 3169 dedit
1209 3103 1316 3168 eidem
1336 3104 1465 3190 Rogero

356 3212 581 3269 tenementum
604 3205 695 3282 illud,
721 3215 756 3270 et
779 3206 829 3270 ita
857 3206 944 3292 quod
973 3206 1134 3272 firmarius
1163 3205 1307 3271 reddidit
1335 3207 1464 3271 firmam

355 3329 447 3372 suam
474 3307 579 3372 eidem
604 3307 739 3395 Rogero,
764 3317 799 3373 et
825 3310 873 3375 ita
896 3310 983 3397 quod
1009 3333 1121 3376 omnes
1144 3311 1192 3375 illi
1217 3309 1465 3375 disseisiuerunt

354 3410 537 3496 predictum
566 3412 759 3491 Johannem,
788 3423 823 3480 et
852 3415 959 3481 adhuc
984 3415 1072 3480 idem
1109 3415 1248 3481 dicunt⁴.
1308 3415 1353 3480 Et
1389 3414 1465 3480 ideo

354 3515 591 3581 consideratum
607 3526 657 3582 est
672 3519 758 3604 quod
773 3521 795 3584 J
797 3519 940 3584 ohannes
954 3520 1086 3605 quietus
1106 3541 1180 3584 cum
1202 3519 1322 3584 seisina
1340 3541 1408 3597 sua,
1428 3525 1465 3584 et

354 3617 501 3704 Rogerus
516 3627 550 3683 ct
565 3619 723 3685 Ricardus
737 3621 772 3685 in
787 3621 1011 3687 misericordia

257 3715 270 3729 '
296 3759 303 3776 ·
419 3718 621 3786 'Gilebertus
645 3723 769 3801 Basset,
789 3723 947 3788 Ricardus
967 3722 1128 3809 Sywarde,
1150 3722 1321 3810 Philippus
1338 3724 1463 3803 Basset,

385 3885 515 3938 ²SeeBr.
529 3886 547 3935 f.
559 3885 600 3936 66.
634 3885 751 3936 Themis
766 3901 801 3937 no
817 3885 882 3937 need
932 3885 1038 3936 verdiot.

353 3955 381 4002 to
393 3951 468 4002 settle
478 3951 524 4002 the
535 3950 656 4014 question
667 3967 697 4000 as
708 3955 736 4001 ιο
748 3951 793 4001 the
800 3955 881 4000 terme
963 3951 975 3984 ⁸
992 3949 1204 4002 Thisdoonment
1215 3949 1304 4001 marks
1314 3951 1359 4001 the
1372 3951 1423 4002 end
1434 3953 1465 4002 οι

353 4018 382 4066 οι
396 4017 441 4066 the
452 4017 514 4078 gun
532 4017 572 4066 {or
583 4031 646 4066 even
662 4016 685 4066 is
699 4017 720 4066 it
736 4031 789 4066 was
805 4016 882 4067 made
932 4015 977 4066 the
998 4031 1074 4079 grave
1096 4015 1171 4066 erinis
1192 4017 1222 4066 of
1248 4017 1370 4065 leae-4.
1404 4017 1461 4068 Thn

352 4085 381 4131 ιο
393 4081 473 4131 Maud
485 4081 537 4131 end
548 4081 594 4130 her
605 4081 683 4140 heire,
701 4081 745 4131 the
759 4084 880 4144 possessio
931 4080 993 4143 king
1015 4081 1064 4132 has
1086 4080 1151 4130 been
1172 4080 1284 4130 induoed
1305 4085 1333 4130 to
1355 4081 1462 4132 diemiss

348 4145 584 4210 fratriegivesthe
600 4145 662 4194 land
678 4149 705 4195 ιο
723 4147 881 4208 Margeryor
931 4145 1006 4196 Peter
1021 4146 1068 4196 des
1083 4145 1192 4204 Boebes,
1213 4145 1329 4208 Stephon
1352 4145 1461 4207 seneve

353 4211 482 4262 herissue.
505 4209 881 4262 AstothedeteotinWslter's
931 4211 985 4261 and
995 4209 1040 4261 the
1051 4210 1142 4272 aliens,
1156 4210 1210 4260 and
1220 4211 1270 4260 hae
1285 4210 1366 4274 lately
1379 4210 1461 4262 heard

352 4281 433 4325 count
444 4289 485 4326 see
496 4275 539 4327 Br.
554 4276 573 4324 f.
585 4277 643 4326 ³74.
931 4275 990 4325 how
1001 4275 1113 4325 Riehard
1124 4275 1169 4326 the
1185 4275 1312 4325 Marehell
1328 4275 1378 4325 has
1394 4275 1459 4326 been

384 4341 465 4391 ’Sia
804 4346 809 4356 “
931 4339 1242 4403 treaoherouslysleinin
1256 4340 1368 4392 Ireland.
1404 4341 1460 4392 The

384 4404 609 4468 ’Supplyanue
931 4405 1459 4469 outlawryottheinsmgentbaronsand

384 4471 395 4504 ⁴
420 4470 474 4520 The
511 4470 596 4534 inrors
630 4469 724 4520 adhere
758 4475 786 4520 ιο
814 4469 881 4520 their
931 4471 959 4520 οι
970 4469 1246 4533 HubertdeBnrghis
1259 4485 1317 4520 now
1326 4471 1449 4522 reversed.
