3276 5234
376 445 612 510 1101111111,
634 445 698 499 ao.
723 435 816 512 1228,
840 445 902 501 11.
928 433 1064 501 12-13,
1208 433 1268 499 241

229 625 274 689 Et
299 623 458 688 Ricardus
482 622 577 686 uenit
601 629 636 686 et
659 619 848 707 dicitquod
870 620 950 686 n0n²
965 629 1074 709 potest
1092 617 1271 688 custodiam

160 737 249 794 terre
275 728 365 793 illius
389 727 496 792 eidem
519 725 653 791 reddere
677 725 754 812 quia
782 726 852 812 ipse
878 727 1068 794 nonhabet
1092 727 1271 794 custodiam

159 841 249 896 terre
269 831 367 910 illius,
381 830 459 917 quia
477 829 571 894 Dom„
593 828 708 894 Comes
730 829 937 895 Marescallus
958 830 999 895 de
1021 853 1085 917 quo
1106 831 1194 896 idem
1215 831 1272 896 Ri-

161 935 280 1001 cardus
302 935 412 1002 tenuit
433 933 564 1000 feodum
586 931 669 997 illud
691 931 791 997 habet
813 932 992 998 custodiam
1013 934 1113 1012 illam,
1134 941 1169 1000 et
1190 933 1273 1000 bene

160 1041 329 1130 cognoscit
343 1048 465 1106 certam
480 1061 573 1104 suam
587 1061 686 1126 quam
701 1037 779 1103 fecit
793 1037 899 1104 eidem
916 1039 1082 1125 Stephano
1097 1039 1137 1105 de
1159 1039 1272 1104 eadem

162 1155 251 1212 terra
281 1169 347 1234 qne
379 1145 455 1210 talis
484 1151 535 1210 est
564 1143 651 1231 quod
679 1143 766 1208 idem
796 1143 954 1210 Ricardus
982 1145 1138 1210 concessit
1166 1143 1271 1210 eidem

163 1253 335 1339 Stephano
356 1261 476 1317 terram
505 1251 596 1315 illam
625 1272 682 1336 pro
712 1249 862 1337 homagio
892 1257 926 1314 et
951 1249 1086 1314 seruicio
1111 1249 1271 1326 1111111-

162 1355 270 1422 dendo
285 1356 363 1422 inde
378 1379 573 1443 perannum
588 1355 620 1442 ij
637 1377 740 1431 mam„
755 1362 789 1419 et
804 1353 891 1418 idem
907 1353 1063 1420 Ricardus
1082 1363 1117 1420 et
1138 1354 1272 1421 heredes

161 1460 213 1526 sui
236 1461 492 1526 warentizabant
514 1469 572 1525 etc.
592 1468 626 1524 et
648 1461 688 1525 de
708 1459 871 1524 forinsecis
892 1459 1036 1525 seruiciis
1057 1459 1272 1547 aquietabunt

161 1588 225 1651 que
248 1565 292 1630 ad
314 1565 452 1630 eandem
475 1566 649 1652 pertinent,
673 1564 759 1630 unde
783 1563 863 1630 dicit
885 1564 972 1651 quod
992 1567 1150 1632 termille
1173 1566 1271 1632 debet

162 1670 339 1735 seruicium
359 1671 500 1736 militare
516 1670 638 1736 scilicet
653 1677 801 1757 quartam
817 1677 943 1756 partem
959 1669 1044 1735 feodi
1053 1670 1079 1756 j.
1096 1670 1210 1735 militis
1223 1669 1272 1736 ite

161 1775 249 1860 quod
261 1773 358 1838 liberi
370 1773 516 1838 homines
524 1773 582 1859 qui
593 1781 707 1838 tenent
718 1773 759 1839 de
769 1773 881 1838 eodem
891 1773 983 1839 feodo
992 1796 1117 1860 semper
1126 1775 1271 1840 fecerunt

161 1877 338 1942 seruicium
353 1877 546 1943 forinsecum
560 1900 618 1964 pro
633 1877 746 1945 eodem
761 1879 929 1965 Stephano
944 1879 992 1944 ita
1006 1879 1092 1965 quod
1111 1879 1271 1945 dederunt

161 1981 203 2046 nd
217 1982 426 2070 scutagium¹
440 1983 480 2048 de
496 1983 720 2070 Muntgumeri
735 1983 776 2049 ad
791 1983 975 2072 scutagium
990 1983 1066 2050 dim.
1082 2007 1176 2050 marc.

227 2086 273 2150 Et
299 2086 442 2151 Isabella
464 2085 544 2151 dicit
567 2085 653 2172 quod
675 2095 761 2152 terra
781 2087 839 2152 illa
860 2096 911 2151 est
932 2085 1096 2174 socegium
1118 2094 1152 2151 et
1174 2085 1272 2152 debet

161 2189 297 2255 reddere
327 2213 387 2276 per
414 2211 536 2254 annum
561 2189 586 2276 j.
617 2213 711 2256 marc
741 2213 799 2278 pro
829 2190 917 2255 omni
946 2189 1089 2267 neminie,
1119 2189 1173 2256 et'
1202 2189 1271 2276 ipse

160 2295 327 2382 cognoscit
343 2303 515 2360 0111111101
534 2294 569 2359 in
592 2303 680 2360 carta
698 2294 884 2360 continetur
898 2293 984 2381 quod
1004 2295 1090 2360 idem
1113 2294 1271 2360 Ricardus

162 2398 262 2464 debet
291 2401 459 2486 aquietare
490 2408 609 2465 terram
638 2400 728 2465 illam
761 2399 802 2464 de
832 2399 986 2464 forinseco
1015 2400 1150 2466 semicio
1186 2399 1271 2486 petit

161 2503 321 2569 iudicium
337 2505 365 2569 si
385 2505 531 2570 custodia
550 2505 621 2591 ipsa
639 2505 802 2592 pertineat
823 2503 865 2570 ad
886 2505 1068 2591 predictum
1088 2505 1269 2571 Ricardum.

162 2609 239 2673 Post
263 2610 417 2697 cognouit
438 2618 623 2675 ottomatus
644 2609 781 2675 Isabelle
805 2609 890 2695 quod
914 2609 1100 2697 Stephanus
1121 2609 1173 2675 uir
1194 2633 1272 2675 suus

160 2734 292 2799 semper
301 2713 426 2799 recepit
435 2714 627 2779 forinsecum
642 2713 814 2780 seruicium
830 2713 871 2778 de
886 2713 995 2779 liberis
1010 2714 1195 2779 hominibus
1205 2713 1271 2779 suis

160 2823 196 2878 ct
215 2813 294 2879 inde
314 2815 394 2880 fecit
414 2815 446 2880 ei
467 2817 650 2902 predictum
671 2815 836 2882 redditum
853 2817 878 2904 J'.
894 2839 988 2882 marc.
1033 2817 1079 2882 Et
1100 2817 1177 2906 quia
1197 2841 1270 2906 cog·

160 2919 267 2984 noscit
282 2920 369 3006 quod
385 2921 478 2987 liberi
497 2922 643 2988 homines
657 2923 782 2988 faciunt
801 2921 844 2987 cd
866 2922 972 2988 hunc⁴
986 2922 1158 2988 seruicium
1174 2922 1271 2987 forin-
1340 2937 1344 2952 ·

160 3048 282 3105 secum,
307 3035 343 3090 et
371 3035 519 3114 preterea
548 3027 734 3093 continetur
762 3028 796 3092 in
826 3035 916 3092 carto
944 3027 1030 3114 quod
1059 3037 1145 3093 terra
1173 3027 1271 3092 debet

160 3129 367 3208 forinsecum,
389 3131 636 3198 consideratum
662 3131 821 3219 estquod
847 3140 933 3197 terra
958 3131 1015 3197 illa
1037 3155 1102 3196 non
1128 3139 1177 3196 est
1204 3154 1270 3196 soc-

160 3233 302 3322 eagium,
333 3236 419 3302 unde
448 3237 595 3324 predicta
623 3237 764 3303 Isabella
793 3237 893 3302 ullam
923 3237 1103 3302 custodiam
1133 3237 1270 3302 clamare

160 3341 292 3507 pogii,
307 3351 343 3406 et
362 3341 436 3408 ideo
453 3342 610 3408 Ricardus
630 3343 705 3408 inde
721 3343 852 3428 quietus
874 3351 908 3408 et
930 3342 1070 3408 Isabella
1090 3342 1125 3408 in
1147 3339 1270 3406 miseri-

161 3465 200 3508 co
281 3443 301 3511 ³.

107 3613 115 3628 ,
226 3547 421 3635 ‘Philippus
449 3549 490 3615 de
517 3549 665 3616 Nortone
690 3551 748 3638 qui
770 3573 804 3616 se
826 3549 1002 3616 esconiauit
1024 3551 1065 3616 de
1088 3551 1173 3616 malo
1194 3551 1271 3616 lecti
1369 3583 1386 3614 e

161 3671 277 3716 uersum
298 3651 493 3740 Episcopum
515 3653 772 3721 Lincolniensem
791 3656 831 3721 de
854 3655 973 3742 placito
995 3663 1079 3721 terre
1101 3654 1271 3721 mandauit

161 3780 221 3843 per
243 3757 431 3822 Johannem
453 3760 585 3825 fratrem
607 3760 806 3848 piceccmitis
827 3761 913 3847 quod
934 3761 1078 3826 nondum
1101 3761 1191 3827 uisus
1213 3769 1272 3838 est,

161 3871 198 3928 et
219 3863 307 3950 petit
329 3863 497 3930 licenciam
519 3865 673 3954 surgendi
694 3875 729 3932 et
751 3865 857 3932 habet.
904 3867 948 3932 Et
969 3867 1136 3933 Johennee
1157 3888 1270 3931 manu·

195 4049 205 4083 ¹
221 4067 282 4108 uon,
298 4050 387 4102 interl.
405 4051 439 4116 by
456 4055 612 4113 111110111οη
630 4053 653 4103 11
669 4054 692 4102 is
742 4057 802 4116 part
813 4053 843 4102 01
852 4052 986 4103 Isabellrs's
996 4051 1076 4116 reply.

161 4115 293 4166 inBand
304 4119 334 4166 G.
775 4118 1022 4180 «0011111111,
1037 4119 1066 4167 0.

194 4183 350 4246 ’mucium
366 4181 464 4234 nureo
480 4183 537 4233 into
553 4186 693 4246 1011131111
775 4183 855 4232 ¹⁵For
886 4183 931 4233 the
964 4181 1117 4232 distinction
1154 4181 1268 4232 between

160 4249 196 4310 by
205 4251 357 4298 1111011101.
383 4249 492 4312 Scutege
500 4250 541 4300 101
550 4247 595 4299 the
603 4249 693 4299 Welsh
744 4248 851 4298 forinsie
872 4247 925 4298 and
947 4247 1069 4298 intrinsic
1089 4247 1204 4310 services,
1229 4262 1271 4298 see

161 4328 217 4363 var
238 4312 269 4362 01
291 4315 364 4364 1223.
399 4314 459 4364 Two
481 4315 570 4365 marks
591 4329 625 4364 on
648 4314 693 4364 the
746 4313 885 4366 Β1.1.36.
919 4313 1046 4378 Compare
1056 4311 1118 4363 with
1135 4311 1272 4364 1111111111

161 4377 280 4441 knight’s
295 4379 346 4428 see.
380 4379 484 4440 flumbo,
507 4381 596 4434 const.
622 4380 692 4432 Hist.
746 4379 803 4432 136.

161 4444 345 4508 suamet.
777 4443 1114 4506 1111111141

195 4509 326 4574 ’supply
344 4512 450 4568 11111111,
468 4511 500 4569 Β,
522 4510 550 4562 G.
586 4509 695 4561 Thisis

257 4629 291 4677 u
1146 4615 1186 4678 16
