3212 5230
350 429 416 494 300
562 441 796 502 mensurnis,
815 442 883 491 nm.
908 427 1002 504 1229,
1024 441 1087 494 sn
1113 429 1248 494 13-14.

348 637 421 681 mus
456 613 650 704 Lungespey
679 613 787 680 uirum
817 613 937 679 suum¹
967 615 1021 680 oui
1050 614 1121 702 ipso
1149 615 1367 683 contradicere
1397 639 1461 683 non
1597 629 1598 656 1

390 719 464 784 tuit.

348 741 389 805 po
414 823 458 888 Et
473 822 657 888 Willelmus
672 823 835 888 Brewerre
858 823 951 888 uenit
964 832 1007 888 'et
1027 822 1173 890 defendit
1194 823 1245 890 ius
1260 847 1357 891 suum
1372 847 1458 890 nuno

348 937 383 993 et
403 927 483 993 olias
503 935 562 992 eto.
579 935 613 992 et
634 927 733 991 talem
757 927 937 1014 ingressum
960 936 994 993 et
1016 950 1132 994 uerum
1154 929 1228 994 uult
1249 929 1355 996 dioere
1371 930 1457 1016 quod
1597 959 1598 962 ¹

348 1029 481 1116 quidem
514 1029 613 1116 Hugo
643 1029 683 1094 de
713 1029 841 1094 Fercles
870 1029 979 1094 tenuit
1008 1037 1128 1095 terram
1157 1031 1246 1096 illum
1277 1040 1316 1096 ut
1344 1033 1396 1098 ius
1424 1041 1459 1098 ot

349 1134 565 1199 hereditatem
591 1157 684 1198 suom
706 1133 747 1199 de
769 1134 933 1199 Willelmo
956 1135 1083 1200 Peterin
1106 1135 1234 1202 Gemite
1256 1145 1457 1202 antecessore

349 1235 450 1322 ipsius
480 1234 672 1301 Comitisue¹
700 1235 750 1300 its
779 1235 864 1322 quod
894 1235 1027 1321 quidum
1056 1235 1215 1302 Ricardus
1244 1237 1378 1302 Musoni
1408 1237 1456 1302 in-

349 1336 520 1424 pleoitsuit
542 1359 617 1402 eum
640 1337 681 1401 de
703 1337 817 1402 eodem
840 1347 926 1402 term
947 1339 995 1403 ito
1016 1339 1103 1424 quod
1124 1339 1200 1404 inde
1224 1339 1370 1406 duellum
1394 1341 1457 1405 fuit

349 1441 518 1506 uadistum
545 1450 580 1506 et
602 1463 789 1528 percussum
819 1443 907 1528 opud
934 1442 1165 1530 Syrebumiom
1194 1453 1229 1509 et
1250 1443 1320 1510 sine
1342 1444 1457 1510 olamio

349 1545 435 1630 quod
455 1545 572 1632 aliquis
593 1545 669 1610 inde
691 1547 892 1632 apposuisset
914 1547 1069 1612 remansit
1091 1547 1122 1612 ei
1148 1546 1294 1633 predicto
1315 1557 1403 1613 term
1424 1557 1458 1614 et

349 1649 425 1714 inde
455 1651 535 1716 obiit
559 1651 688 1716 seisitus
710 1661 749 1716 ut
771 1651 813 1717 de
836 1651 928 1716 feodo
950 1660 984 1716 et
1006 1651 1085 1730 inre,
1107 1661 1180 1738 post
1202 1651 1295 1716 ouius
1317 1662 1455 1718 mortem

348 1753 475 1820 eeisiuit
494 1755 659 1842 predictus
673 1755 857 1822 Willelmus
873 1755 989 1822 Comes
1011 1764 1130 1821 tenum
1153 1756 1242 1820 illem
1265 1755 1300 1820 in
1322 1778 1455 1822 manum

348 1879 439 1922 suam
466 1881 632 1946 quousque
655 1859 791 1925 sonetur
812 1860 885 1947 quis
907 1869 992 1926 esset
1014 1868 1121 1924 rectus
1143 1859 1244 1937 heres,
1266 1867 1301 1924 et
1324 1860 1455 1926 tandem

348 1965 441 2030 uenit
462 1964 497 2028 in
519 1965 640 2052 Anglis
662 1963 794 2053 quidam
817 1965 917 2052 Hugo
938 1963 979 2029 de
1003 1963 1161 2029 Lumbres
1182 1986 1281 2050 nepos
1304 1973 1339 2028 et
1365 1964 1457 2030 heres

348 2068 485 2156 predicti
501 2067 652 2156 Hugonis
667 2077 701 2132 et
716 2067 837 2154 optulit
854 2067 999 2153 predicto
1015 2068 1136 2134 Comiti
1157 2067 1344 2155 homagium
1359 2091 1454 2134 suum

348 2171 389 2236 de
403 2170 549 2258 predicto
562 2179 649 2236 term
664 2179 698 2235 et
712 2169 747 2234 in
769 2178 899 2234 tontum
920 2170 1047 2234 locutus
1062 2169 1125 2234 fuit
1144 2193 1220 2234 oum
1240 2169 1353 2236 eodem
1369 2171 1455 2257 quod

348 2275 535 2363 homagium
557 2297 652 2339 suum
675 2274 750 2339 inde
774 2273 860 2360 oepit
882 2282 917 2339 et
938 2273 973 2338 in
995 2273 1147 2339 seisinsm
1170 2296 1245 2339 eum
1267 2275 1377 2361 posuit
1399 2275 1455 2362 qui

347 2387 518 2466 postquem
534 2377 684 2443 seisinom
699 2375 775 2442 inde
790 2374 906 2441 habuit
921 2385 1040 2442 terrem
1055 2376 1146 2442 illem
1165 2376 1316 2442 uendidit
1330 2377 1456 2444 Willel·

347 2503 400 2546 mo
416 2481 570 2544 Briweme
592 2478 679 2565 putri
700 2477 795 2543 istius
810 2478 967 2544 Willelmi
988 2501 1047 2565 per
1063 2488 1185 2545 eertum
1207 2502 1300 2545 suam
1321 2488 1356 2545 et
1379 2480 1454 2546 inde

348 2585 463 2650 habuit
478 2585 564 2650 idem
579 2585 763 2650 Willelmus
785 2585 1062 2650 confirmacionem
1077 2585 1158 2651 dicti
1172 2585 1331 2651 willelmi
1346 2586 1453 2653 Comi·

347 2690 391 2756 tis
405 2713 463 2776 pro
478 2697 609 2754 centum
630 2711 724 2754 mero.
740 2713 821 2776 quas
843 2689 934 2756 dedit
951 2689 1097 2777 predicto
1113 2691 1243 2769 Oomiti,
1258 2700 1292 2756 et
1306 2692 1400 2778 ponit
1420 2716 1453 2758 se

347 2795 382 2859 in
400 2817 552 2883 magnum
573 2794 705 2859 ossisom
720 2795 813 2860 Dom.
830 2795 930 2882 Regis
949 2803 984 2859 et
1006 2795 1091 2881 petit
1113 2795 1367 2882 reoognioionem
1384 2798 1454 2863 fieri

348 2904 457 2960 utrum
478 2895 547 2982 ipse
570 2895 675 2960 mains
696 2894 747 2960 ius
769 2895 888 2960 hebeat
911 2895 1044 2960 tenendi
1066 2905 1185 2961 terram
1207 2897 1297 2962 illum
1319 2897 1360 2964 de
1383 2923 1454 2986 pre-

347 2998 436 3064 dicto
451 2999 624 3066 Comitisse
638 3021 696 3086 per
710 2999 831 3064 donum
845 2998 927 3064 illud
942 3022 984 3064 an
999 2999 1112 3064 eodem
1126 3001 1298 3067 Comitium
1312 3002 1455 3070 habendi

347 3127 418 3168 eom
440 3103 475 3168 in
498 3103 665 3181 dominioO,
680 3113 715 3168 et
737 3104 831 3168 offert
853 3104 946 3168 Dom.
967 3103 1051 3192 Regi
1071 3127 1099 3168 v.
1115 3127 1209 3169 maro.
1225 3128 1282 3191 pro
1304 3105 1456 3172 habenda

347 3225 465 3294 magna
479 3205 586 3272 assisa.

412 3311 455 3374 Et
477 3309 649 3374 Comitisse
671 3332 728 3396 per
749 3317 951 3374 ettomotum
974 3333 1070 3374 suum
1092 3311 1186 3376 uenit
1209 3321 1244 3378 et
1265 3313 1454 3401 dicitquod

346 3413 387 3479 de
407 3413 524 3478 neieina
543 3413 694 3501 Hugonis
714 3412 754 3479 de
777 3413 905 3479 Feroles
926 3414 1026 3480 nichil
1048 3415 1110 3480 soit
1131 3425 1182 3482 set
1200 3416 1279 3482 dioit
1299 3419 1386 3504 quod
1400 3419 1452 3485 W.

347 3517 462 3584 Comes
476 3525 569 3604 poter
583 3541 661 3582 suus
681 3517 762 3582 obiit
781 3516 858 3582 inde
880 3518 1009 3584 seisitus
1031 3527 1070 3584 ut
1092 3518 1133 3584 de
1155 3519 1248 3586 feodo
1269 3529 1304 3587 et
1325 3522 1396 3589 iuro
1416 3535 1454 3590 et

345 3621 415 3708 ipso
443 3631 516 3708 post
546 3645 621 3687 eum
651 3621 715 3686 fuit
743 3622 778 3686 in
808 3623 926 3688 seisina
951 3632 990 3689 ut
1019 3624 1087 3689 filia
1115 3633 1150 3690 et
1186 3625 1280 3691 heres
1308 3649 1386 3693 suns
1415 3637 1454 3695 et

345 3725 528 3790 Willelmus
539 3725 750 3812 Lungespeye
762 3725 815 3790 uir
824 3748 902 3792 suus
913 3727 976 3792 fuit
985 3726 1061 3793 inde
1072 3728 1202 3795 seisitus
1217 3754 1382 3818 quousque
1394 3733 1455 3800 illa

344 3827 451 3893 eidem
465 3828 629 3893 Willelmo
648 3829 772 3894 dimisit
793 3829 845 3894 cui
866 3839 934 3908 eto,
951 3839 985 3896 et
1005 3833 1098 3898 offert
1113 3833 1207 3900 Dom.
1223 3835 1307 3922 Regi
1322 3836 1346 3920 j.
1361 3837 1454 3922 pole-

344 3931 463 3998 fridum
481 3954 539 4018 pro
559 3932 709 3998 habendo
729 3931 805 3997 inde
820 3931 1041 4020 inquisicione‚
1056 3943 1090 3999 et
1105 3935 1188 4000 bene
1203 3935 1348 4002 defendit
1362 3940 1455 4024 quod

344 4035 508 4122 predictus
523 4035 622 4122 Hugo
637 4035 677 4100 de
693 4036 850 4102 Lumbres
865 4061 1031 4125 nunquam
1047 4039 1122 4105 inde
1137 4039 1287 4105 seisinam
1303 4041 1427 4107 hebuit
1495 4045 1497 4048 ’

411 4137 455 4203 Et
477 4137 661 4203 Willelmus
682 4137 837 4204 Briwerre
860 4139 939 4206 dicit
962 4141 1048 4228 quod
1069 4142 1234 4228 predictus
1258 4144 1308 4209 W.
1332 4143 1454 4212 Comes

380 4329 464 4388 ¹Sio;
481 4345 546 4382 oorr.
560 4333 602 4381 uir
612 4347 670 4382 mro
688 4333 760 4382 illom
776 4333 872 4384 dimisit
923 4335 1006 4386 swerd
1017 4349 1071 4384 was
1086 4335 1130 4386 the
1145 4333 1179 4386 ds
1214 4333 1272 4385 hter
1288 4335 1454 4388 oswinum

348 4394 503 4447 orthslihe.
922 4400 1025 4450 Esrlof
1035 4400 1202 4464 thsburyw
1221 4400 1455 4455 ownsthesonot

380 4460 390 4490 ²
406 4459 777 4514 ThisEluwidouotWillism
786 4463 869 4526 Long-
922 4465 984 4516 Eurl
996 4464 1089 4518 Patrio.
