3308 5226
337 461 401 525 614
546 472 780 533 maurannus,
803 472 868 520 an.
891 457 986 532 1233,
1007 471 1071 520 aa
1095 454 1230 526 17-18.

336 648 422 735 quod
444 655 575 712 secutus
597 646 660 711 luit
679 645 837 732 placitum
858 644 891 709 in
907 643 998 708 curia
1011 643 1236 710 cristianitatis
1250 645 1291 710 de
1306 645 1444 712 aduoca-

337 754 426 818 tione
456 752 578 837 capelle
608 751 649 816 de
679 750 872 836 Toppecrolt
902 748 989 814 unde
1019 749 1137 814 Daniel
1167 751 1198 815 le
1228 751 1338 816 Goher
1366 752 1448 816 tulit

337 855 499 944 quoddam
519 853 699 920 indicauit¹.
745 855 790 919 Et
811 875 909 940 super
930 853 990 919 hoc
1012 862 1174 920 uenerunt
1195 857 1352 920 attornati
1374 878 1448 942 pre-

337 959 423 1025 dicte
438 959 543 1024 Alicie
564 965 598 1022 et
618 965 797 1045 posuerunt
818 980 852 1022 se
872 957 906 1022 in
928 956 1091 1042 quandam
1111 957 1365 1044 inquisicionem,
1381 959 1448 1024 scil.

337 1061 364 1126 si
390 1060 524 1126 ecclesia
546 1059 586 1124 de
609 1057 833 1145 Bedingeham
855 1058 941 1124 unde
964 1057 1051 1123 idem
1075 1058 1232 1146 Magister
1253 1060 1450 1126 Vincencius

337 1173 387 1229 est
416 1185 552 1249 persona
580 1162 644 1227 fuit
673 1161 785 1227 scisita
813 1162 854 1227 de
891 1161 1025 1228 decimis
1062 1163 1211 1228 omnibus
1247 1163 1369 1249 capelle
1406 1163 1449 1226 de

337 1267 545 1355 Toppescrolt
574 1251 661 1332 unde
686 1265 852 1352 predictus
878 1267 996 1332 Daniel
1020 1267 1100 1333 dicit
1125 1290 1159 1332 se
1186 1289 1254 1332 esse
1278 1289 1448 1353 personam

336 1396 463 1459 semper
477 1395 580 1458 usqne
595 1371 636 1436 ad
651 1379 781 1457 tempus
795 1371 898 1457 ipsius
910 1371 1057 1438 Danielis
1068 1372 1133 1438 scil.
1145 1395 1247 1459 usque
1259 1372 1301 1438 ad
1316 1381 1448 1458 tempus

337 1501 400 1565 quo
422 1477 492 1564 ipse
514 1476 578 1540 fuit
600 1474 676 1540 inde
698 1498 842 1561 persona,
857 1484 892 1541 et
913 1477 991 1562 quia
1011 1477 1081 1563 ipse
1103 1478 1256 1564 spoliauit
1278 1479 1447 1544 ecclesiam

336 1603 428 1646 suam
444 1580 484 1645 de
496 1579 719 1666 Bedingeham
735 1578 808 1644 ideo
822 1579 1029 1664 inplacitauit
1044 1603 1119 1645 eum
1134 1581 1169 1646 in
1184 1581 1273 1646 curia
1287 1582 1448 1647 cristiani-

336 1684 414 1748 tatis
444 1691 502 1746 etc
562 1681 607 1744 Et
636 1703 734 1766 super
762 1680 822 1746 hoc
851 1683 944 1747 uenit
973 1683 1096 1769 Symon
1125 1685 1166 1750 de
1196 1685 1360 1751 Beinuilla
1388 1709 1448 1772 pro

336 1787 482 1874 predicta
495 1785 602 1851 Alicia
616 1795 651 1850 et
666 1786 746 1850 dicit
761 1786 847 1873 quod
861 1787 933 1873 ipsa
947 1811 1011 1852 non
1025 1789 1135 1874 posuit
1152 1813 1186 1854 se
1202 1813 1299 1877 super
1313 1791 1448 1877 inquisi-

335 1891 459 1955 cionem
475 1898 535 1956 etc.
581 1890 624 1954 Et
647 1889 764 1954 Daniel
787 1889 937 1954 similiter
959 1891 1015 1976 qui
1038 1892 1116 1956 tulit
1137 1893 1237 1958 breue
1260 1893 1449 1980 dicitquod

335 2017 399 2058 non
422 1995 530 2079 posuit
552 2016 586 2058 se
609 1993 643 2058 in
666 1993 845 2078 predictam
867 1995 1120 2080 inquisicionem.
1166 1997 1211 2061 Et
1230 1997 1303 2062 ideo
1322 1998 1449 2063 dictum

337 2105 387 2162 est
411 2097 567 2182 Magistro
590 2096 763 2162 Vincentio
783 2097 870 2183 quod
889 2098 1042 2184 procedat
1062 2099 1097 2164 in
1117 2099 1206 2165 curia
1225 2101 1452 2166 cristianitatis

337 2209 373 2265 et
388 2201 475 2286 quod
490 2201 610 2266 habeat
625 2201 724 2266 breue
740 2202 780 2266 ad
796 2201 919 2267 iudices
933 2211 994 2268 etc.

276 2363 282 2376 ‚
402 2305 517 2390 'Hugo
546 2305 587 2370 de
618 2305 772 2370 Neouilla
800 2314 835 2370 et
865 2307 1027 2372 Beatricia
1056 2331 1137 2372 uxor
1165 2307 1235 2373 eius
1264 2308 1371 2374 Alicia
1407 2309 1450 2374 de

272 2443 277 2453 ·
338 2409 530 2496 Bendenges
551 2417 586 2474 et
607 2409 775 2474 Johannes
797 2411 943 2476 Branche
966 2420 1001 2476 et
1023 2411 1175 2477 Johanna
1196 2435 1277 2478 uxor
1298 2413 1368 2477 eius
1391 2435 1452 2498 per

337 2519 517 2576 attornatos
543 2535 617 2577 suos
639 2521 758 2598 petunt
784 2535 897 2578 uersus
923 2513 1119 2580 Robertum⁸
1147 2515 1342 2601 Episcopum
1373 2515 1449 2581 Sar-

338 2615 556 2680 risbiriensem
572 2625 638 2681 tres
652 2625 761 2702 partes
779 2618 915 2683 manerii
935 2618 976 2684 de
999 2619 1252 2706 Godhalminges
1272 2643 1347 2685 cnm
1366 2627 1450 2706 pert.

337 2728 376 2784 ut
391 2720 441 2784 ius
456 2742 552 2784 suum
567 2742 626 2806 per
640 2721 739 2786 breue
755 2721 796 2787 de
816 2729 912 2787 recto.
959 2723 1002 2786 Et
1026 2723 1204 2810 Episcopus
1225 2747 1283 2810 per
1304 2733 1449 2790 attorna-

338 2834 409 2890 tum
432 2847 527 2889 suurn
551 2825 644 2890 uenit
666 2834 700 2890 et
722 2825 802 2891 dicit
825 2826 911 2913 quod
933 2849 997 2891 non
1021 2829 1078 2892 wlt
1102 2828 1148 2892 eis
1171 2829 1363 2915 respondere
1386 2829 1451 2894 nisi

337 2929 427 2995 curia
448 2929 699 2995 considerauerit
719 2931 797 3016 quia
816 2932 983 2996 Johannes
1004 2955 1068 2997 non
1090 2934 1278 2999 nominatur
1299 2934 1333 2998 in
1355 2934 1451 2999 breui

338 3042 372 3098 et
387 3033 444 3118 qui
458 3032 667 3119 desponsanit
682 3033 861 3120 predictam
877 3035 900 3100 J
900 3035 1062 3100 channam
1082 3045 1155 3123 post
1174 3037 1274 3102 breue
1294 3037 1449 3122 impetra

338 3135 433 3202 tum⁴.
479 3136 559 3201 Dies
575 3137 672 3202 datus
691 3145 741 3202 est
761 3138 808 3202 eis
828 3147 888 3204 etc
934 3140 979 3204 Et
999 3139 1165 3205 sciendum
1180 3141 1267 3226 quod
1281 3141 1305 3205 J
1306 3140 1450 3206 ohannes

338 3240 378 3305 de
395 3240 651 3327 Bauelingeham
666 3249 701 3306 et
716 3265 797 3306 uxor
811 3265 870 3308 sua
884 3265 948 3308 non
963 3251 1119 3308 secuntur
1133 3243 1174 3308 de
1190 3253 1282 3330 parte
1297 3266 1363 3310 sua

403 3343 598 3409 lEustachia
612 3344 652 3410 de
668 3344 815 3411 Arderne
829 3347 952 3433 optulit
966 3369 1000 3412 se
1015 3346 1072 3433 iiij.
1088 3345 1141 3412 die
1156 3369 1269 3412 uersus
1284 3348 1449 3434 hogerum

273 3483 278 3492 ·
339 3446 380 3511 de
395 3446 644 3534 Whilhingtona
658 3449 699 3514 de
714 3449 834 3534 placito
849 3449 935 3536 quod
955 3450 1071 3516 reddat
1091 3473 1119 3516 a
1135 3473 1259 3516 marcas
1278 3473 1357 3537 quas
1377 3451 1451 3537 ipsa

341 3551 517 3616 Eustochio
530 3551 673 3618 reddidit
687 3577 745 3640 pro
760 3577 798 3619 eo
819 3554 960 3619 Radulfo
975 3555 1210 3620 Molendinario
1229 3564 1265 3622 et
1280 3555 1454 3622 Conentr'⁶

340 3677 397 3740 pro
412 3655 496 3741 pleg'
512 3655 613 3741 ipsius
633 3657 761 3744 Rogeri,
776 3666 815 3723 ut
835 3658 916 3724 dicit
935 3666 995 3724 etc
1042 3659 1086 3723 Et
1106 3660 1252 3746 Rogerus
1270 3683 1335 3724 non
1355 3661 1451 3726 uenit

340 3766 409 3835 etc,
432 3765 466 3822 et
488 3759 597 3844 plures
619 3761 697 3824 fecit
718 3761 864 3838 defaltas,
886 3763 935 3826 ita
956 3763 1043 3849 quod
1065 3771 1254 3851 preceptum
1277 3765 1341 3830 fuit
1363 3766 1451 3831 uice-

340 3861 451 3926 comiti
466 3861 552 3948 quod
567 3862 776 3951 distringeret
791 3887 866 3930 eum
882 3889 940 3952 per
960 3875 1089 3946 terram,
1105 3877 1139 3933 et
1160 3869 1337 3934 nioecomes
1357 3892 1451 3934 man-

339 3964 433 4032 dauit
455 3966 541 4052 quod
563 3989 629 4032 non
651 3967 715 4033 fnit
736 3968 901 4047 inuentus,
924 3977 959 4036 et
984 3971 1064 4036 alias
1090 3979 1248 4038 testatum
1274 3973 1338 4038 fuit
1364 3974 1451 4058 quod

374 4118 383 4150 ¹
399 4117 495 4168 Daniel
510 4133 606 4182 parson
623 4120 653 4170 ol
672 4120 718 4171 the
734 4121 825 4186 chapel
842 4124 871 4174 ol
920 4123 974 4176 MS.
989 4123 1008 4174 l.
1020 4125 1076 4176 1³0.

341 4183 471 4247 Topcroft,
489 4183 519 4233 ol
532 4183 617 4234 which
632 4185 703 4236 Alica
719 4186 743 4236 is
764 4192 867 4250 patron,
952 4189 963 4220 ¹
979 4189 1010 4238 Δ.
1021 4204 1057 4239 m.
1070 4189 1133 4242 ltu

341 4248 607 4310 hasbroughtaurit
623 4251 653 4300 ol
666 4253 796 4302 iudicavit
813 4254 867 4316 (Br.
952 4253 1075 4306 ⁸Itobort
1085 4255 1223 4318 magnam

343 4315 361 4362 f.
373 4313 459 4428 Ἢ
475 4317 503 4363 to
518 4314 633 4376 prohibit
646 4315 758 4368 Vincent
774 4333 870 4382 parson
952 4319 963 4351 ⁴
979 4321 1022 4372 Br.
1042 4321 1060 4369 l.
1078 4321 1161 4372 aab.
1196 4321 1251 4371 The
1267 4319 1318 4384 day
1332 4321 1356 4372 is
1372 4325 1449 4386 given

343 4379 372 4428 ol
456 4378 552 4440 ngham
568 4381 722 4444 proceeding
741 4383 768 4432 in
790 4383 871 4433 Oourt
921 4385 961 4432 lor
971 4385 1114 4447 J'udgmant,
1125 4387 1155 4434 A.

343 4442 475 4493 Christian
493 4443 533 4494 lor
548 4445 594 4494 the
606 4445 685 4496 tithes
695 4447 724 4497 ol
738 4447 869 4510 Toporoll.
952 4451 963 4482 ⁸
979 4451 1008 4500 Δ.
1023 4465 1059 4500 m.
1073 4450 1140 4503 146.

343 4509 394 4557 For
415 4508 506 4558 earlier
527 4510 702 4573 proceedings·
722 4527 764 4562 aee
791 4513 869 4562 below
952 4513 1009 4564 ‘de
1022 4517 1146 4574 Goueatr’‚
1158 4516 1188 4566 Δ.
