3314 5238
425 447 660 510 manninas,
682 448 745 496 nn.
771 434 865 508 1231,
887 448 949 497 nn
975 435 1111 500 15-16.
1256 435 1320 504 507

212 623 320 688 eidem
351 623 453 689 Priori
475 633 510 688 et
536 621 724 690 Conuentui
749 619 790 686 de
816 619 975 706 Markeby
998 620 1178 706 predictam
1200 629 1320 688 terram

213 725 389 791 tenendam
416 726 450 790 in
474 747 589 810 puram
612 732 647 788 et
670 731 862 810 perpetuam
886 723 1095 788 elemosinam
1119 746 1177 810 per
1199 735 1321 790 cartam

213 853 305 896 suam
321 853 420 918 quam
434 831 510 896 inde
525 829 634 906 habet,
649 837 684 892 et
699 827 785 892 unde
801 827 949 914 queritur
963 827 1050 912 quod
1063 827 1231 915 distringit
1246 852 1321 896 eum

213 933 255 997 ad
278 934 463 1000 faciendum
486 941 609 998 sectam
632 931 674 997 ad
697 931 821 996 curiam
842 931 945 1017 ipsius
968 931 1107 1010 Ricardi,
1121 942 1155 998 et
1175 943 1323 1020 preterea

212 1036 381 1102 distrinxit
396 1060 471 1102 eum
486 1059 544 1123 pro
559 1059 587 1101 v.
604 1036 760 1122 scutagiis
779 1035 828 1100 ita
850 1035 936 1121 quod
958 1035 1069 1100 aueria
1090 1059 1150 1101 sua
1172 1038 1322 1103 uendidit

213 1147 248 1203 et
262 1139 436 1225 aliquando
451 1139 594 1204 detinuit
609 1139 644 1204 in
658 1138 773 1224 paroo¹
790 1161 892 1224 usque
907 1138 949 1204 ad
964 1147 1102 1204 mortem
1125 1141 1211 1205 unde
1231 1142 1321 1206 dete·
1377 1221 1379 1228 y

213 1243 353 1308 rioratur
367 1252 401 1308 et
416 1243 596 1329 dampnum
617 1243 717 1308 habet
738 1251 809 1321 etc,
824 1253 858 1308 et
880 1243 963 1308 bene
985 1243 1065 1308 dicit
1087 1244 1174 1329 quod
1194 1243 1323 1331 semper

213 1347 277 1412 fuit
291 1347 424 1432 quietus
438 1345 479 1412 de
495 1345 651 1412 forinseco
666 1354 700 1410 et
714 1346 788 1410 aliis
807 1345 953 1410 seruiciia
967 1369 1071 1432 usqne
1086 1347 1128 1411 ad
1143 1369 1293 1434 guerram
1302 1349 1321 1426 ¹,

213 1460 247 1516 et
262 1451 339 1516 inde
354 1452 446 1537 ponit
463 1473 497 1514 se
512 1473 610 1536 super
629 1451 776 1536 patriam.
823 1451 867 1515 Et
886 1473 985 1536 super
1006 1451 1066 1514 hoc
1089 1451 1179 1516 Prior
1200 1453 1321 1537 profert

212 1565 336 1620 cartam
366 1555 520 1620 Willelmi
543 1555 584 1620 de
611 1555 714 1640 Percy
737 1555 948 1620 antecessoris
973 1555 1076 1640 ipsius
1101 1555 1232 1620 Ricardi
1257 1579 1321 1641 que

213 1669 355 1725 testatur
368 1662 453 1746 quod
469 1661 537 1746 ipse
552 1660 708 1726 concessit
727 1668 761 1724 et
781 1659 986 1725 confirmauit
1008 1668 1116 1724 totum
1139 1660 1320 1726 dominium

213 1765 299 1850 quod
321 1765 489 1830 Joellenus
516 1765 632 1830 habuit
658 1765 693 1830 in
723 1765 751 1828 F
751 1763 941 1849 rumthorpe
967 1763 1093 1828 ecilin
1117 1764 1260 1850 pomario
1286 1773 1321 1829 et

213 1869 248 1933 in
270 1877 358 1933 terra
379 1891 477 1954 quam
498 1867 614 1933 habuit
629 1867 665 1930 in
680 1864 843 1932 dominio⁸
857 1866 893 1930 in
909 1866 987 1930 uilla
1002 1874 1037 1931 et
1051 1876 1144 1932 extra
1158 1867 1270 1932 uillam
1286 1876 1322 1932 et

213 1972 311 2036 totft⁴
326 1971 473 2036 Lenerici
488 1979 523 2036 et
538 1971 761 2036 molendinum
777 1979 811 2036 et
825 1993 996 2036 commune
1019 1971 1175 2056 pabulum
1194 1971 1229 2036 in
1242 1995 1320 2058 agro

213 2085 247 2138 et
261 2083 355 2161 prato
369 2074 502 2140 ecclesie
519 2074 550 2140 S.
567 2073 656 2138 Petri
671 2073 712 2138 de
728 2073 885 2159 Merkeby
900 2081 934 2138 et
948 2073 1108 2138 canonicis
1123 2073 1244 2138 ibidem
1260 2075 1321 2140 deo

212 2177 407 2264 degentibus
428 2177 513 2241 sient
534 2177 682 2242 Johellns
702 2185 737 2242 et
758 2177 898 2241 Thomas
913 2176 1005 2241 heres
1020 2199 1098 2241 suns
1113 2177 1144 2241 ei
1158 2176 1319 2240 dederunt

211 2281 247 2344 in
261 2280 397 2344 liberam
412 2278 619 2344 elemosinam
634 2279 735 2344 libere
750 2287 784 2344 et
800 2278 911 2364 quiete
931 2279 1094 2344 reddendo
1116 2301 1175 2365 per
1195 2302 1318 2344 annum

212 2385 266 2470 xij.
282 2384 337 2450 sol.
353 2405 411 2469 pro
426 2384 515 2448 omni
529 2383 665 2448 seruioio
680 2383 776 2448 Teste
791 2391 851 2448 eto.

277 2487 322 2552 Et
351 2487 509 2552 Rioardus
537 2509 597 2573 per
624 2494 826 2552 attornatum
852 2508 949 2551 sunm
976 2487 1069 2552 uenit
1095 2495 1130 2552 et
1155 2489 1319 2576 cognoscit

211 2599 334 2656 cartam
349 2599 384 2656 et
398 2591 479 2656 dicit
493 2591 580 2676 quod
599 2591 692 2656 heres
715 2591 875 2679 Drogonis
897 2591 938 2656 de
961 2592 1073 2657 Monte
1096 2592 1203 2658 Acuto
1225 2601 1318 2658 tenet

210 2695 341 2760 feodum
364 2695 446 2760 illud
467 2695 508 2760 de
531 2695 665 2760 eodem⁶
685 2703 719 2760 et
741 2695 827 2781 quod
848 2695 925 2760 fecit
944 2695 975 2762 ei
990 2695 1065 2760 inde
1081 2696 1268 2781 homagium
1283 2705 1318 2760 et

211 2799 369 2864 releuium
393 2799 547 2866 etdebet
570 2800 601 2864 ei
624 2822 828 2885 perannum
853 2799 1026 2866 senricium
1053 2809 1143 2866 sexte
1169 2799 1271 2885 partis
1291 2801 1317 2886 j.

211 2903 326 2968 militis
341 2911 375 2968 et
390 2903 472 2968 bene
488 2903 652 2990 cognoscit
667 2901 753 2988 quod
767 2902 935 2968 distrinxit
957 2901 1097 2968 eundem
1120 2903 1263 2968 Priorem
1283 2911 1317 2968 et

210 3005 393 3092 predictum
408 3005 538 3070 feodum
554 3027 612 3090 pro
626 3005 780 3090 predictis
795 3005 959 3070 forinsecis
973 3005 1124 3070 seruiciia

276 3109 321 3172 Et
337 3107 428 3172 Prior
441 3107 522 3172 dicit
537 3107 622 3193 quod
639 3129 698 3192 per
716 3115 840 3172 cartam
859 3107 997 3192 predicti
1012 3107 1169 3172 Willelmi
1190 3129 1317 3194 semper

93 3220 97 3228 '
210 3212 275 3277 fuit
289 3211 358 3298 ipse
381 3213 512 3298 quietus
532 3212 572 3276 de
595 3211 731 3276 seruicio
753 3211 907 3276 forinseco
930 3211 1031 3276 donec
1053 3211 1218 3276 distrinxit
1241 3233 1316 3276 eum

209 3340 268 3403 pro
294 3341 322 3382 v.
349 3317 504 3404 scutagiis
530 3317 578 3382 ita
603 3316 690 3402 quod
719 3316 830 3380 aueria
859 3339 918 3380 sua
947 3315 1096 3380 uendidit
1125 3323 1160 3380 et
1189 3324 1318 3380 mortua

210 3423 343 3486 suerunt
358 3421 393 3485 in
407 3443 503 3506 parco
517 3444 576 3507 per
590 3420 677 3506 quod
692 3419 809 3484 habuit
824 3419 1005 3504 predictum
1021 3419 1206 3506 dampnum.

274 3526 319 3589 Et
339 3525 497 3590 Ricardua
518 3525 666 3611 quesitus
686 3525 714 3590 si
728 3525 811 3589 uelit
826 3546 944 3610 ponere
959 3547 993 3588 se
1008 3546 1105 3609 super
1119 3523 1260 3610 patriam
1274 3525 1315 3590 de
1329 3531 1467 3627 ffffi‘gffi

209 3629 356 3714 predicta
370 3629 555 3716 quietancia
569 3628 751 3716 dicitquod
772 3651 837 3693 non
860 3637 894 3692 et
917 3627 1079 3714 quianon
1101 3628 1175 3692 uult
1196 3651 1315 3714 ponere
1328 3627 1450 3720 ζξᾷξξξξξρ

208 3754 243 3796 se
273 3753 371 3817 super
399 3732 539 3817 patriam
569 3731 610 3796 de
637 3731 823 3817 quietancia
847 3753 907 3796 nec
936 3730 1060 3816 aliquid
1086 3731 1228 3796 ostendit
1253 3732 1316 3796 nisi
1329 3719 1474 3814 &offigit

209 3836 389 3921 simplicem
412 3859 525 3900 uocem
550 3857 642 3900 suam
666 3843 701 3900 et
725 3835 887 3922 cognoscit
912 3843 1044 3912 cartam,
1068 3834 1315 3900 consideratum
1328 3813 1461 3907 diffidi*
1462 3813 1469 3852 ¹

208 3947 260 4003 est
285 3939 371 4024 quod
396 3938 437 4003 de
461 3947 568 4002 cetero
592 3961 656 4002 non
679 3937 855 4023 distringat
877 3937 1017 4002 eundern
1042 3936 1185 4002 Priorem
1208 3945 1259 4002 set
1281 3961 1315 4003 se
1328 3915 1479 4038 {ffiffiuffil

208 4044 316 4128 capiat
341 4043 383 4108 ad
409 4043 561 4108 heredem
584 4042 723 4128 predicti
749 4043 908 4128 Drogonis
934 4042 962 4106 si
984 4043 1133 4120 uoluerit,
1156 4051 1191 4107 et
1212 4044 1255 4109 sit
1281 4044 1316 4110 in
1328 4045 1459 4093 ⁹¹⁰l⁸l⁰³²

209 4145 427 4212 misericordia
448 4145 526 4232 quia
547 4145 592 4209 sio
614 4167 690 4210 eum
712 4144 889 4222 distrinxit,
904 4151 938 4209 et
959 4145 1117 4210 Ricardus
1138 4145 1316 4212 satisfaciat

240 4274 250 4306 ¹
268 4274 300 4324 ln
312 4273 356 4324 the
366 4271 463 4336 pound.
817 4273 828 4306 ⁸
845 4271 945 4335 Supply
955 4274 1066 4322 Rioordo
1079 4273 1121 4338 (l).
1154 4273 1210 4323 'I'hs
1221 4273 1278 4324 heir
1288 4277 1318 4324 ol

240 4339 252 4370 ²
268 4339 323 4388 ‘l'hc
333 4337 393 4387 civil
405 4353 457 4387 war
468 4337 497 4386 ol
507 4339 627 4390 1215-7.
785 4337 872 4399 Drogo
889 4337 912 4386 is
928 4352 1017 4386 meane
1039 4338 1151 4388 between
1174 4339 1219 4389 tlre
1241 4340 1315 4390 Prior

240 4403 252 4436 ²
268 4403 304 4454 Or
314 4405 445 4454 dominico.
787 4402 840 4452 and
852 4401 965 4452 Riobard
976 4403 1063 4466 Peroy.

241 4469 252 4501 ⁴
268 4469 339 4517 Corr.
353 4471 408 4532 rost,
421 4467 466 4518 the
477 4467 526 4518 aito
538 4467 565 4518 ol
581 4467 735 4529 abuilding.
