3308 5226
436 463 668 527 montanum,
690 465 755 516 an.
780 452 874 528 1224,
895 464 959 516 an
980 451 1076 515 8-9.
1244 447 1308 516 715

203 635 407 704 umedictum
428 635 571 724 ipsorum
593 637 680 724 xviij.
703 636 856 715 militum,
876 643 913 704 et
932 633 1007 704 ideo
1026 633 1182 722 procedat
1203 633 1311 700 audac.

204 739 282 805 Post
297 749 459 806 uenerunt
473 739 538 805 duo
553 741 602 806 ita
616 739 702 827 quod
716 763 768 808 xm
782 740 983 806 iurauerunt
1305 797 1307 804 .

269 843 438 910 iuratores
474 843 589 910 dieunt
616 843 705 932 quod
732 843 821 910 idem
851 844 998 930 Roget-ue
1026 841 1149 908 iniuste
1178 849 1214 910 et
1242 840 1312 906 sine

203 945 323 1012 iudicio
345 955 475 1034 etpost
496 946 673 1014 terminum
699 947 876 1013 diaeeiaiuit
902 946 1042 1012 eundem
1068 946 1247 1012 Robertum
1271 945 1313 1012 do

202 1071 375 1116 commum
397 1051 487 1118 illine
515 1059 648 1138 pmture
677 1050 763 1116 sicut
791 1049 930 1137 predicti
958 1050 1012 1136 xij.
1039 1049 1197 1116 iuratores
1223 1050 1313 1138 prius

201 1153 394 1220 iurauerunt
409 1163 443 1220 et
458 1155 545 1241 quod
559 1155 642 1220 bena
652 1154 854 1220 iurauerunt.
891 1155 935 1220 Et
946 1153 1020 1219 ideo
1030 1153 1085 1240 xij.
1097 1154 1313 1242 recognitores

203 1265 238 1323 et
255 1258 418 1324 Robertus
437 1259 514 1324 inde
534 1258 639 1345 quieti
659 1266 694 1324 et
713 1259 861 1346 Rogatus
881 1258 916 1324 in
935 1257 1154 1324 misericordia
1173 1265 1207 1324 et
1227 1281 1312 1323 com-

202 1361 349 1428 mittitur
362 1363 463 1450 gaole.
508 1363 626 1429 Postea
640 1363 718 1430 fecit
732 1365 832 1430 finem
846 1385 906 1451 per
918 1387 948 1429 r.
964 1367 1087 1428 marcas
1102 1362 1175 1428 etc²

144 1524 152 1539 ‚
267 1466 439 1532 'Ricardua
459 1467 500 1532 de
520 1467 727 1554 Shupestona
744 1489 802 1555 pro
824 1489 858 1533 ae
880 1474 915 1534 et
937 1465 1100 1554 Margaria
1121 1487 1220 1532 uxore
1242 1465 1313 1532 eiua

201 1571 297 1638 cuiue
323 1573 391 1638 loco
421 1580 482 1638 etc.
509 1572 596 1659 petit
625 1595 739 1638 uersus
768 1571 971 1638 Willelmum
1001 1570 1043 1636 de
1072 1569 1244 1636 Boleacota
1276 1579 1312 1636 et

202 1675 387 1742 Aecelinam
423 1699 557 1741 uxorem
591 1676 669 1753 eius,
699 1676 856 1742 Thomam
896 1674 937 1740 de
974 1674 1242 1741 Tidelementona
1277 1683 1313 1742 et

203 1781 393 1846 Eleonoram
412 1803 547 1846 uxorem
567 1780 646 1860 eius,
660 1778 840 1844 Jordanum
860 1777 901 1844 de
922 1778 1055 1864 Breylea
1073 1786 1109 1843 et
1123 1779 1311 1846 Yaabellam

202 1907 335 1951 uxorem
350 1883 627 1962 eius,Walte1um
649 1881 691 1946 de
712 1881 922 1947 Wolauitona
943 1888 978 1944 et
1001 1880 1155 1946 Oociliam
1178 1903 1311 1948 uxorem

202 1990 272 2056 eius
287 1997 322 2055 et
336 1986 529 2055 Ricardum'
543 1987 585 2052 de
599 1985 726 2051 Wlfrid’
742 1993 777 2050 et
796 1984 959 2050 Amiciam
979 2005 1114 2050 uxorem
1134 1983 1205 2052 eius
1225 1985 1311 2071 quod

201 2093 340 2160 reddant
368 2093 416 2159 eia
440 2090 668 2158 racionabilem
697 2089 881 2176 porcionem
899 2086 906 2176 1
925 2087 1028 2174 ipsius
1058 2087 1219 2176 Margarie
1247 2111 1311 2176 que

201 2219 274 2263 eam
303 2196 464 2284 contingit
492 2195 533 2261 de
563 2194 745 2260 hereditate
774 2215 838 2280 qua
867 2193 932 2258 suit
965 2192 1107 2258 Simonis
1137 2193 1240 2260 Ouain
1275 2194 1311 2260 in

200 2301 431 2389 Wolauigtona
454 2299 557 2386 patrie
582 2298 800 2386 predictarum
825 2297 1001 2362 mulierum
1023 2298 1081 2384 qui
1102 2320 1208 2384 nuper
1229 2299 1311 2366 obiit

200 2405 287 2470 unde
312 2405 381 2491 ipse
405 2402 564 2470 Ricardus
586 2411 622 2468 et
647 2402 810 2488 Margaria
837 2410 958 2488 petunt
987 2425 1101 2468 uersus
1127 2403 1311 2490 quamlibet

200 2531 311 2575 aarum
326 2509 460 2574 terciam
475 2515 603 2594 partem
618 2505 706 2592 xviij.
721 2528 782 2572 aar.
798 2513 885 2570 terre
900 2513 960 2571 etc
987 2553 991 2560 .

265 2613 309 2678 Et
324 2613 508 2678 Willelmus
523 2619 558 2677 ot
577 2633 689 2676 omnes
707 2610 765 2676 alii
784 2610 925 2677 ueniunt
946 2618 981 2677 et
1003 2610 1118 2678 dicunt
1139 2613 1226 2700 quod
1247 2612 1310 2699 ipsi

199 2715 356 2781 Ricardue
371 2724 406 2782 et
421 2714 585 2802 Margarita
598 2714 722 2780 habent
741 2737 841 2780 unam
861 2715 942 2803 uirg.
958 2723 1045 2782 terre
1064 2739 1128 2804 que
1148 2717 1227 2782 data
1246 2717 1311 2783 suit

198 2817 305 2884 eidem
319 2817 458 2884 Ricardo
472 2841 547 2883 cum
561 2817 634 2905 ipsa
648 2817 811 2906 Margana
824 2827 859 2885 et
874 2821 958 2884 bane
972 2821 1154 2886 concedunt
1173 2821 1260 2909 quod
1280 2821 1309 2888 si

197 2923 255 2989 illa
268 2945 333 2988 non
347 2923 488 2988 sufficiat
500 2922 543 2988 ad
557 2931 685 3009 partem
699 2945 792 2988 suam
807 2923 894 3009 quod
908 2932 1050 3009 ponatur
1069 2924 1104 2988 in
1124 2934 1253 3012 partem
1274 2934 1309 2992 et

198 3026 341 3091 habeant
362 3047 421 3112 per
441 3033 550 3091 totum
571 3034 699 3113 partem
719 3049 814 3092 auam
840 3028 889 3092 ita
912 3027 998 3114 quod
1024 3027 1138 3093 eodem
1164 3029 1217 3096 die
1242 3053 1308 3117 quo

198 3131 419 3218 unusquisque
434 3131 558 3218 recepit
572 3139 700 3217 partem
715 3153 807 3196 suam
822 3132 947 3219 recepit
960 3133 1030 3219 ipae
1041 3132 1200 3199 Ricarduu
1214 3155 1306 3199 suam

198 3233 350 3320 partem‘.

262 3339 306 3404 Et
320 3339 478 3404 Ricardue
492 3337 572 3405 dicit
585 3339 674 3426 quod
691 3361 862 3426 nunquam
881 3339 999 3405 habuit
1018 3347 1139 3406 terram
1158 3341 1249 3406 illam
1271 3341 1307 3408 in

195 3451 370 3530 pertenet
395 3465 510 3508 reuera
534 3443 649 3509 Simon
675 3443 768 3508 dedit
793 3443 887 3530 quia*
908 3443 1030 3531 uiginti
1051 3452 1193 3531 quatuor
1212 3445 1307 3511 annio

195 3547 313 3634 elapsis
337 3555 459 3612 tanam
481 3547 571 3612 illam
593 3569 653 3633 per
672 3555 747 3612 octo
767 3567 869 3612 annos
890 3546 1079 3633 priusquam
1101 3547 1197 3615 duxit
1218 3549 1306 3614 Mar-

194 3651 318 3739 gariam
339 3650 376 3714 in
397 3673 531 3715 uxorem
552 3672 611 3736 pro
632 3649 783 3738 homagio
804 3671 863 3715 suo
885 3659 920 3715 et
941 3649 1017 3717 inde
1039 3653 1161 3738 profert
1183 3661 1305 3718 cartam

194 3779 287 3822 suam
309 3777 372 3842 que
394 3754 455 3819 hoc
476 3761 625 3822 testatur.
670 3755 715 3820 Et
735 3761 826 3820 carto
847 3755 919 3820 uisa
943 3765 994 3821 est
1020 3765 1055 3821 et
1080 3757 1212 3822 uidetur
1236 3779 1306 3824 ense

195 3861 283 3938 falsa,
298 3859 376 3947 quia
390 3879 464 3926 cera
482 3881 547 3924 non
567 3867 618 3924 eat
637 3857 678 3924 de
700 3859 806 3926 tribua
827 3859 922 3926 annia
944 3860 1044 3926 immo
1065 3883 1176 3928 recen·
1196 3869 1248 3928 eet
1270 3871 1306 3928 et

194 3966 268 4030 ideo
281 3963 468 4030 adiudicata
482 3971 533 4028 eet
546 3961 588 4028 ad
603 3962 717 4028 falsam
739 3970 774 4028 et
788 3963 838 4029 ita
851 3962 944 4028 nulla
956 3970 1006 4028 est
1017 3971 1052 4028 et
1063 3964 1136 4029 ideo
1147 3963 1305 4030 Ricardua

195 4069 406 4134 custodiatur.

259 4171 338 4236 Post
351 4169 446 4235 uenit
467 4167 625 4238 Ricardus
644 4176 679 4236 et
698 4169 862 4256 cognoscit
882 4169 969 4262 quod
989 4178 1079 4238 carta
1098 4171 1180 4238 falsa
1199 4179 1249 4237 est
1268 4181 1304 4238 ct

227 4287 387 4350 ¹Quoerena
403 4283 723 4361 custodiaturinpricona
805 4285 887 4338 ⁸118.
900 4285 1078 4342 macuto:
1086 4286 1153 4342 Ric'.

195 4369 270 4470 {trop
281 4367 365 4470 ἔξω
381 4351 531 4416 pecuniario
546 4349 720 4406 redimendae
806 4351 907 4467 :didi
916 4350 1160 4482 mmmm·
1176 4353 1193 4406 t.
1207 4355 1248 4406 77.

228 4481 410 4535 ²tmwd

1365 1482 1435 1524 wart.
