3212 5230
225 985 296 1048 422.

218 1084 299 1125 Dauos.

183 1409 241 1449 Nota
248 1409 305 1459 quod

183 1456 300 1497 salamar-

183 1597 256 1645 qultur
264 1609 298 1638 tur

182 1647 232 1683 ante
240 1649 322 1694 tempus

182 1694 285 1738 quorem
293 1693 335 1732 ulnt

341 393 411 486 Ι342
642 406 791 468 murum,
813 407 878 456 ao.
903 393 996 468 1230,
1018 406 1081 456 aa.
1107 395 1156 457 14.

346 576 432 662 quod
446 575 610 663 predictus
625 574 770 663 Rogerus
786 575 862 661 Hay
876 576 1068 654 auunculus,
1084 577 1148 642 fuit
1168 577 1244 644 inde
1261 579 1394 644 saisitus
1414 585 1458 642 ut

346 679 387 744 de
402 679 502 759 leode,
511 680 564 746 die
579 704 643 767 quo
658 680 740 746 obiit
756 689 790 746 et
804 689 878 768 post
886 681 1073 760 terminum,
1084 691 1119 747 et
1131 683 1218 769 quod
1228 683 1290 748 iste
1305 684 1458 772 Rogerus

346 793 396 850 est
417 785 626 872 propinquior
647 786 748 852 heres.
793 787 837 851 Et
855 785 928 852 ideo
951 785 1199 852 Consideratum
1221 789 1373 874 estquod
1388 789 1457 854 Ro-

346 910 442 975 gerus
456 887 661 973 recuperauit
676 889 828 954 saisinam
842 913 934 954 suam
950 899 985 955 et
999 889 1119 954 habeat
1134 890 1234 955 breue
1249 890 1290 956 de
1305 891 1434 956 saisina

412 990 588 1057 ¹Robertus
608 992 648 1058 de
670 993 794 1058 Heliun
814 993 1031 1058 summonitus
1050 993 1115 1058 fuit
1134 995 1176 1060 ad
1195 996 1457 1082 respondendum

347 1095 440 1160 Dom.
457 1097 541 1184 Regi
561 1119 625 1182 quo
645 1106 787 1162 warranto
807 1105 900 1163 tenet
920 1120 954 1162 se
973 1099 1008 1162 in
1026 1121 1092 1163 uno
1114 1099 1250 1188 ferlingo
1272 1109 1356 1166 terre
1380 1123 1457 1165 cum

347 1207 426 1284 pert.
448 1199 483 1264 in
506 1199 741 1287 Sheppelegha,
762 1222 825 1286 que
848 1208 898 1264 est
920 1207 955 1265 et
976 1222 1045 1266 esse
1068 1200 1167 1266 debet
1189 1203 1339 1268 eschaeta
1359 1203 1458 1268 Dom.

347 1301 446 1389 Regis
461 1324 498 1366 eo
513 1301 599 1388 quod
614 1310 700 1368 terra
714 1301 777 1367 fuit
792 1302 911 1389 Rogeri
926 1302 1063 1368 Mirabel
1079 1303 1136 1391 qui
1150 1305 1318 1370 conuictus
1334 1305 1399 1370 fuit
1414 1305 1458 1370 de

347 1403 471 1468 felonia

412 1507 456 1571 Et
470 1507 632 1571 Robertus
647 1508 740 1572 uenit
755 1515 790 1572 et
804 1507 884 1573 dicit
899 1509 986 1595 quod
1006 1517 1098 1575 tenet
1117 1533 1151 1576 se
1172 1509 1207 1575 in
1229 1519 1315 1576 terra
1336 1511 1395 1576 illa
1417 1519 1459 1576 ut

346 1610 381 1674 in
402 1609 460 1675 illa
480 1633 543 1696 que
565 1611 596 1676 ei
617 1610 784 1676 descendit
803 1611 873 1676 iure
894 1612 1088 1678 hereditario
1107 1613 1149 1679 de
1168 1622 1261 1700 patre
1281 1637 1347 1693 suo,
1363 1624 1398 1680 et
1413 1615 1458 1680 de

182 1747 302 1779 ommam.
346 1736 417 1792 auc,
439 1722 473 1778 et
498 1735 627 1798 proauo
649 1721 683 1778 et
708 1713 757 1778 ita
782 1713 822 1778 de
846 1715 1101 1781 antecessoribus
1122 1715 1190 1780 suis
1212 1716 1413 1782 ininfinitum
1438 1740 1460 1782 a

182 1793 221 1822 nee
229 1784 269 1824 telo
277 1785 317 1825 luit

183 1833 334 1878 unquamne
347 1825 523 1903 conquestu
559 1818 685 1904 Anglie.
746 1817 837 1882 Dicit
867 1818 968 1882 eciam
998 1818 1085 1904 quod
1113 1819 1279 1906 predictus
1308 1821 1460 1907 Ragerua

183 1877 264 1916 ulsltus
272 1879 329 1927 quod

318 2048 334 2096 ¹.
347 2025 432 2113 quod
452 2025 591 2112 quedam
612 2025 851 2112 perambulacio
866 2027 952 2091 facta
967 2027 1030 2091 fuit
1044 2026 1219 2113 aliquando
1233 2027 1319 2092 inter
1335 2029 1458 2114 Magis-

183 2016 244 2056 Dom
254 2019 317 2066 Regu

182 2063 230 2103 llcct
241 2065 326 2113 aliquan

182 2110 210 2149 do
219 2111 246 2149 lm
261 2112 309 2151 lacl-

183 2203 243 2246 ame

183 2122 326 2199 tametpoenan·

347 1923 483 1986 Mirabel
498 1945 665 2008 nunquam
681 1922 744 1987 fuit
759 1922 889 1987 saisitus
904 1923 944 1988 de
966 1923 1079 1988 eadem
1099 1932 1192 1988 terra
1238 1924 1329 1988 Dicit
1350 1925 1457 1990 eciam

346 2139 434 2194 trum
449 2129 631 2194 Walterum
646 2130 763 2194 Deuon
779 2129 836 2216 qui
850 2130 998 2216 sequitur
1011 2153 1069 2217 pro
1088 2131 1178 2218 Rege
1200 2139 1235 2196 et
1254 2131 1312 2218 qui
1333 2140 1457 2196 terram

346 2236 435 2300 illam
464 2235 565 2300 habet
592 2257 651 2321 per
679 2235 773 2300 Dom.
802 2237 926 2324 Regem
956 2237 996 2302 de
1031 2245 1117 2302 terra
1149 2238 1207 2302 illa
1242 2246 1277 2302 et
1313 2238 1457 2302 eundem

346 2337 526 2402 Robertum
546 2335 586 2402 de
606 2345 693 2402 terra
712 2359 809 2423 quam
830 2337 899 2423 ipse
922 2338 1022 2403 habet
1044 2339 1079 2404 in
1101 2340 1216 2405 eedem
1238 2341 1319 2406 uilla
1339 2349 1374 2406 et
1396 2363 1459 2427 per

346 2438 659 2524 perambulacionem
679 2438 769 2503 illam
784 2438 884 2504 nichil
898 2440 1054 2504 remansit
1074 2441 1232 2528 Magistro
1247 2442 1392 2507 Waltero
1413 2443 1456 2508 de

346 2553 433 2608 terra
446 2543 503 2608 illa
516 2541 603 2608 unde
618 2542 785 2608 contencio
800 2551 850 2608 est
864 2543 951 2608 inter
966 2566 1028 2610 eos.

411 2647 454 2713 Et
477 2647 633 2734 Magister
654 2647 819 2712 Walterus
841 2647 1031 2734 dicitquod
1054 2656 1142 2713 terra
1164 2649 1222 2714 illa
1245 2649 1391 2736 pertinet
1412 2650 1457 2716 ad

345 2759 464 2817 terram
486 2774 584 2838 quam
606 2751 675 2838 ipse
697 2752 797 2818 habet
819 2774 859 2818 ex
881 2753 964 2818 dono
987 2754 1079 2818 Dom
1103 2754 1205 2841 Regis
1227 2763 1262 2820 et
1287 2754 1456 2840 predictus

345 2856 490 2944 Rogerus
512 2855 650 2920 Mirabel
671 2855 844 2942 aliquando
870 2856 1077 2943 inplacitauit
1104 2859 1244 2925 eundem
1273 2860 1456 2924 Robertum

344 2959 385 3024 de
400 2969 486 3025 terra
500 2960 557 3024 illa
571 2967 605 3024 et
620 2959 782 3046 pendente
797 2960 916 3046 placito
931 2963 1099 3050 utlagatus
1115 2963 1180 3028 fuit
1195 2963 1283 3028 idem
1298 2965 1456 3051 Rogerus,

346 3066 389 3130 Et
404 3065 481 3151 quia
495 3065 651 3151 Magister
665 3064 830 3130 Walterus
845 3066 998 3152 cognouit
1019 3067 1107 3153 quod
1126 3067 1293 3154 predictus
1307 3069 1456 3154 Rogerus

344 3192 409 3234 non
438 3168 501 3234 fuit
530 3167 659 3233 saisitus
687 3167 729 3232 de
757 3169 871 3234 eadem
901 3177 988 3234 terra
1016 3170 1146 3255 quando
1175 3171 1240 3235 fuit
1278 3171 1455 3258 utlagatus,

344 3273 590 3340 Consideratum
605 3271 756 3358 estquod
771 3271 933 3336 Robertus
947 3271 1024 3338 inde
1039 3273 1109 3338 sine
1124 3273 1178 3339 die
1193 3282 1253 3339 etc

409 3375 588 3442 'Walterus
617 3375 658 3440 de
688 3375 829 3442 Cadamo
859 3383 894 3440 et
923 3375 1028 3440 Maria
1057 3399 1137 3442 uxor
1168 3377 1239 3442 eius
1272 3377 1456 3442 ethachiati

228 3497 287 3528 ⁴⁰¹·
346 3479 477 3544 fuerunt
491 3480 533 3545 ad
547 3479 805 3566 respondendum
826 3481 952 3566 Rogero
972 3480 1013 3546 de
1035 3481 1191 3546 Stoctona
1210 3489 1245 3546 et
1265 3481 1392 3568 Rogero
1412 3481 1455 3546 de

345 3586 461 3651 Thwec
483 3609 581 3672 quare
603 3609 667 3650 non
689 3586 886 3672 permittunt
913 3607 967 3651 eos
992 3593 1178 3671 presentare
1204 3585 1354 3650 idoneam
1380 3608 1454 3671 per-

344 3711 454 3754 sonam
480 3689 522 3754 ad
547 3689 628 3754 duas
650 3697 760 3774 partes
783 3688 915 3754 ecclesie
938 3688 978 3753 de
1002 3688 1160 3774 Kyrlreby
1183 3711 1247 3774 que
1273 3696 1369 3753 uacat
1391 3697 1454 3753 etc.

343 3792 429 3857 unde
451 3791 538 3856 idem
560 3792 705 3878 Rogerus
727 3799 762 3854 et
783 3791 930 3878 Rogerus
953 3812 1011 3876 per
1034 3797 1215 3855 attornatos
1238 3812 1312 3854 suos
1336 3790 1455 3855 dicunt

343 3895 428 3982 quod
442 3896 505 3982 ipsi
520 3903 596 3959 sunt
611 3894 783 3982 participes
798 3894 900 3980 ipsius
915 3895 1017 3959 Marie
1038 3893 1080 3958 de
1101 3893 1284 3959 hereditate
1304 3916 1367 3980 que
1389 3894 1455 3958 fuit

342 3998 518 4065 Alexandri
542 3997 721 4074 Godebont,
740 4007 774 4062 et
794 3999 871 4084 quia
892 3998 955 4084 ipsi
978 3998 1101 4063 habent
1122 4006 1249 4084 partem
1272 4019 1363 4063 suam
1387 4021 1453 4084 que

374 4167 533 4217 1A.m.14.
917 4165 1072 4228 partolthe
1083 4165 1214 4216 noteIdo
1225 4169 1273 4216 not
1289 4165 1453 4217 understand

374 4233 457 4283 'One
477 4231 552 4295 point
573 4230 596 4280 is
618 4230 676 4282 thet
701 4245 718 4281 a
744 4229 814 4292 right
840 4231 870 4280 ol
918 4231 1251 4294 andmayhavemisread:
1267 4231 1454 4295 thetwoparts

341 4298 429 4350 aetion
452 4297 514 4347 dces
537 4299 583 4346 not
599 4295 711 4346 esoheat.
745 4295 868 4346 Tharais
918 4311 982 4347 were
993 4296 1096 4347 written
1109 4299 1136 4346 at
1148 4297 1269 4348 different
1281 4297 1368 4348 times.

342 4365 404 4425 only
426 4363 530 4412 escheat
554 4362 593 4411 lor
615 4362 701 4425 lelony
724 4360 798 4412 when
824 4360 868 4411 the
952 4361 1139 4414 ¹A.m.1ld.

341 4430 408 4480 telon
432 4427 480 4478 has
502 4427 566 4478 been
583 4429 670 4478 celred.
704 4425 759 4477 Tha
776 4426 867 4478 earlier
