3360 5236
357 447 420 510 tta
660 458 811 519 ramur,
833 457 897 507 an.
924 443 1017 518 1225,
1041 457 1104 506 an.
1129 447 1156 510 9.

421 629 617 696 Eustachius
646 629 686 694 de
713 626 832 693 Burn'¹
858 625 944 713 petit
969 649 1083 693 uersus
1112 629 1253 696 eundem
1277 632 1463 699 Johannem

355 733 430 799 dim.
446 755 547 798 carue
564 741 649 798 terre
665 755 739 798 cum
760 739 840 818 pert
857 731 891 796 in
914 731 1028 796 eadem
1051 731 1131 797 uilla
1152 742 1191 798 ut
1212 735 1264 800 ius
1285 759 1381 802 suum
1403 746 1464 803 etc.

354 837 441 902 unde
466 836 641 902 Godwinus
662 844 845 900 antecessor
867 855 979 906 eorum
1005 834 1070 900 scil
1093 835 1272 904 willelmi·
1295 841 1465 906 Eustachii

353 941 418 1006 fuit
439 940 569 1006 seisitus
591 949 630 1005 ut
650 940 691 1006 de
711 940 782 1004 iure
797 946 832 1004 et
847 938 881 1003 in
896 937 1056 1004 dominico
1072 947 1216 1027 tempore
1231 943 1275 1010 H.
1291 945 1391 1032 Regis
1406 945 1465 1030 qui

354 1045 417 1110 fuir
432 1067 514 1110 auus
528 1043 583 1109 aui
599 1043 693 1110 Dom.
709 1043 809 1130 Regis
824 1042 889 1107 scil.
905 1065 989 1107 anno
1004 1049 1039 1108 et
1053 1042 1106 1108 die
1122 1065 1186 1130 quo
1205 1045 1287 1110 obiit
1307 1047 1465 1132 capiendo

353 1149 430 1214 iude
460 1149 591 1234 expleta
615 1147 657 1212 ad
683 1145 863 1210 ualenciam
891 1144 966 1209 dim
992 1167 1086 1210 mara
1113 1155 1149 1212 et
1174 1147 1261 1212 idem
1287 1147 1465 1214 (lodwinus

354 1252 471 1318 habuit
500 1251 580 1316 duos
610 1249 693 1314 filios
722 1249 905 1313 Walterum
935 1247 1188 1334 primogenitum
1219 1257 1254 1314 et
1282 1251 1464 1317 Robertum

191 1375 312 1425 Notaque
354 1367 550 1447 postnatum.
596 1357 647 1422 De
670 1357 816 1421 Waltero
846 1354 939 1420 uenit
962 1355 1147 1420 Willelmus
1171 1356 1337 1442 predictus
1362 1357 1465 1424 etde

191 1423 327 1556 ffilffig
354 1465 497 1530 Roberto
527 1460 722 1527 Eustachius
752 1459 839 1526 unde
868 1467 989 1546 petunt
1018 1467 1138 1526 terram
1164 1461 1255 1526 illam
1280 1470 1319 1528 nt
1343 1471 1465 1528 terram

191 1563 548 1660 uuir-partirem·
873 1645 876 1652 ,

191 1657 327 1744 dmm
421 1672 465 1736 Et
493 1671 660 1736 Johannes
688 1667 782 1733 uenit
812 1674 846 1732 et
876 1665 1023 1733 defendit
1047 1667 1099 1732 ius
1124 1690 1235 1733 eorum
1261 1669 1403 1735 habendi
1428 1671 1466 1736 in

189 1751 268 1794 Μ’
355 1775 515 1842 dominico
530 1782 565 1840 et
584 1772 664 1838 dicit
684 1769 770 1858 quod
792 1769 978 1852 noudebet
1001 1769 1049 1834 eis
1071 1769 1148 1834 inde
1171 1770 1362 1858 respondere
1385 1773 1467 1860 quia

354 1889 428 1968 post
442 1881 542 1946 breue
562 1877 651 1943 istud
673 1877 886 1962 impetratum
909 1873 1032 1960 recepit
1053 1873 1141 1939 idem
1156 1875 1341 1940 Willelmus
1362 1879 1467 1942 serui·

354 1984 441 2050 cium
463 2006 559 2048 suum
580 1981 621 2046 de
642 1979 756 2045 eadem
771 1986 858 2042 terra
872 1978 937 2042 scil.
953 1977 995 2042 ad
1009 1977 1164 2042 ultimum
1179 1979 1300 2044 festum
1317 1981 1349 2046 S.
1365 1981 1464 2046 Mich.

353 2086 435 2152 duas
460 2107 584 2151 marcas
609 2093 643 2150 et
665 2107 697 2148 x.
719 2082 792 2146 den.
815 2089 850 2146 et
873 2081 999 2146 desicut
1022 2083 1145 2168 recepit
1168 2084 1342 2149 seruicium
1367 2108 1466 2151 suum

352 2191 438 2276 petit
453 2189 611 2254 iudicium
626 2187 654 2252 ai
668 2185 787 2251 debeat
802 2173 993 2270 respondere
1009 2184 1049 2250 de
1064 2186 1200 2252 terrain
1215 2187 1383 2256 dominico.

418 2295 496 2359 Post
517 2292 611 2358 uenit
633 2292 655 2357 J
657 2291 800 2356 ohannes
820 2298 855 2354 et
873 2297 970 2354 uocat
984 2287 1025 2354 de
1040 2298 1112 2356 tota
1126 2298 1213 2357 terra
1227 2293 1269 2357 ad
1284 2301 1467 2359 warantum

352 2395 571 2483 Reginaldum
600 2395 642 2459 de
673 2393 851 2459 Cornhulla
885 2393 963 2479 quia
990 2393 1175 2460 Willelmus
1204 2404 1240 2460 et
1270 2397 1468 2464 Eustachius

352 2499 467 2564 dicunt
482 2498 568 2585 quod
582 2498 623 2564 de
639 2505 727 2562 terra
741 2519 838 2584 quam
860 2504 980 2582 petunt
999 2497 1127 2561 nullum
1150 2496 1314 2564 redditum
1336 2523 1467 2588 recepe·

352 2610 438 2668 runt.
483 2603 528 2666 Et
549 2601 623 2666 ideo
645 2601 741 2666 datus
763 2609 814 2666 est
834 2600 903 2666 dies
924 2601 1000 2666 talis
1017 2609 1052 2666 et
1067 2609 1147 2666 tunc
1161 2601 1281 2669 habeat
1296 2605 1327 2672 J.
1343 2627 1467 2672 waran-

353 2716 426 2773 tum
440 2729 537 2772 suum
551 2727 610 2792 per
624 2706 783 2771 auxilium
798 2705 893 2770 curie.

278 2821 304 2886 ⁸,
418 2811 617 2877 ‘Ostensum
647 2809 710 2874 fuit
736 2809 830 2874 Dom.
854 2809 939 2896 Regi
964 2808 1054 2896 quod
1076 2811 1257 2877 uicecomes
1282 2813 1370 2900 cepit
1399 2815 1467 2880 Ro-

353 2915 484 2982 bertum
521 2911 625 2978 filium
660 2911 836 2978 Gundrede
865 2922 900 2977 et
929 2913 1109 2978 Robertum
1139 2915 1180 2980 de
1209 2915 1402 2982 Hekintona
1429 2925 1468 2984 et

353 3020 440 3106 ipsos
457 3019 492 3083 in
511 3017 640 3104 prisona
657 3015 802 3081 detinuit
822 3039 862 3080 ea
883 3017 1047 3082 occasione
1070 3016 1155 3102 quod
1177 3016 1362 3084 debuerunt
1383 3019 1468 3084 occi-

355 3123 439 3188 disse
466 3123 629 3208 Rogerum
653 3121 683 3185 le
698 3120 846 3186 ‘Stillard
871 3129 906 3186 et
933 3121 1138 3186 Salomonem
1160 3121 1266 3187 filium
1289 3145 1384 3188 suum
1407 3125 1468 3212 qui

354 3226 426 3292 uiui
448 3234 525 3291 sunt
545 3233 580 3291 et
595 3225 673 3302 sani,
688 3223 775 3290 unde
794 3233 984 3311 preceptum
1000 3224 1064 3288 fuit
1079 3225 1264 3291 uicecomiti
1279 3228 1364 3314 quod
1379 3229 1467 3316 ipsos

355 3329 535 3396 Robertum
550 3336 585 3394 et
599 3324 779 3393 Robertum
794 3327 977 3392 dimitteret
988 3349 1047 3414 per
1056 3329 1164 3394 saluos
1178 3330 1301 3418 plegios
1315 3333 1364 3397 ita
1378 3332 1467 3418 quod

355 3441 463 3498 essent
486 3431 530 3497 ad
559 3432 646 3497 hunc
674 3431 760 3496 diem
791 3439 850 3498 etc
909 3431 955 3497 Et
984 3431 1164 3497 uioecomes
1190 3434 1256 3501 scil.
1282 3435 1468 3501 Herbertus

357 3537 501 3604 Clericus
529 3537 623 3602 uenit
649 3545 684 3602 et
706 3537 868 3623 cognoscit
891 3536 979 3624 quod
1008 3559 1063 3603 eos
1088 3537 1176 3623 cepit
1203 3560 1241 3603 eo
1267 3539 1353 3625 quod
1379 3541 1468 3606 fama

355 3640 460 3728 patrie
475 3640 540 3705 scil.
556 3640 599 3704 xl.
614 3640 761 3705 homines
781 3641 935 3706 dixerunt
956 3639 1042 3727 quod
1057 3640 1085 3704 si
1100 3641 1248 3728 Rogerus
1262 3651 1297 3707 et
1312 3643 1467 3709 Salomon

356 3745 450 3810 occisi
465 3753 573 3810 essent
594 3744 787 3810 credebatur
805 3745 891 3832 quod
906 3745 1045 3832 predicti
1064 3745 1227 3810 Robertus
1247 3754 1281 3811 et
1303 3747 1468 3812 Robertus

355 3848 441 3935 ipsos
456 3847 641 3913 occiderunt
656 3857 691 3913 et
705 3857 854 3934 preterea
868 3871 906 3914 eo
927 3848 1014 3936 quod
1027 3847 1143 3913 retteti
1157 3848 1290 3913 suerunt
1304 3847 1345 3914 de
1360 3858 1466 3916 morte

355 3953 521 4019 cuiusdam
537 3951 703 4039 garcionis.

421 4058 465 4122 Et
479 4079 576 4144 super
589 4057 649 4122 hoc
664 4057 757 4122 uenit
776 4057 923 4145 Rogeme
942 4057 973 4123 le
995 4056 1129 4124 Stillard
1150 4063 1185 4122 et
1206 4057 1357 4122 Salomon
1378 4057 1467 4124 filius

356 4161 426 4227 eius
448 4169 483 4226 et
504 4160 618 4225 dicunt
640 4160 726 4246 quod
749 4161 887 4248 predicti
909 4162 1073 4228 Robertus
1098 4169 1133 4226 et
1156 4160 1318 4225 Robertua
1341 4162 1465 4228 nullam

388 4295 484 4344 ιΒισΙε
495 4295 547 4344 and
559 4297 631 4344 Bura
642 4295 800 4347 areallonc.
933 4311 979 4361 my
1006 4299 1100 4348 tenant
1127 4296 1141 4345 1
1169 4309 1213 4346 am
1243 4297 1367 4360 estoppcd
1397 4297 1466 4350 lronr

389 4359 516 4422 ¹supply
527 4367 559 4420 et,
573 4361 604 4418 Δ,
616 4361 646 4414 Β.
887 4383 889 4388 ·
933 4361 1365 4426 claimingthclandindemesne.

388 4423 399 4457 ⁸
415 4424 470 4474 The
486 4425 556 4474 word
571 4428 594 4474 η’
611 4424 705 4475 should
720 4426 832 4490 perhaps
851 4426 882 4477 be
966 4429 1023 4480 ⁴A.
1038 4429 1115 4487 m.1;
1133 4427 1163 4476 Β.
1176 4439 1211 4478 m.
1225 4427 1250 4476 2.

355 4491 430 4539 elcut.
463 4489 490 4538 If
504 4491 689 4553 Iacceptrent
704 4492 771 4540 from
786 4507 837 4555 you
852 4507 883 4542 as
