3314 5238
410 423 473 484 434
705 435 842 496 susum,
864 435 928 484 nn
954 423 1047 496 1231,
1069 436 1133 488 aa.
1158 425 1207 486 15.

407 618 494 674 terra
515 607 616 695 ipsius
639 609 787 675 Simonis.
834 610 877 674 Et
899 610 977 696 quia
1003 611 1117 676 Simon
1143 635 1207 677 non
1233 623 1342 700 potest
1366 614 1516 680 dedicere

407 715 486 800 quin
508 724 595 780 terna
616 715 673 779 illa
693 715 750 780 ubi
770 738 941 780 eommuna
962 724 1012 780 est
1033 715 1077 780 sit
1092 716 1132 782 de
1143 717 1167 803 j.
1184 718 1278 783 feodo
1293 727 1328 783 et
1343 741 1411 783 una
1424 718 1515 796 uilla,

407 819 655 886 Consideratum
671 829 720 884 est
735 819 821 906 quod
841 820 913 906 ipsa
927 821 1145 886 eommunicet
1160 845 1234 886 cum
1249 822 1363 888 eodem
1380 824 1514 889 Simone

405 923 439 987 in
461 931 548 989 term
569 924 671 1011 ipsius
694 923 843 1001 Simonis,
868 932 903 988 et
925 923 996 1009 ipsa
1017 924 1167 989 coneedit
1189 925 1276 1011 quod
1303 927 1373 1012 ipse
1398 926 1513 992 Simon

404 1029 620 1094 communicet
635 1029 669 1093 in
685 1037 771 1092 term
785 1051 843 1093 sua
858 1028 981 1114 ubique
996 1037 1031 1093 et
1046 1028 1082 1094 in
1102 1029 1263 1095 Gosebroe
1283 1039 1318 1095 et
1342 1031 1457 1096 Simon
1478 1031 1513 1096 in

405 1131 621 1195 misericoidia
634 1153 692 1216 pro
707 1131 786 1195 falso
801 1131 947 1195 clamore.
1533 1127 1534 1132 ’

470 1233 633 1298 Galfridus
655 1233 741 1298 filius
763 1232 942 1297 Baldewini
961 1233 1048 1318 petit
1068 1256 1181 1298 uersus
1197 1234 1379 1300 Walterum
1404 1236 1511 1300 filium

309 1354 322 1384 ⁰
403 1335 560 1400 Willelmi
574 1335 615 1399 ix.
632 1358 691 1399 aer.
708 1344 792 1400 terre
809 1357 882 1398 oum
898 1344 978 1421 pert.
995 1335 1030 1399 iu
1052 1336 1220 1423 Simgham
1241 1345 1275 1402 et
1289 1339 1331 1422 vj.
1346 1361 1408 1402 aer.
1425 1347 1512 1402 terre

402 1463 476 1504 eum
491 1448 573 1526 pert.
588 1439 623 1504 in
638 1439 742 1503 Welle
758 1447 792 1502 et
808 1439 873 1524 viij.
890 1461 950 1504 aar.
967 1447 1052 1504 terre
1073 1463 1147 1505 eum
1167 1449 1248 1526 pert.
1264 1440 1299 1504 in
1314 1441 1461 1516 Bicham‚
1478 1449 1512 1504 et

402 1567 515 1610 uersus
540 1543 742 1609 Willelmum
768 1543 873 1608 filium
899 1543 1020 1630 Rogeri
1038 1544 1061 1630 j.
1085 1567 1145 1609 aer.
1169 1553 1254 1610 terre
1274 1568 1348 1610 oum
1369 1555 1453 1631 pert.
1476 1546 1511 1610 in

401 1651 537 1715 Bicham
552 1657 587 1714 et
601 1671 714 1713 ueisns
734 1648 914 1713 Henrieum
935 1648 1040 1712 filium
1062 1648 1232 1734 Durandj.
1249 1659 1413 1714 sentens
1434 1671 1511 1714 cum

401 1760 480 1838 pert.
497 1752 532 1816 in
548 1751 684 1816 Bieham
699 1757 737 1815 ut
752 1750 804 1814 ius
819 1771 915 1814 suum
931 1757 992 1815 etc.

464 1857 509 1922 Et
539 1857 704 1922 Walterus
738 1855 824 1920 filius
853 1854 1011 1918 Willelmi
1047 1853 1141 1919 uenit
1170 1863 1204 1918 et
1239 1863 1290 1920 est
1322 1864 1510 1920 attornatus

399 1960 542 2047 ipsorum
572 1959 729 2025 Willelmi
758 1967 792 2022 et
822 1958 957 2023 Henriei
987 1968 1021 2023 et
1057 1959 1137 2024 dicit
1172 1959 1259 2044 quod
1293 1959 1356 2045 ipsi
1393 1967 1509 2024 tenent

399 2066 578 2151 predictam
601 2075 720 2129 terram
742 2063 783 2128 de
806 2085 844 2128 eo
866 2071 901 2128 et
923 2063 970 2128 eis
992 2064 1181 2128 warentizat
1205 2073 1240 2128 et
1266 2071 1335 2128 tam
1357 2062 1398 2129 de
1423 2073 1510 2129 terra

399 2193 497 2255 quam
513 2171 559 2234 eis
574 2169 762 2234 warentizat
777 2191 875 2254 quam
890 2167 931 2232 de
947 2176 1034 2232 terra
1048 2191 1146 2254 quam
1162 2169 1231 2254 ipse
1247 2176 1340 2233 tenet
1354 2177 1453 2234 uocat
1467 2169 1509 2234 nd

400 2282 579 2338 warantum
602 2273 766 2359 Rogerum
792 2271 833 2336 de
856 2270 1093 2348 Oheuereuilla‚
1115 2271 1236 2338 habeat
1259 2294 1335 2337 eum
1362 2281 1423 2338 etc.
1451 2295 1509 2359 per

400 2377 559 2442 auxilium
574 2375 670 2441 curie.

463 2481 630 2545 Johannes
653 2479 823 2545 Fancillun
845 2479 1061 2544 summonitus
1083 2480 1147 2544 fuit
1168 2481 1210 2546 ad
1228 2480 1506 2546 warantizandum

325 2593 345 2622 ¹·
398 2587 562 2651 Willelmo
578 2588 608 2652 le
623 2587 727 2652 Lucre
736 2586 760 2672 j.
776 2609 880 2650 carue.
897 2594 982 2650 terre
997 2609 1072 2650 oum
1092 2593 1173 2672 pert.
1190 2587 1225 2650 in
1245 2586 1385 2673 Terling'
1407 2608 1505 2672 quam

397 2697 489 2755 tenet
511 2699 545 2754 et
567 2689 608 2756 de
630 2713 669 2755 eo
694 2697 805 2754 tenere
829 2690 949 2754 elamat
971 2699 1005 2753 et
1028 2688 1114 2754 unde
1138 2697 1261 2753 cartam
1285 2712 1377 2754 suam
1404 2690 1506 2757 hebet

396 2802 467 2872 ete,
481 2802 515 2858 et
530 2794 616 2858 unde
631 2793 718 2858 idem
734 2793 917 2858 Willelmus
932 2793 1081 2879 queritur
1100 2793 1186 2878 quod
1207 2815 1281 2857 cum
1302 2793 1371 2878 ipse
1391 2803 1506 2860 teneat

397 2905 515 2962 terram
538 2897 628 2961 illam
648 2895 689 2961 de
709 2895 792 2960 dono
813 2895 966 2960 Heltonis
986 2895 1158 2960 Fancillun
1178 2917 1236 2980 per
1255 2903 1378 2960 cartam
1401 2896 1506 2982 ipsius

396 3000 548 3065 Heltonis
572 3022 670 3086 quam
694 2999 814 3084 profert
835 3006 869 3062 et
889 3019 952 3082 que
973 2997 1034 3061 hoc
1049 3005 1191 3061 testatur
1206 3005 1240 3060 et
1256 3020 1314 3082 per
1328 2999 1503 3064 seminium

395 3106 448 3190 xij.
479 3105 560 3182 den„
584 3114 618 3168 et
647 3104 749 3168 eciam
779 3102 820 3167 de
850 3101 1095 3166 confirmacione
1121 3101 1223 3186 ipsius
1252 3101 1415 3166 «Iohannis
1446 3126 1505 3190 per

394 3219 516 3274 cartam
543 3231 635 3274 suam
660 3229 757 3292 quam
780 3205 902 3290 profert
924 3213 959 3268 et
982 3227 1045 3289 que
1071 3213 1214 3268 testatur
1240 3205 1327 3291 quod
1352 3205 1503 3292 quietum

394 3311 548 3376 clamauit
572 3319 606 3374 et
625 3307 871 3374 foras-affidauit
892 3315 927 3371 et
941 3306 1147 3370 confirmauit
1162 3307 1193 3370 ei
1208 3315 1316 3371 totum
1332 3307 1384 3372 ius
1403 3331 1501 3374 suum

393 3415 570 3480 seeundum
595 3413 681 3500 quod
705 3412 739 3476 in
759 3421 849 3476 carta
865 3411 967 3496 ipsius
983 3411 1135 3475 Heltonis
1150 3411 1343 3490 continetur,
1359 3421 1394 3476 et
1415 3413 1502 3499 quod

231 3540 351 3626 uboiaquon
393 3519 502 3604 posuit
525 3518 560 3582 in
582 3515 838 3602 contraplegium
863 3523 967 3578 totam
993 3523 1112 3578 terram
1136 3537 1228 3578 suam
1252 3537 1327 3580 oum
1351 3518 1502 3582 omnibus

229 3593 379 3721 §.uffa
393 3631 473 3710 pert.
497 3623 563 3686 suis
588 3621 637 3685 ita
658 3619 745 3706 quod
767 3621 893 3684 nullum
916 3619 1095 3704 dampnum
1117 3617 1276 3683 iacturam
1296 3619 1351 3683 uel
1374 3620 1500 3706 inpedi-

229 3733 355 3814 ffiffl
392 3738 540 3795 mentum
565 3728 700 3793 haberet
724 3749 781 3814 pro
804 3725 933 3790 defectu
954 3726 1098 3812 ipsorum
1119 3724 1280 3790 Johannis
1295 3733 1329 3790 et
1345 3726 1499 3792 Heltonis

228 3823 363 3908 '‘mmss'?
392 3835 446 3899 uel
466 3833 622 3898 heredum
643 3853 784 3908 suorum,
799 3831 891 3895 Dom.
911 3829 1133 3895 Justioiarius¹
1154 3829 1323 3917 distringit
1344 3853 1420 3896 eum
1441 3854 1498 3918 pro

227 3917 378 4002 diffidit*
391 3935 512 4001 releuio
534 3943 665 4000 eentum
688 3934 741 3998 sol.
764 3942 798 3997 et
820 3932 906 4019 quod
929 3933 1026 3997 faeiat
1046 3932 1077 3996 ei
1098 3931 1286 4018 homagium
1301 3940 1336 3996 et
1350 3943 1499 4018 preterea

228 4019 296 4056 snum.
306 4015 337 4049 set
344 4010 362 4049 ιΙ

227 4056 304 4151 J&
303 4067 377 4153 3³21.
391 4041 477 4128 quod
508 4041 623 4106 Comes
651 4039 818 4104 Johannes
848 4037 1085 4124 Huntingdone
1114 4037 1282 4123 distringit
1311 4059 1388 4101 eum
1421 4037 1497 4123 per⁸

226 4161 280 4190 ¹⁸⁸·
390 4144 526 4208 seruioio
541 4142 676 4206 duorum
693 4141 835 4205 militum
851 4149 885 4204 et
901 4139 1004 4226 exigit
1019 4141 1060 4204 ab
1076 4161 1114 4204 eo
1129 4163 1156 4204 x.
1170 4139 1224 4206 lib.
1240 4139 1327 4204 unde
1342 4138 1495 4206 deterior·

390 4257 464 4314 atus
479 4255 529 4311 est
545 4255 578 4310 et
593 4245 770 4331 dampnum
786 4244 885 4309 habet
900 4253 960 4309 ete.

421 4417 428 4448 ¹
448 4415 548 4464 Hubeit
559 4413 591 4464 ds
601 4414 698 4475 Burgh,
710 4413 773 4466 Earl
785 4415 814 4464 οἱ
824 4415 900 4465 Kent.
998 4415 1008 4446 ¹
1025 4415 1096 4465 Corr.
1105 4429 1161 4478 pro.

420 4483 430 4513 ²
447 4483 494 4532 See
505 4481 547 4530 Br.
563 4481 581 4528 f.
594 4479 625 4528 23
637 4479 660 4530 b.
