3360 5236
352 436 413 499 530
656 441 792 502 mersu,
815 441 879 488 an.
905 426 1082 500 1838111.
1108 429 1157 491 16.

350 621 428 708 quia
456 617 572 685 habuit
601 615 753 683 saisinam
782 635 841 702 per
868 613 1051 702 predictum
1078 613 1257 681 Hanrioum
1281 616 1347 681 iam
1372 635 1459 681 anno

350 726 459 812 elapso
473 728 718 790 summoneatur
732 719 894 784 Henn'eus
909 717 995 804 quod
1010 717 1054 782 sit
1068 725 1128 784 ete.
1144 718 1186 783 ad
1200 718 1457 805 cognoscendum

349 831 377 896 si
400 829 509 916 posuit
532 826 671 893 eundem
694 825 878 891 Johannem
901 825 934 888 in
957 823 1076 888 saisina
1094 823 1135 889 da
1151 823 1264 888 eadem
1281 832 1366 889 terra
1381 832 1414 889 et
1429 825 1458 888 si

348 932 456 1018 ipsum
480 929 589 1016 posuit
613 928 699 1015 quod
723 937 802 992 tune
827 925 1020 1012 respondeat
1042 925 1083 992 de
1109 926 1242 994 catallis„
1287 928 1331 992 Et
1345 935 1459 1014 postea

347 1035 441 1101 uenit
456 1033 619 1099 Hemieus
634 1041 669 1098 et
683 1031 837 1120 cognouit
852 1029 938 1117 quod
952 1031 1061 1116 posuit
1077 1052 1152 1095 eum
1163 1029 1198 1095 in
1207 1031 1357 1096 saisinam
1372 1053 1457 1096 anno

348 1149 408 1206 ete.
453 1139 498 1205 Et
527 1139 605 1225 quia
629 1137 796 1203 Johannes
823 1144 902 1200 tune
929 1136 993 1200 luit
1014 1135 1098 1200 infra
1119 1143 1242 1201 etatem
1264 1137 1349 1201 siout
1370 1159 1457 1202 nunc

347 1251 441 1332 patet
455 1265 514 1332 per
528 1250 696 1329 aspectum
719 1240 881 1328 eorporis¹
900 1250 935 1306 et
956 1241 1165 1306 manifestum
1188 1249 1238 1307 est
1260 1243 1347 1329 quod
1368 1243 1454 1308 idem

349 1347 511 1414 Henrious
533 1347 642 1434 posuit
664 1345 770 1433 ipsum
794 1345 978 1411 Johannem
999 1345 1034 1408 in
1049 1345 1200 1410 saisinam
1214 1369 1273 1432 per
1286 1347 1457 1424 maliciam,

349 1451 597 1518 Consideratum
612 1456 662 1514 est
678 1448 764 1535 quod
779 1449 802 1514 J
803 1447 946 1512 ohannes
961 1455 996 1512 et
1010 1447 1172 1512 Henricus
1186 1447 1221 1512 in
1241 1449 1458 1514 misericordia

348 1559 384 1618 et
398 1551 422 1617 J
422 1551 565 1616 ohannes
579 1549 695 1615 reddat
709 1547 759 1614 illi
774 1547 914 1614 Radulfo
929 1547 1001 1613 illas
1016 1547 1153 1637 triginta
1166 1572 1297 1616 mareas.

228 1667 300 1730 688.
414 1654 442 1718 F
442 1675 499 1740 ray
514 1651 686 1717 Punehard
700 1651 786 1736 petit
800 1672 914 1716 uersus
928 1650 1107 1715 Henrioum
1126 1650 1267 1716 Fabrum
1284 1653 1359 1718 dim
1375 1653 1456 1740 uirg.

232 1765 299 1804 ⁰¹⁰2
350 1765 435 1823 terre
458 1779 533 1821 oum
559 1763 639 1842 pert.
662 1755 697 1820 in
724 1754 1016 1840 Ouarkudingtona
1038 1761 1077 1818 ut
1100 1753 1152 1819 ius
1176 1777 1272 1820 suum
1298 1757 1347 1820 ita
1371 1758 1458 1844 quod

350 1861 515 1950 prediatus
530 1861 691 1926 Henrieus
711 1861 820 1948 posuit
835 1881 869 1924 sa
884 1859 919 1923 in
933 1881 1085 1946 magnam
1100 1860 1233 1924 maisam
1247 1860 1340 1926 Dom.
1357 1862 1457 1948 Regis

186 1979 319 2068 mma
349 1966 399 2030 ita
427 1964 514 2052 quod
543 1964 601 2050 iiij.
630 1964 753 2028 milites
781 1963 972 2028 summoniti
1004 1965 1144 2040 fuerunt,
1174 1973 1209 2029 et
1237 1974 1351 2051 postea
1378 1967 1457 2031 feeit

187 2075 338 2124 emaum*
350 2071 512 2136 delaltam.
559 2069 602 2134 Et
617 2069 690 2133 ideo
706 2067 954 2134 Consideratum
974 2076 1025 2133 est
1045 2068 1130 2155 quod
1152 2067 1237 2156 Eray
1251 2070 1457 2155 recuperauit

187 2132 239 2160 118111
247 2132 269 2160 ΙΘ

186 2131 322 2255 ffiffilii·
349 2175 501 2240 saisinam
516 2195 608 2238 suam
624 2193 736 2236 uersus
751 2180 827 2236 eum
842 2193 901 2257 per
915 2171 1070 2236 defaltam
1086 2179 1120 2236 et
1135 2171 1297 2237 Henricus
1311 2173 1347 2236 in
1360 2173 1457 2238 mise·

235 2259 250 2300 l
349 2279 486 2345 ricordia
501 2285 536 2343 et
551 2277 671 2342 habeat
687 2277 752 2342 tale
773 2297 961 2361 recuperare
983 2276 1078 2361 quale
1101 2276 1220 2342 habere
1242 2273 1367 2344 debeat
1412 2277 1457 2344 Et

350 2383 510 2450 Radulfus
525 2381 565 2447 de
582 2382 710 2447 Salceto
725 2380 860 2467 apponit
875 2377 1027 2444 elamium
1042 2401 1146 2444 suum.

227 2485 299 2550 689.
414 2485 572 2551 Ricardus
600 2485 642 2550 ds
672 2485 804 2570 Elinges
829 2482 915 2568 petit
941 2503 1054 2547 uensus
1077 2482 1221 2547 Alanum
1246 2481 1287 2548 de
1310 2483 1456 2572 Aldreby

231 2585 288 2625 ¹²³²
348 2589 479 2655 feodum
494 2589 569 2654 dim.
585 2588 701 2653 militis
720 2609 795 2653 eum
815 2591 896 2674 pert.
912 2586 947 2650 in
967 2585 1109 2650 Hothoft
1128 2593 1163 2650 et
1183 2586 1397 2674 Thetelthorp
1417 2597 1457 2654 ut

185 2713 332 2801 nge-um
349 2693 400 2759 ius
414 2716 519 2760 suum.
563 2693 607 2758 Et
628 2693 754 2757 Alanus
776 2699 871 2756 uoeat
893 2691 969 2755 inde
991 2689 1033 2755 ad
1053 2699 1233 2756 warantum
1253 2692 1456 2758 Willelmum

185 2809 329 2895 ὥπερ·
348 2797 389 2863 de
412 2797 542 2862 Lisures
563 2803 598 2862 et
619 2797 760 2862 Alieiam
785 2817 919 2862 uxorem
945 2793 1016 2861 eius
1038 2795 1096 2883 qui
1119 2795 1209 2882 prius
1235 2805 1397 2862 uenerunt
1421 2807 1456 2862 et

183 2902 336 2988 ggfflssggg
348 2901 640 2965 warantizauerunt
664 2907 698 2964 et
721 2906 922 2964 uocauerunt
945 2898 987 2962 ad
1010 2907 1189 2963 warantum
1213 2899 1393 2965 Robertum
1413 2901 1455 2966 de

182 2997 336 3082 mmm·
348 3005 509 3092 Tethelby
523 3004 581 3091 qui
595 3003 811 3069 summonitus
826 3002 889 3066 fuit
904 3009 939 3066 et
958 3009 1133 3087 antequam
1154 3011 1353 3088 compareret
1372 3005 1455 3070 obiit

182 3089 335 3184 illatt'tlt
348 3109 541 3175 Willelmus.
587 3109 632 3174 Et
660 3131 757 3194 super
785 3107 845 3172 hoe
874 3107 968 3171 uenit
996 3105 1103 3172 Alicia
1127 3116 1162 3171 et
1187 3109 1339 3194 cognouit
1368 3111 1455 3196 quod

184 3187 272 3222 1108111111
280 3193 335 3222 eom·
473 3215 480 3228 .
546 3214 552 3227 ι
614 3213 621 3227 ι

183 3231 322 3316 matrum
347 3222 571 3279 warantizault
593 3213 699 3278 e1dam
723 3213 829 3276 Alano
855 3219 889 3276 et
912 3233 999 3276 nune
1021 3219 1118 3276 uocat
1143 3211 1185 3276 ad
1208 3221 1387 3278 warantum
1413 3215 1455 3279 de

182 3323 335 3409 gggffiffffl
346 3339 432 3383 nouo
451 3317 633 3404 predictum
655 3315 850 3381 Robertum¹
870 3315 948 3402 quia
968 3314 1037 3400 ipse
1060 3314 1149 3399 prius
1170 3323 1306 3380 uocatus
1327 3316 1391 3380 suit
1412 3317 1456 3382 ad

183 3419 303 3456 ”⁰⁰⁰⁸‘01
347 3420 621 3485 warantizandum
657 3417 736 3505 ipsis
767 3417 931 3483 Willelmo
967 3425 1002 3482 st
1031 3417 1136 3482 Alicie
1172 3439 1237 3482 non
1273 3419 1348 3482 uult
1384 3419 1457 3505 ipsa

182 3472 335 3504 nonnum&

182 3509 266 3550 Μ
346 3520 429 3587 Alic'
471 3544 529 3608 per
572 3543 606 3586 se
646 3519 838 3606 respondere
878 3519 920 3584 de
956 3519 1220 3598 warantizaoione
1259 3520 1329 3584 sine
1369 3543 1456 3588 noua

345 3623 598 3690 summonieione
621 3631 656 3688 at
677 3623 738 3688 die.
785 3623 828 3688 Et
850 3621 923 3687 ideo
945 3621 1042 3687 datus
1063 3629 1114 3686 est
1136 3621 1167 3686 ei
1189 3630 1248 3687 eta
1267 3623 1353 3709 quod
1375 3631 1455 3691 tunc

379 3751 389 3784 ¹
405 3751 449 3799 Br.
461 3749 480 3800 1.
493 3749 541 3799 424
550 3749 576 3798 b.
922 3752 1021 3814 precise
1033 3753 1184 3802 abiudicati.

379 3816 528 3874 ’Β1118111ι
541 3815 559 3864 f.
572 3817 629 3873 367,
641 3814 706 3866 eltae
718 3815 771 3864 this
780 3829 876 3865 easeas
959 3815 970 3848 ³
987 3816 1086 3878 Supply
1103 3819 1148 3880 qui
1164 3819 1236 3866 tante
1252 3825 1277 3867 et
1300 3819 1366 3868 dicit
1388 3821 1455 3882 quoa

346 3880 465 3943 deeidin'g
480 3895 497 3930 a
514 3880 593 3929 mueh
609 3879 730 3942 disputed
747 3880 874 3942 question,
926 3893 955 3929 or
972 3880 1017 3929 the
1034 3879 1093 3931 like.
1126 3881 1222 3931 Robert
1239 3882 1288 3932 has
1309 3885 1455 3934 warranted

345 3945 461 3996 whether
471 3959 488 3994 a
498 3944 634 4008 judgmsnt
645 3945 720 4006 given
731 3945 765 4007 by
776 3945 875 3995 default
925 3945 1042 3995 William
1059 3945 1112 3994 and
1129 3947 1200 3996 Aliae
1217 3948 1270 3997 and
1286 3963 1344 3997 now
1356 3949 1455 4000 refuses

345 4011 413 4062 alter
436 4010 481 4060 the
502 4010 561 4060 four
583 4009 689 4072 knights
717 4009 783 4060 have
810 4010 875 4059 been
924 4010 1151 4060 towarranthliee
1159 4012 1456 4064 alonewithoutalreah

346 4076 443 4126 ahusen
459 4074 506 4124 but
522 4075 608 4124 before
624 4075 686 4137 they
697 4074 763 4124 have
778 4075 874 4124 elected
925 4089 1070 4124 summotis.
1104 4075 1159 4126 The
1170 4080 1312 4126 annotator
1328 4093 1412 4128 seems
1427 4085 1456 4129 8ο

345 4142 392 4190 the
404 4140 494 4190 twelvs
505 4139 662 4202 recognitum
673 4141 725 4189 will
740 4139 819 4190 dabar
830 4139 874 4190 tha
924 4141 1035 4191 mistalre
1047 4141 1092 4190 the
1104 4156 1171 4202 ease,
1184 4141 1328 4205 supposing
1340 4141 1457 4194 8111188111

346 4205 490 4267 defaulting
500 4209 594 4255 tenant
605 4205 672 4254 from
683 4205 829 4268 recovering
840 4205 874 4268 by
924 4204 1046 4255 husband
1068 4205 1120 4254 and
1137 4207 1195 4256 wile
1216 4222 1261 4258 are
1286 4208 1330 4258 the
1350 4211 1456 4268 second,

346 4269 458 4321 another
479 4270 567 4319 aetion
595 4269 639 4320 tha
667 4269 731 4320 land
759 4270 817 4319 that
839 4270 874 4320 ha
926 4275 974 4320 not
1001 4271 1051 4325 the,
1074 4271 1139 4330 first,
1170 4275 1306 4325 vonehees.
1341 4275 1458 4325 Bracton

348 4337 425 4384 loses.
460 4334 515 4384 The
536 4333 672 4398 judgment
694 4335 723 4384 in
745 4334 799 4384 this
817 4350 876 4384 ease
926 4335 990 4384 eites
1006 4335 1050 4385 the
1067 4349 1125 4385 ease
1142 4350 1177 4384 on
1195 4337 1214 4384 f.
1226 4339 1308 4402 3918,
1322 4339 1375 4390 and
1386 4341 1459 4402 gives

350 4401 435 4449 leaves
451 4399 542 4460 Henry
558 4401 611 4450 free
627 4404 655 4449 8ο
672 4399 746 4462 bring
768 4399 877 4450 another
926 4399 961 4450 its
972 4399 1111 4450 substance
1122 4401 1254 4466 eorreutly.

346 4465 442 4515 aetion.
477 4463 518 4513 He
540 4465 593 4514 and
615 4464 657 4514 his
679 4464 748 4514 heirs
768 4480 811 4516 are
828 4469 875 4515 not
