3314 5238
390 419 454 479 440
686 429 823 489 unsrun,
846 429 910 478 un.
936 416 1028 490 1231,
1051 430 1113 478 xa.
1139 417 1187 478 15.

455 606 508 671 Ad
528 606 625 670 finem
651 628 727 670 uero
752 603 924 690 respondet
950 603 1035 689 quod
1059 604 1132 668 finis
1158 605 1212 668 ille
1237 604 1268 668 ei
1292 627 1404 668 nocere
1431 625 1502 667 non

390 710 488 774 debet
504 707 622 794 quiesi
637 707 710 772 finis
729 708 832 771 sactus
855 705 918 770 fuit
940 705 980 770 de
1003 706 1117 770 eadem
1140 716 1226 772 terra
1247 707 1307 770 hoc
1330 706 1393 770 fuit
1415 706 1501 770 dum

391 815 459 898 ipse
480 813 543 878 luit
561 812 644 876 infra
662 820 785 875 etatem
801 819 834 874 et
850 809 884 874 in
899 809 1046 874 custodia
1061 810 1152 874 Dom.
1171 811 1270 897 Regis
1285 819 1319 874 et
1334 809 1368 874 in
1391 818 1503 874 castro

391 917 431 982 de
452 914 725 1001 Wallingefordia,
741 922 774 978 et
789 922 937 999 preterea
951 912 1031 977 dicit
1046 912 1133 998 quod
1153 913 1326 999 aliquando
1346 913 1379 978 in
1400 913 1502 998 pleno

391 1020 548 1084 comitatu
560 1025 722 1084 uenerunt
732 1017 795 1102 ipsi
807 1016 990 1080 Willelmus
1002 1024 1036 1080 et
1048 1016 1183 1081 Mabilia
1193 1025 1228 1081 et
1239 1025 1504 1102 recognouerunt

393 1133 426 1188 et
447 1131 672 1188 concesserunt
687 1129 790 1185 totam
811 1120 1039 1184 terramillam
1060 1143 1129 1185 esse
1152 1121 1204 1186 ius
1223 1121 1325 1207 ipsius
1345 1121 1503 1207 Hugonis

393 1227 534 1291 stillam
559 1226 588 1290 ei
613 1224 659 1289 ibi
683 1223 903 1300 reddiderunt,
927 1223 975 1286 ita
997 1222 1084 1308 quod
1106 1230 1180 1308 post
1201 1223 1441 1288 concessionem
1465 1231 1503 1286 et

392 1329 645 1416 recognicionem
660 1329 749 1393 illam
765 1328 828 1392 luit
843 1327 929 1391 idem
946 1327 1045 1412 Hugo
1060 1326 1095 1390 in
1115 1325 1233 1390 seisina
1252 1349 1310 1412 per
1324 1327 1349 1412 j.
1372 1349 1501 1390 annum

392 1435 440 1499 ita
466 1434 553 1520 quod
577 1434 723 1498 homines
747 1432 893 1497 feoffauit
916 1431 956 1496 de
981 1430 1095 1494 eadem
1120 1439 1206 1494 terra
1229 1438 1264 1494 et
1289 1431 1503 1516 postmodum

393 1538 608 1602 misericordia
637 1545 744 1602 motus
773 1536 929 1600 concessit
966 1535 1035 1620 ipse
1071 1533 1225 1620 predictis
1262 1534 1428 1598 Willelmo
1467 1542 1503 1597 et

393 1642 526 1706 Mabilie
555 1641 653 1706 matri
681 1663 738 1704 sue
763 1649 882 1704 terram
908 1639 998 1703 illem
1024 1661 1081 1724 pro
1107 1639 1278 1702 uoluntate
1307 1661 1367 1703 sua
1396 1647 1433 1702 et
1459 1637 1503 1701 ad

393 1744 665 1810 sustentacionem
684 1744 826 1828 ipsorum
850 1751 884 1806 et
906 1742 993 1806 unde
1016 1741 1095 1806 dicit
1118 1742 1203 1827 quod
1225 1763 1289 1805 non
1312 1741 1503 1805 habuerunt

393 1848 543 1912 seisinam
580 1847 722 1932 aliquam
760 1846 822 1910 nisi
859 1844 899 1909 de
936 1845 1046 1930 gracia
1086 1844 1264 1908 secundum
1302 1844 1388 1930 quod
1427 1867 1501 1929 pre-

393 1953 517 2017 dictum
533 1959 589 2015 est.

459 2055 502 2119 Et
517 2054 700 2118 Willelmus
721 2053 812 2118 uenit
828 2061 862 2116 et
884 2052 963 2116 dicit
986 2053 1072 2138 quod
1094 2052 1239 2138 predicta
1261 2052 1397 2116 Mabilia
1421 2074 1502 2115 uxor

394 2183 453 2224 sua
492 2182 551 2223 nec
588 2158 656 2244 ipsc
694 2167 865 2244 postquam
903 2180 974 2222 eam
1012 2156 1221 2243 desponsauit
1260 2179 1429 2242 nunquam
1466 2179 1500 2218 se

394 2263 585 2328 dimiserunt
615 2285 674 2326 nec
696 2263 827 2326 fuerunt
850 2270 943 2326 extra
965 2261 1125 2337 seminam,
1148 2270 1182 2325 et
1204 2261 1286 2325 bene
1309 2260 1389 2324 dicit
1413 2259 1500 2346 quod

393 2365 566 2452 aliquando
581 2373 726 2450 tempore
742 2364 842 2450 Regis
857 2365 886 2428 J.
904 2363 1111 2450 inplacitauit
1127 2363 1259 2450 quidam
1280 2363 1445 2428 Robertus
1459 2361 1499 2426 de

358 2476 360 2480 ”
395 2469 606 2534 Chaucumba
627 2469 733 2555 ipsum
756 2478 790 2533 et
813 2469 991 2554 predictam
1015 2469 1183 2533 Mabiliam
1205 2477 1264 2532 etc.
1286 2466 1327 2530 de
1349 2467 1497 2553 predicta

395 2582 488 2648 terra,
503 2572 551 2636 ita
573 2571 658 2658 quod
681 2571 837 2658 placitum
860 2572 943 2656 bene
966 2571 1098 2635 durauit
1120 2593 1178 2656 per
1200 2594 1250 2635 xx.
1274 2593 1376 2634 annos
1397 2570 1500 2634 etita

394 2676 480 2761 quod
495 2675 557 2760 ipsi
573 2685 772 2740 uocauerunt
787 2675 829 2739 ed
843 2683 1024 2739 warantum
1044 2675 1227 2761 predictum
1248 2675 1439 2761 Philippum
1459 2675 1498 2738 de

395 2779 486 2843 Bello
515 2780 627 2844 Monte
658 2789 691 2844 et
717 2779 871 2844 remansit
898 2779 1025 2865 loquela
1050 2780 1083 2844 in
1110 2802 1264 2864 suspenso
1287 2802 1345 2865 per
1368 2779 1500 2865 aliquod

396 2893 524 2968 tempus
549 2891 681 2968 propter
704 2891 826 2946 etatem
850 2883 951 2966 ipsius
978 2883 1121 2968 Philippi
1147 2891 1182 2946 et
1208 2905 1282 2947 cum
1308 2882 1350 2946 ad
1376 2890 1499 2947 etatem

395 2987 545 3071 prouenit
561 2987 657 3050 linem
673 2987 749 3050 iecit
764 3009 838 3051 cum
857 2986 1001 3072 predicto
1022 2987 1164 3052 Roherto
1179 3010 1236 3072 pro
1251 3011 1323 3052 xxx.
1340 3009 1436 3052 marc.
1452 2987 1500 3050 ita

395 3089 480 3174 quod
507 3090 593 3154 idern
618 3090 779 3154 Robertus
805 3113 838 3154 se
862 3091 1007 3168 retraxit,
1031 3101 1065 3156 et
1089 3100 1168 3156 tunc
1190 3101 1322 3178 propter
1343 3114 1499 3177 expensas

395 3215 475 3278 quas
489 3193 572 3278 ipse¹
588 3192 630 3256 ad
645 3193 704 3258 hoc
719 3193 869 3278 apposuit
884 3194 990 3258 factus
1005 3194 1069 3258 fuit
1089 3195 1162 3259 finis
1182 3203 1216 3259 et
1231 3195 1399 3259 concordia
1413 3195 1499 3258 inter

396 3297 555 3382 predictos
577 3295 777 3360 Willelmum
804 3305 838 3360 et
862 3296 1030 3361 Mabiliam
1053 3307 1087 3361 et
1109 3298 1298 3384 Philippum
1321 3298 1497 3363 secundum

395 3399 481 3484 quod
495 3397 677 3484 predictum
692 3407 750 3464 est.

461 3501 504 3564 Et
533 3501 610 3587 quia
638 3501 803 3586 predictus
825 3502 924 3588 Hugo
951 3502 1050 3566 nichil
1075 3503 1217 3567 ostendit
1244 3503 1330 3590 quod
1353 3503 1498 3589 predicta

397 3605 531 3669 Mabilia
559 3605 613 3669 uel
640 3605 823 3670 Willelmus
848 3616 956 3670 essent
981 3617 1072 3672 extra
1101 3607 1251 3672 seisinam
1274 3618 1309 3673 et
1331 3609 1408 3694 quia
1430 3611 1498 3696 ipsa

276 3731 344 3780 [sou]
396 3710 493 3774 finem
513 3708 517 3797 l
538 3712 642 3776 lacere
662 3711 771 3796 potuit
793 3719 827 3775 et
849 3711 925 3775 dare
948 3720 983 3776 et
1005 3711 1146 3776 uendere
1168 3711 1383 3776 hereditatem
1406 3735 1496 3776 suam

234 3795 385 3929 diffidi?
397 3824 431 3880 et
445 3815 524 3902 quia
538 3824 734 3902 cognoscunt
757 3815 842 3902 quod
865 3825 977 3880 contra
998 3816 1097 3880 finem
1120 3816 1213 3881 illum
1235 3839 1269 3882 se
1287 3817 1495 3893 intruserunt,

235 3899 366 4030 fflgqffi
397 3921 643 3986 Consideraturn
659 3931 708 3986 est
723 3921 811 4008 quod
825 3921 1008 3986 Willelmus
1022 3923 1226 4008 recuperauit
1240 3921 1391 3987 seisinam
1406 3945 1495 3987 suam

234 4043 304 4116 ‘ew
319 4040 373 4114 og·
397 4031 431 4088 et
446 4025 531 4110 quod
546 4025 619 4088 finis
635 4035 786 4089 teneatur
801 4025 901 4090 donec
921 4025 1098 4090 secundum
1120 4026 1225 4112 legem
1246 4035 1331 4090 terre
1353 4026 1495 4092 adnichi-

235 4133 273 4162 suo
282 4122 373 4162 exeunti·

235 4171 384 4255 tttt‘tul·

235 4263 385 4320 nutriantur
428 4259 437 4290 ¹
455 4257 542 4320 Philip
552 4259 706 4308 Beeumont.
973 4261 1018 4312 the
1034 4261 1157 4320 decision,
1174 4262 1258 4312 ulrich
1275 4265 1358 4314 leaves
1375 4279 1442 4328 open
1455 4267 1495 4316 the

234 4309 364 4395 {ffifflm
429 4323 520 4372 ²This
538 4326 607 4381 note,
630 4323 713 4373 which
736 4330 856 4388 supports
878 4324 922 4375 the
973 4327 1091 4389 question
1104 4327 1218 4378 whether
1230 4328 1275 4378 the
1286 4330 1339 4379 fine
1353 4330 1437 4393 might
1452 4335 1495 4381 not

235 4403 366 4450 marturum
397 4389 510 4439 received
517 4388 632 4437 doctrine
639 4393 702 4438 asto
710 4389 754 4438 the
761 4389 923 4454 alienability
974 4393 1003 4442 be
1014 4393 1136 4443 annulled
1148 4393 1182 4456 by
1193 4395 1258 4456 legal
1270 4409 1380 4456 process.

236 4450 327 4536 ffl'r‘gl?
398 4456 426 4504 ol
446 4453 490 4504 the
508 4454 546 4503 see
563 4453 729 4513 conditional,
747 4471 805 4518 goes
822 4456 922 4518 beyond
