3360 5236
530 406 672 468 uum,
694 406 759 456 nn.
785 392 878 467 1233,
900 406 961 454 aa
987 389 1035 459 17.
1275 391 1337 456 565

232 603 308 645 eum
323 579 466 666 pertinet
481 601 518 644 eo
534 579 620 666 quod
631 579 778 665 predicta
789 578 938 643 Emelina
949 585 1055 643 mater
1065 577 1166 664 ipsius
1178 578 1201 644 J
1202 579 1337 645 ohannis

231 684 324 749 cuius
348 684 442 748 heres
464 682 533 767 ipse
557 689 607 746 est
629 681 670 747 de
700 703 739 746 co
768 681 878 746 tenuit
906 703 965 767 per
993 681 1167 746 seruicium
1196 682 1337 748 militare

231 794 291 852 etc
308 795 342 851 et
356 786 443 852 unde
458 785 538 850 dicit
553 784 639 871 quod
654 784 725 870 ipsa
740 784 847 849 tenuit
867 784 908 849 de
932 807 970 850 eo
992 807 1091 850 unam
1110 785 1230 872 hydam
1251 795 1336 852 terre

231 888 267 954 in
281 888 395 954 eadem
410 888 490 953 uilla
504 911 562 974 per
576 887 750 953 seruicium
766 887 894 951 dimidii
909 887 1031 952 militis.

296 993 340 1057 Et
355 991 512 1079 Magister
526 991 683 1056 Ricardue
703 991 796 1056 uenit
816 999 851 1056 et
874 990 1021 1056 defendit
1041 991 1127 1078 quod
1149 1014 1214 1056 non
1236 991 1337 1058 habet

230 1096 410 1162 custodiam
432 1096 520 1162 illius
541 1119 601 1161 nec
623 1118 768 1181 unquam
790 1095 915 1172 habuit,
941 1119 1001 1160 nec
1022 1095 1131 1182 ipsum
1152 1097 1176 1162 J
1177 1096 1337 1161 ohannem

232 1199 317 1265 uidit
346 1221 404 1286 per
432 1223 535 1264 unum
565 1221 709 1265 mensem
738 1207 815 1264 ante
844 1199 998 1265 mortem¹
1035 1223 1095 1266 nec
1131 1223 1190 1287 per
1226 1201 1335 1287 ipsum

231 1305 401 1392 elongatus
416 1311 466 1369 est
480 1327 540 1368 nec
554 1303 655 1368 habet
670 1311 867 1390 potestatem
882 1304 990 1390 ipsum
1005 1304 1169 1370 reddendi.

297 1408 341 1472 Et
355 1406 513 1472 Ricardus
527 1407 607 1472 dicit
621 1406 707 1492 quod
727 1407 834 1492 ipsum
853 1407 952 1473 habet
972 1416 1007 1472 et
1027 1408 1126 1472 habet
1140 1415 1338 1498 potestatem

231 1509 387 1576 reddendi
402 1531 477 1574 eum
492 1517 526 1573 et
541 1508 617 1573 inde
632 1509 780 1593 producit
792 1517 921 1574 sectam.
960 1510 1004 1574 Et
1016 1510 1173 1597 Magister
1181 1510 1339 1575 Ricardus

233 1613 344 1680 uadiat
367 1613 473 1698 legem
496 1634 531 1676 se
554 1611 608 1697 xij.
633 1634 741 1689 manu,
757 1619 791 1676 et
815 1611 928 1677 ueniat
951 1635 1023 1678 cum
1046 1609 1117 1700 lege
1137 1614 1172 1678 in
1191 1614 1261 1681 Oct.
1277 1621 1338 1680 etc.

233 1715 359 1802 plegius
373 1714 413 1780 de
429 1715 500 1801 lege
516 1714 678 1800 Robertus
693 1714 722 1778 le
739 1715 805 1780 Bel.

175 1883 182 1896 ,
298 1820 390 1884 Dom.
406 1819 478 1882 Rex
492 1818 580 1904 cepit
597 1818 632 1882 in
650 1841 784 1883 manum
807 1841 899 1884 suam
922 1819 1104 1885 manerium
1127 1821 1167 1886 de
1188 1823 1338 1888 Boutona
1420 1842 1445 1871 ⁰¹¹

183 2001 189 2012 ·
233 1921 318 2009 quod
333 1921 397 1986 fuit
412 1921 547 1986 Roberti
562 1921 602 1986 de
619 1921 770 1986 Hucham
787 1921 864 2008 quia
878 1921 965 1986 idem
986 1924 1148 1988 Robertus
1168 1925 1276 1989 tenuit
1296 1926 1337 1990 de

232 2050 271 2092 eo
299 2027 461 2113 quandam
487 2048 623 2112 paruam
649 2033 770 2090 terram
795 2026 830 2089 in
857 2025 1070 2113 Waueringe¹
1095 2026 1135 2092 de
1165 2049 1230 2113 qua
1252 2036 1338 2094 terra

232 2132 347 2198 debuit
376 2130 559 2208 ceramium,
589 2129 653 2194 scil.
685 2129 800 2194 debuit
822 2128 969 2194 inuenire
992 2130 1121 2216 quando
1142 2131 1235 2196 Dom.
1266 2132 1337 2196 Rex
1351 2145 1473 2232 ssgffl

232 2235 295 2300 iret
316 2235 351 2300 in
371 2235 550 2300 exercitum
572 2235 607 2299 in
622 2233 774 2298 Walliam
793 2256 897 2298 unum
919 2257 1039 2320 equum
1062 2235 1161 2321 precii
1182 2259 1210 2301 v.
1226 2236 1280 2300 sol.
1305 2245 1338 2300 et
1351 2240 1486 2326 2⁰¹¹l⁸b⁰b¹2

1363 2287 1467 2326 nundum

232 2361 335 2403 unum
357 2360 485 2404 saccum
507 2346 542 2402 et
565 2359 662 2402 unam
686 2335 872 2402 brochiam⁴
893 2359 952 2422 per
973 2337 1013 2402 xl
1037 2337 1107 2403 dies
1129 2347 1163 2403 et
1185 2339 1213 2403 ei
1236 2361 1338 2425 equus
1351 2334 1485 2382 ⁸¹¹⁰¹¹¹¹³¹³f⁰

1351 2391 1468 2472 ld'diffssl'

233 2452 412 2508 moreretur
426 2443 512 2530 quod
526 2443 620 2508 Dom.
636 2443 707 2507 Rex
722 2442 753 2507 ei
768 2443 861 2506 daret
881 2442 990 2519 alium,
1006 2451 1041 2506 et
1055 2442 1142 2507 unde
1157 2442 1250 2508 Dom.
1266 2443 1337 2508 Rex
1350 2474 1447 2514 dominu,

233 2548 362 2613 dicebat
376 2545 463 2634 quod
477 2545 624 2611 custodia
634 2544 676 2610 ad
692 2545 800 2630 ipsum
816 2543 1001 2630 pertinebat
1016 2543 1179 2610 occasione
1194 2545 1338 2630 predicte
1352 2520 1437 2654 ἓξὲξ
1426 2531 1473 2608 „t”
1474 2531 1488 2561 ⁰

233 2650 407 2717 seriantie³.
1351 2660 1423 2702 uiuet.

298 2756 415 2820 Postea
428 2777 534 2820 coram
550 2754 642 2819 Dorn
658 2753 749 2841 Rege
765 2761 800 2818 et
815 2753 855 2818 de
866 2752 1014 2818 consilio⁰
1028 2775 1086 2818 suo
1101 2753 1339 2819 consideratum

233 2867 283 2925 est
298 2860 384 2947 quod
398 2858 439 2924 de
453 2867 541 2924 terra
554 2858 612 2922 illa
625 2857 752 2922 racione
770 2856 858 2921 illius
879 2877 979 2942 parue
1004 2864 1088 2921 terre
1110 2879 1175 2921 non
1196 2858 1340 2943 pertinet

232 2963 379 3029 custodia
392 2963 434 3028 ad
449 2962 555 3048 ipsum
577 2961 670 3026 Dom.
690 2960 815 3046 Regem
839 2968 890 3024 set
910 2960 952 3024 ad
972 2959 1143 3024 Warinum
1164 2961 1204 3026 de
1227 2957 1355 3028 Monte'

234 3067 364 3134 Oanisio
389 3067 430 3132 de
456 3089 520 3152 quo
546 3065 633 3131 idem
659 3064 822 3130 Robertus
851 3064 961 3129 tenuit
990 3065 1171 3129 manerium
1194 3065 1276 3131 illud
1299 3065 1340 3134 de

233 3171 391 3246 Boutona‚
417 3178 451 3234 et
478 3170 573 3234 Dom.
600 3169 669 3233 Rex
697 3167 805 3232 reddit
828 3167 859 3232 ei
888 3167 1068 3233 custodiam
1093 3168 1183 3233 illam
1209 3177 1278 3247 etc,
1302 3179 1337 3235 et

234 3273 385 3338 Warinus
410 3273 468 3337 dat
493 3272 588 3338 Dom.
616 3271 701 3360 Regi
726 3279 842 3358 sponte
866 3294 894 3336 v.
921 3294 1045 3337 marcas
1070 3293 1128 3357 pro
1154 3271 1338 3339 festinando

233 3375 352 3441 iudicio
366 3398 425 3440 suo
440 3383 499 3441 etc

176 3531 185 3546 .
298 3479 342 3544 Et
366 3477 522 3544 Seffridus
543 3477 635 3542 uenit
656 3485 690 3543 et
709 3479 872 3564 cognoscit
894 3478 992 3542 finem
1012 3486 1047 3543 et
1063 3486 1179 3557 totum,
1194 3487 1244 3544 set
1259 3479 1340 3545 dicit
1449 3519 1469 3548 x„

266 3647 638 3777 :pamperano
651 3647 683 3711 θ’
810 3649 1338 3765 atttzdzlh⁸01⁰lr⁰¹tfs²dd
1459 3641 1460 3646 Ν

266 3778 412 3838 'Breetom
430 3778 449 3826 f.
466 3780 498 3828 87
509 3777 534 3836 h,
550 3777 614 3827 cites
630 3776 685 3827 thie
701 3791 760 3827 case
810 3778 829 3828 f.
841 3779 906 3838 aab,
919 3779 970 3829 and
987 3779 1069 3830 doubt
1086 3779 1203 3829 whether
1218 3794 1255 3828 ue
1271 3779 1339 3829 have

234 3842 287 3893 and
300 3843 340 3908 (as
350 3842 396 3892 the
406 3841 510 3905 printed
521 3842 589 3891 book
599 3843 672 3900 runs)
688 3857 756 3905 ceys,
809 3843 880 3892 what
901 3843 935 3893 he
953 3845 1035 3908 really
1055 3847 1142 3893 wrote.
1176 3843 1339 3894 Fitaherbert

233 3905 758 3970 thoughnotwithoutsellcontradiction.
809 3908 880 3970 gives
890 3907 944 3958 this
955 3923 1014 3959 case
1026 3909 1130 3974 (Gurdo,
1149 3908 1206 3972 145)
1224 3923 1254 3958 es
1270 3911 1339 3958 lrom

234 3973 293 4023 thet
309 3987 384 4035 every
397 3971 527 4034 serjeanty
542 3972 624 4034 grand
641 3987 670 4021 or
687 3976 742 4035 pett
811 3973 924 4024 Trinh
939 3973 963 4022 R
984 3975 1008 4025 9.
1042 3974 1139 4037 ltmay
1150 3974 1205 4024 also
1221 3972 1253 4022 be
1268 3973 1336 4025 Fitz.

234 4037 380 4088 duetothe
390 4037 461 4099 king.
473 4036 542 4099 gives
553 4037 598 4086 the
607 4037 669 4099 king
677 4052 717 4086 we
750 4065 759 4076 ·
810 4039 1035 4100 Preroaativmh

234 4102 294 4166 ehlp
308 4103 337 4152 of
351 4101 388 4151 all
402 4101 447 4150 the
461 4101 574 4151 tenant’a
589 4101 673 4151 lande.
706 4103 760 4151 But
843 4103 970 4153 *Aeaok'
986 4103 1038 4153 and
1056 4102 1185 4169 (perhaps)
1203 4117 1219 4153 e
1237 4101 1337 4162 buckle,

234 4166 758 4230 thisieflatlyoontmrytohlegnecarta.
810 4167 915 4218 brooch.

235 4233 347 4284 floenn.
360 4233 400 4292 37,
413 4231 442 4280 in
456 4231 501 4280 the
518 4231 626 4281 Gharter
643 4232 670 4281 ol
688 4233 759 4290 1215,
843 4231 854 4262 ⁵
872 4241 935 4282 terre
952 4231 1069 4294 changed
1085 4231 1142 4282 into
1161 4234 1282 4283 aestuatio
1304 4233 1339 4298 by

234 4297 318 4348 which
345 4297 369 4346 ia
396 4295 515 4359 repeated
544 4297 573 4346 in
603 4295 761 4359 aubeequent
811 4301 960 4348 annotator.

235 4363 364 4413 chalers.
397 4359 687 4411 Andinthieoesethe
698 4361 761 4423 king
844 4362 936 4411 ⁸This
953 4377 1015 4425 may
1030 4361 1108 4412 stand
1127 4363 1167 4412 lor
1189 4365 1287 4414 coauctl
1310 4379 1339 4414 or

235 4427 295 4478 does
312 4431 359 4478 not
375 4430 418 4490 get
430 4425 567 4491 uardehip,
580 4425 678 4488 though
689 4427 761 4477 there
812 4429 919 4478 conaret.
