3196 5226
361 431 403 494 94
548 442 680 492 ιιιιιιιι
703 441 775 490 nnn
798 439 935 501 nssrnn,
957 439 1021 489 an.
1047 427 1139 503 1220,
1162 442 1225 493 nn.
1249 432 1276 496 t.

359 614 562 702 presentauit
575 613 726 680 ultimam
743 635 912 700 personam
933 635 996 700 que
1017 621 1146 679 mortua
1164 622 1215 679 est
1236 614 1278 679 ad
1298 615 1476 681 eeclesiam

361 719 392 784 S.
414 718 572 784 Johannis
596 717 637 782 de
664 716 875 804 cantebrigia
899 740 962 804 que
986 725 1091 794 uacat,
1106 718 1199 784 ouius
1219 719 1477 784 aduocaeionem

359 819 382 886 J
383 819 525 884 ohannes
545 819 587 884 de
607 820 764 904 Marenny
779 819 898 884 clamat
918 841 1030 884 uersus
1046 819 1189 885 Priorem
1204 819 1245 886 de
1260 821 1477 900 Bernewells,

198 947 215 987 ι
218 947 347 990 amnon·
360 923 417 1009 qui
438 923 531 988 uenit
553 930 613 988 eto.
628 931 663 987 et
683 921 763 986 dicit
783 921 870 1008 quod
889 922 989 986 assisa
1007 944 1072 986 non
1092 920 1191 988 debet
1205 922 1281 988 inde
1295 924 1375 1002 fieri,
1390 925 1477 1010 quia

196 999 301 1082 diff*
359 1026 543 1092 Willelmus
568 1025 656 1090 filius
685 1025 856 1090 Absolonis
885 1025 1087 1111 presentauit
1116 1026 1267 1090 ultimam
1295 1049 1475 1112 personam

359 1151 424 1215 que
438 1136 567 1194 mortua
581 1136 632 1194 est
647 1136 706 1194 etc.
722 1135 757 1193 et
743 1127 961 1193 tdefunoto
951 1151 1021 1214 rpso
1041 1129 1206 1194 Willelmo
1225 1129 1429 1196 descendit
1418 1155 1476 1197 rus

359 1234 447 1300 illius
461 1233 683 1300 aduoeaeionis
698 1232 833 1319 Hugoni
847 1233 940 1298 fratri
954 1256 1020 1311 suu,
1032 1255 1070 1298 eo
1085 1233 1171 1320 quod
1186 1235 1267 1300 obiit
1282 1235 1414 1300 seisitus
1429 1235 1474 1300 de

359 1343 446 1400 terra
460 1343 495 1400 et
509 1334 722 1399 aduoeaoione
742 1333 811 1398 sine
832 1333 949 1398 herede
970 1334 1010 1399 de
1032 1357 1076 1411 se,
1090 1344 1125 1400 et
1144 1335 1231 1400 idem
1253 1337 1352 1423 Hugo
1375 1337 1474 1402 dedit

359 1439 465 1504 eidem
480 1439 582 1504 Priori
597 1446 631 1504 et
645 1437 757 1503 domui
776 1459 833 1502 sue
854 1437 1020 1502 eeclesiam
1042 1438 1131 1502 illam
1153 1461 1212 1524 per
1231 1447 1353 1504 cartam
1373 1462 1472 1504 suam

359 1566 457 1630 quam
482 1545 604 1630 profert
625 1550 660 1608 et
682 1564 745 1629 que
768 1543 828 1608 hoo
850 1551 998 1622 testatur,
1021 1552 1056 1608 et
1077 1543 1151 1609 ideo
1173 1543 1305 1609 uidetur
1326 1543 1357 1609 ei
1380 1543 1473 1630 quod

358 1649 458 1714 assisa
472 1671 536 1714 non
552 1648 650 1713 debet
664 1647 740 1712 inde
754 1647 831 1712 fieri

424 1753 469 1818 Et
497 1753 664 1818 Johannes
689 1752 769 1818 dicit
791 1751 876 1839 quod
905 1753 956 1817 ius
978 1751 1200 1818 aduooaoionis
1221 1753 1310 1818 illius
1331 1753 1471 1819 ecclesie

358 1856 526 1922 descendit
555 1856 688 1922 Mobilis
718 1856 816 1921 matri
844 1879 902 1921 sue
931 1855 972 1922 de
995 1855 1140 1942 predicto
1166 1857 1307 1944 Hugone
1335 1867 1370 1923 et
1396 1859 1472 1944 ipsa

359 1958 490 2024 demisit
504 1981 538 2024 se
553 1959 593 2024 de
608 1967 695 2024 terra
708 1981 775 2037 sua
787 1967 821 2023 et
832 1958 893 2024 huo
903 1959 1029 2024 racione
1040 1959 1146 2077 petit
1137 1981 1206 2045 1pse
1217 1960 1470 2026 aduooocionem

196 2030 341 2164 iffpiiffit
358 2063 457 2142 illam,
472 2063 557 2130 sicut
578 2064 670 2129 heres
691 2064 804 2128 matris
826 2085 891 2128 sue.
940 2064 984 2128 Et
1006 2064 1083 2150 quia
1103 2064 1173 2150 ipse
1194 2066 1357 2151 cognoscit
1379 2065 1470 2151 quod

196 2135 290 2256 {2⁸3³
232 2217 258 2258 d
245 2171 347 2258 ”pah
358 2175 464 2232 mater
477 2190 536 2232 sua
549 2167 655 2232 adhuc
669 2167 764 2244 uiuit,
776 2175 811 2232 et
825 2167 896 2253 ipsa
909 2189 975 2231 non
989 2189 1119 2252 presens
1134 2176 1192 2246 est,
1206 2189 1265 2232 neo
1279 2169 1471 2234 nominatur

196 2267 240 2304 ¹⁸¹⁰
247 2265 394 2352 11”“*““ῑῐ,,,ιιι
423 2271 524 2349 breui,
551 2269 798 2336 Consideratum
828 2279 878 2336 est
907 2270 993 2357 quod
1023 2271 1113 2336 Prior
1142 2271 1218 2336 inde
1248 2273 1318 2337 sine
1347 2272 1402 2338 die
1432 2283 1469 2339 et

196 2312 340 2400 ffim
359 2374 563 2440 Johannes'
553 2399 589 2440 ιιι
618 2375 835 2441 misericordia
863 2396 901 2440 eo
931 2375 1017 2462 quod
1047 2399 1112 2441 non
1140 2385 1249 2464 potest
1277 2378 1370 2464 sequi
1396 2378 1468 2444 sine

360 2487 464 2544 matre
479 2499 538 2542 sua
553 2477 628 2543 eto.²

235 2595 307 2661 104·
427 2576 578 2644 'Mabilia
599 2577 640 2643 de
662 2578 821 2666 Marenny
843 2579 1041 2645 summonita
1070 2581 1133 2646 fuit
1162 2581 1204 2646 ad
1229 2579 1466 2646 ostendendum

225 2697 322 2738 οιιιιοιι-
362 2703 461 2767 quare
490 2703 555 2746 non
588 2681 752 2768 permittit
788 2681 930 2747 Priorem
967 2681 1008 2748 de
1045 2683 1244 2749 Bernewella
1279 2693 1467 2769 presentare

360 2785 520 2872 ydoneam
534 2807 703 2871 personam
717 2785 759 2851 ad
780 2786 947 2852 ecclesiam
967 2788 1000 2853 S.
1015 2787 1175 2853 Johannis
1195 2787 1235 2853 de
1255 2787 1468 2875 cantebrigia

362 2912 425 2976 que
440 2899 536 2956 uuest
551 2898 610 2956 eta
627 2898 661 2956 et
676 2889 719 2956 ad
733 2913 825 2956 suam
840 2899 900 2956 eta

198 2979 231 3064 ιι
239 3025 311 3066 aum
425 2995 533 3060 Adam
555 2993 642 3060 filius
663 2995 808 3081 Philippi
830 2994 943 3060 eodem
965 2995 1060 3061 modo
1083 3003 1117 3061 et
1138 3018 1197 3082 per
1222 2995 1335 3060 eadem
1364 2995 1467 3061 uerba

197 3076 348 3207 iffimziip
360 3097 576 3162 summonitus
595 3097 638 3162 ad
657 3096 892 3162 ostendendum
911 3096 953 3161 de
973 3097 1087 3162 eadem
1107 3097 1249 3176 eeclesia,
1268 3095 1355 3162 unde
1377 3097 1466 3162 idem

196 3173 319 3254 Ιἰιιι”ιιιιι-
359 3199 540 3286 dicitquod
555 3201 655 3288 Hugo
669 3202 755 3266 filius
770 3202 940 3267 Absolonis
955 3201 1046 3266 dedit
1061 3202 1228 3267 ecelesiam
1248 3202 1338 3267 illam
1358 3201 1466 3267 eidem

359 3303 462 3370 Priori
476 3326 535 3390 par
548 3312 671 3368 cartam
686 3327 778 3368 suam
793 3326 891 3390 quam
905 3305 1027 3390 profert
1042 3313 1100 3370 ete
1122 3303 1128 3392 Ι

244 3435 297 3486 [ιι]
424 3409 497 3473 Et
488 3408 551 3494 1psi
570 3407 710 3472 ueniunt
730 3416 764 3472 et
785 3407 899 3472 dieunt
919 3407 1005 3494 quod
1025 3407 1111 3473 iuste
1131 3408 1315 3494 impediunt
1335 3431 1465 3494 presen-

359 3510 519 3575 tacionem
541 3533 633 3575 suam
654 3509 732 3596 quia
746 3509 929 3576 Willelmus
948 3510 1036 3576 filius
1050 3511 1221 3576 Absolonis
1242 3513 1340 3576 frater
1362 3512 1465 3598 ipsius

358 3613 492 3678 Mabilie
522 3621 556 3677 et
579 3613 761 3678 auunculus
782 3613 883 3698 ipsius
905 3612 977 3678 Ade
1000 3637 1040 3678 ex
1062 3622 1155 3700 parte
1177 3615 1290 3680 matris
1312 3637 1369 3680 sue
1391 3637 1464 3701 pre-

357 3717 502 3782 sentauit
517 3715 668 3781 clericum
683 3715 740 3802 qui
755 3716 871 3780 ultimo
886 3716 968 3781 obiit
988 3738 1125 3803 persona
1143 3716 1178 3780 in
1198 3718 1332 3783 ecelesia
1350 3718 1409 3783 illa
1430 3728 1465 3784 et

357 3821 399 3888 de
427 3821 483 3886 illo
512 3821 677 3886 Willelmo
706 3819 873 3885 deseendit
901 3821 952 3885 ius
974 3821 1062 3886 illius
1084 3821 1307 3887 aduooaoionis
1328 3823 1465 3910 Hugoni

357 3924 502 4010 predicto
528 3922 620 3988 fratri
643 3944 710 3998 suo,
733 3931 768 3988 et
791 3921 832 3987 de
855 3922 925 4008 ipso
951 3923 1093 4010 Hugone
1120 3923 1242 3988 eidem‘
1263 3925 1398 3990 Mabilie
1429 3934 1464 3990 et

357 4027 454 4092 matri
477 4026 578 4113 ipsius
604 4025 676 4091 Ade
700 4032 739 4090 ut
762 4026 922 4091 sororibus
943 4026 1011 4092 suis
1036 4051 1094 4113 pro
1119 4028 1249 4094 defectu
1268 4029 1397 4095 heredis
1422 4031 1464 4095 de

356 4152 487 4218 corpore
503 4153 561 4196 suo
576 4131 686 4196 ethan
700 4129 827 4196 rasione
843 4138 962 4217 petunt
977 4131 1128 4197 saisinam
1143 4155 1244 4198 suam

390 4255 400 4288 ²
413 4257 550 4318 pardonum
561 4270 609 4318 pro
620 4256 696 4317 Repe,
708 4255 745 4312 Δς
760 4257 883 4318 perdona-
934 4254 979 4306 tho
991 4255 1130 4306 note-book
1141 4256 1225 4306 leaves
1237 4257 1290 4308 this
1301 4257 1451 4309 annoticod.

358 4327 454 4433 ‘'⁸234‘'
466 4320 599 4434 imisi-
616 4320 665 4434 ⁵13⁰
674 4323 816 4434 etet·
836 4385 884 4434 we
967 4319 1226 4436 :mpetu

357 4449 417 4500 here
427 4423 488 4513 pass
496 4422 565 4501 ¹trom
576 4421 668 4514 liilary
680 4454 707 4502 to
722 4423 824 4510 Euster,
836 4449 883 4500 but
1088 4423 1094 4445 ’
