<?xml version="1.0" encoding="UTF-8"?>
<!DOCTYPE html PUBLIC "-//W3C//DTD XHTML 1.0 Transitional//EN"
    "http://www.w3.org/TR/xhtml1/DTD/xhtml1-transitional.dtd">
<html xmlns="http://www.w3.org/1999/xhtml" xml:lang="en" lang="en">
 <head>
  <title>
</title>
<meta http-equiv="Content-Type" content="text/html;charset=utf-8" />
  <meta name='ocr-system' content='tesseract 3.04.00' />
  <meta name='ocr-capabilities' content='ocr_page ocr_carea ocr_par ocr_line ocrx_word'/>
</head>
<body>
  <div class='ocr_page' id='page_1' title='image "./bractonsnoteboo04bracgoog_0495.png"; bbox 0 0 3314 5238; ppageno 0'>
   <div class='ocr_carea' id='block_1_1' title="bbox 402 434 1297 516">
    <p class='ocr_par' dir='ltr' id='par_1_1' title="bbox 402 434 1297 516">
     <span class='ocr_line' id='line_1_1' title="bbox 402 434 1297 516; baseline 0.002 -14"><span class='ocrx_word' id='word_1_1' title='bbox 402 453 724 516; x_wconf 69' lang='lat' dir='ltr'><strong>masimissa</strong></span> <span class='ocrx_word' id='word_1_2' title='bbox 750 439 843 516; x_wconf 80' lang='lat'><strong>1231,</strong></span> <span class='ocrx_word' id='word_1_3' title='bbox 865 453 928 503; x_wconf 76' lang='lat' dir='ltr'><strong>sn</strong></span> <span class='ocrx_word' id='word_1_4' title='bbox 954 440 1088 503; x_wconf 81' lang='lat'>15-16.</span> <span class='ocrx_word' id='word_1_5' title='bbox 1232 434 1297 504; x_wconf 77' lang='lat'><strong>487</strong></span> 
     </span>
    </p>
   </div>
   <div class='ocr_carea' id='block_1_2' title="bbox 187 627 1297 1418">
    <p class='ocr_par' dir='ltr' id='par_1_2' title="bbox 187 627 1297 818">
     <span class='ocr_line' id='line_1_2' title="bbox 187 627 1297 716; baseline -0.002 -22"><span class='ocrx_word' id='word_1_6' title='bbox 187 629 287 694; x_wconf 68' lang='lat' dir='ltr'><strong>frater</strong></span> <span class='ocrx_word' id='word_1_7' title='bbox 300 629 406 715; x_wconf 87' lang='lat' dir='ltr'><strong>ipsius</strong></span> <span class='ocrx_word' id='word_1_8' title='bbox 420 630 506 716; x_wconf 77' lang='lat' dir='ltr'>me</span> <span class='ocrx_word' id='word_1_9' title='bbox 516 637 551 694; x_wconf 89' lang='lat' dir='ltr'><strong>et</strong></span> <span class='ocrx_word' id='word_1_10' title='bbox 565 628 692 695; x_wconf 87' lang='lat' dir='ltr'><strong>desiout</strong></span> <span class='ocrx_word' id='word_1_11' title='bbox 706 635 794 695; x_wconf 82' lang='lat' dir='ltr'><strong>terra</strong></span> <span class='ocrx_word' id='word_1_12' title='bbox 808 629 866 694; x_wconf 84' lang='lat' dir='ltr'><strong>illa</strong></span> <span class='ocrx_word' id='word_1_13' title='bbox 880 628 911 694; x_wconf 92' lang='lat' dir='ltr'><strong>ei</strong></span> <span class='ocrx_word' id='word_1_14' title='bbox 926 627 1119 694; x_wconf 78' lang='lat' dir='ltr'><strong>descendere</strong></span> <span class='ocrx_word' id='word_1_15' title='bbox 1133 627 1254 714; x_wconf 86' lang='lat' dir='ltr'><strong>poterit</strong></span> <span class='ocrx_word' id='word_1_16' title='bbox 1268 627 1297 691; x_wconf 91' lang='lat' dir='ltr'><strong>si</strong></span> 
     </span>
     <span class='ocr_line' id='line_1_3' title="bbox 187 732 615 818; baseline 0 -20"><span class='ocrx_word' id='word_1_17' title='bbox 187 733 247 798; x_wconf 88' lang='lat' dir='ltr'><strong>boe</strong></span> <span class='ocrx_word' id='word_1_18' title='bbox 261 733 365 818; x_wconf 77' lang='lat' dir='ltr'><strong>possit</strong></span> <span class='ocrx_word' id='word_1_19' title='bbox 380 733 586 798; x_wconf 81' lang='lat' dir='ltr'><strong>disrsoionari</strong></span> <span class='ocrx_word' id='word_1_20' title='bbox 596 732 615 798; x_wconf 89' lang='lat'><strong>¹.</strong></span> 
     </span>
    </p>

    <p class='ocr_par' dir='ltr' id='par_1_3' title="bbox 187 833 1297 1212">
     <span class='ocr_line' id='line_1_4' title="bbox 252 833 1296 922; baseline -0.001 -23"><span class='ocrx_word' id='word_1_21' title='bbox 252 836 298 900; x_wconf 89' lang='lat' dir='ltr'><strong>Et</strong></span> <span class='ocrx_word' id='word_1_22' title='bbox 314 835 400 920; x_wconf 87' lang='lat' dir='ltr'><strong>Fray</strong></span> <span class='ocrx_word' id='word_1_23' title='bbox 414 835 494 901; x_wconf 86' lang='lat' dir='ltr'><strong>dicit</strong></span> <span class='ocrx_word' id='word_1_24' title='bbox 509 835 595 922; x_wconf 89' lang='lat' dir='ltr'><strong>quod</strong></span> <span class='ocrx_word' id='word_1_25' title='bbox 610 835 711 901; x_wconf 87' lang='lat' dir='ltr'><strong>habet</strong></span> <span class='ocrx_word' id='word_1_26' title='bbox 725 858 841 922; x_wconf 85' lang='lat' dir='ltr'><strong>pueros</strong></span> <span class='ocrx_word' id='word_1_27' title='bbox 856 844 890 900; x_wconf 89' lang='lat' dir='ltr'><strong>et</strong></span> <span class='ocrx_word' id='word_1_28' title='bbox 905 834 1040 900; x_wconf 87' lang='lat' dir='ltr'><strong>heredes</strong></span> <span class='ocrx_word' id='word_1_29' title='bbox 1059 834 1108 899; x_wconf 85' lang='lat' dir='ltr'><strong>ita</strong></span> <span class='ocrx_word' id='word_1_30' title='bbox 1121 834 1208 921; x_wconf 91' lang='lat' dir='ltr'><strong>quod</strong></span> <span class='ocrx_word' id='word_1_31' title='bbox 1227 833 1296 919; x_wconf 85' lang='lat' dir='ltr'><strong>ipse</strong></span> 
     </span>
     <span class='ocr_line' id='line_1_5' title="bbox 187 938 1296 1027; baseline -0.003 -23"><span class='ocrx_word' id='word_1_32' title='bbox 187 939 356 1005; x_wconf 79' lang='lat' dir='ltr'><strong>Johsnnes</strong></span> <span class='ocrx_word' id='word_1_33' title='bbox 370 962 435 1004; x_wconf 92' lang='lat' dir='ltr'><strong>non</strong></span> <span class='ocrx_word' id='word_1_34' title='bbox 450 947 501 1005; x_wconf 87' lang='lat' dir='ltr'><strong>est</strong></span> <span class='ocrx_word' id='word_1_35' title='bbox 516 939 609 1005; x_wconf 87' lang='lat' dir='ltr'><strong>heres</strong></span> <span class='ocrx_word' id='word_1_36' title='bbox 623 963 701 1005; x_wconf 89' lang='lat' dir='ltr'><strong>suus</strong></span> <span class='ocrx_word' id='word_1_37' title='bbox 715 963 857 1027; x_wconf 76' lang='lat' dir='ltr'><strong>sperans</strong></span> <span class='ocrx_word' id='word_1_38' title='bbox 905 941 948 1004; x_wconf 85' lang='lat' dir='ltr'><strong>Et</strong></span> <span class='ocrx_word' id='word_1_39' title='bbox 967 939 1040 1004; x_wconf 92' lang='lat' dir='ltr'><strong>ideo</strong></span> <span class='ocrx_word' id='word_1_40' title='bbox 1060 938 1296 1004; x_wconf 81' lang='lat' dir='ltr'><strong>consideratum</strong></span> 
     </span>
     <span class='ocr_line' id='line_1_6' title="bbox 188 1040 1297 1128; baseline -0.001 -22"><span class='ocrx_word' id='word_1_41' title='bbox 188 1050 238 1106; x_wconf 82' lang='lat' dir='ltr'><strong>est</strong></span> <span class='ocrx_word' id='word_1_42' title='bbox 260 1042 349 1128; x_wconf 93' lang='lat' dir='ltr'><strong>quod</strong></span> <span class='ocrx_word' id='word_1_43' title='bbox 371 1042 537 1108; x_wconf 84' lang='lat' dir='ltr'><strong>Johsnnes</strong></span> <span class='ocrx_word' id='word_1_44' title='bbox 558 1043 754 1108; x_wconf 76' lang='lat' dir='ltr'><strong>admittatur</strong></span> <span class='ocrx_word' id='word_1_45' title='bbox 775 1043 817 1107; x_wconf 90' lang='lat' dir='ltr'><strong>ad</strong></span> <span class='ocrx_word' id='word_1_46' title='bbox 838 1042 1152 1120; x_wconf 83' lang='lat' dir='ltr'><strong>dismeionaeionem,</strong></span> <span class='ocrx_word' id='word_1_47' title='bbox 1166 1049 1204 1106; x_wconf 71' lang='lat' dir='ltr'><strong>&#39;et</strong></span> <span class='ocrx_word' id='word_1_48' title='bbox 1225 1040 1297 1105; x_wconf 89' lang='lat' dir='ltr'><strong>ideo</strong></span> 
     </span>
     <span class='ocr_line' id='line_1_7' title="bbox 189 1144 1267 1212; baseline 0 -2"><span class='ocrx_word' id='word_1_49' title='bbox 189 1144 354 1210; x_wconf 75' lang='lat' dir='ltr'><strong>Gslfridus</strong></span> <span class='ocrx_word' id='word_1_50' title='bbox 365 1144 422 1210; x_wconf 86' lang='lat' dir='ltr'><strong>det</strong></span> <span class='ocrx_word' id='word_1_51' title='bbox 436 1145 571 1212; x_wconf 87' lang='lat' dir='ltr'><strong>usdium</strong></span> <span class='ocrx_word' id='word_1_52' title='bbox 586 1145 780 1212; x_wconf 89' lang='lat' dir='ltr'><strong>defendendi</strong></span> <span class='ocrx_word' id='word_1_53' title='bbox 795 1155 829 1212; x_wconf 86' lang='lat' dir='ltr'><strong>et</strong></span> <span class='ocrx_word' id='word_1_54' title='bbox 844 1148 867 1212; x_wconf 86' lang='lat' dir='ltr'><strong>J</strong></span> <span class='ocrx_word' id='word_1_55' title='bbox 868 1147 1011 1212; x_wconf 79' lang='lat' dir='ltr'><strong>ohannes</strong></span> <span class='ocrx_word' id='word_1_56' title='bbox 1025 1145 1267 1212; x_wconf 66' lang='lat' dir='ltr'><strong>disrationandi</strong></span> 
     </span>
    </p>

    <p class='ocr_par' dir='ltr' id='par_1_4' title="bbox 188 1249 1296 1418">
     <span class='ocr_line' id='line_1_8' title="bbox 253 1249 1296 1336; baseline 0 -24"><span class='ocrx_word' id='word_1_57' title='bbox 253 1249 431 1335; x_wconf 83' lang='lat' dir='ltr'><strong>Postquam</strong></span> <span class='ocrx_word' id='word_1_58' title='bbox 454 1249 490 1314; x_wconf 93' lang='lat' dir='ltr'><strong>in</strong></span> <span class='ocrx_word' id='word_1_59' title='bbox 510 1272 624 1336; x_wconf 85' lang='lat' dir='ltr'><strong>campo</strong></span> <span class='ocrx_word' id='word_1_60' title='bbox 645 1258 821 1336; x_wconf 79' lang='lat' dir='ltr'><strong>antequam</strong></span> <span class='ocrx_word' id='word_1_61' title='bbox 841 1249 987 1315; x_wconf 88' lang='lat' dir='ltr'><strong>duellum</strong></span> <span class='ocrx_word' id='word_1_62' title='bbox 1008 1258 1093 1315; x_wconf 86' lang='lat' dir='ltr'><strong>esset</strong></span> <span class='ocrx_word' id='word_1_63' title='bbox 1110 1271 1296 1336; x_wconf 87' lang='lat' dir='ltr'><strong>percussum</strong></span> 
     </span>
     <span class='ocr_line' id='line_1_9' title="bbox 188 1350 541 1418; baseline 0.011 -4"><span class='ocrx_word' id='word_1_64' title='bbox 188 1350 375 1416; x_wconf 78' lang='lat' dir='ltr'><strong>concordati</strong></span> <span class='ocrx_word' id='word_1_65' title='bbox 389 1359 467 1416; x_wconf 90' lang='lat' dir='ltr'><strong>sunt</strong></span> <span class='ocrx_word' id='word_1_66' title='bbox 482 1360 541 1418; x_wconf 87' lang='lat' dir='ltr'><strong>eto.</strong></span> 
     </span>
    </p>
   </div>
   <div class='ocr_carea' id='block_1_3' title="bbox 95 1442 1298 1521">
    <p class='ocr_par' dir='ltr' id='par_1_5' title="bbox 95 1442 1298 1521">
     <span class='ocr_line' id='line_1_10' title="bbox 95 1442 1298 1521; baseline 0.001 -2"><span class='ocrx_word' id='word_1_67' title='bbox 95 1489 102 1504; x_wconf 93' lang='lat'><strong>·</strong></span> <span class='ocrx_word' id='word_1_68' title='bbox 135 1498 141 1511; x_wconf 86' lang='lat'><strong>·</strong></span> <span class='ocrx_word' id='word_1_69' title='bbox 254 1455 419 1520; x_wconf 85' lang='lat' dir='ltr'><strong>Robertus</strong></span> <span class='ocrx_word' id='word_1_70' title='bbox 440 1455 480 1520; x_wconf 89' lang='lat' dir='ltr'><strong>de</strong></span> <span class='ocrx_word' id='word_1_71' title='bbox 504 1455 659 1520; x_wconf 89' lang='lat' dir='ltr'><strong>Burnebu</strong></span> <span class='ocrx_word' id='word_1_72' title='bbox 685 1463 720 1520; x_wconf 88' lang='lat' dir='ltr'><strong>et</strong></span> <span class='ocrx_word' id='word_1_73' title='bbox 749 1455 902 1521; x_wconf 78' lang='lat' dir='ltr'><strong>Johanna</strong></span> <span class='ocrx_word' id='word_1_74' title='bbox 932 1478 1013 1520; x_wconf 84' lang='lat' dir='ltr'><strong>uxor</strong></span> <span class='ocrx_word' id='word_1_75' title='bbox 1041 1455 1111 1520; x_wconf 88' lang='lat' dir='ltr'><strong>eius</strong></span> <span class='ocrx_word' id='word_1_76' title='bbox 1140 1442 1298 1520; x_wconf 75' lang='lat' dir='ltr'><strong>Ricardus</strong></span> 
     </span>
    </p>
   </div>
   <div class='ocr_carea' id='block_1_4' title="bbox 188 1557 1345 4240">
    <p class='ocr_par' dir='ltr' id='par_1_6' title="bbox 188 1557 1300 2684">
     <span class='ocr_line' id='line_1_11' title="bbox 189 1557 1298 1646; baseline 0.003 -24"><span class='ocrx_word' id='word_1_77' title='bbox 189 1557 327 1623; x_wconf 85' lang='lat' dir='ltr'><strong>Burdun</strong></span> <span class='ocrx_word' id='word_1_78' title='bbox 353 1567 388 1624; x_wconf 89' lang='lat' dir='ltr'><strong>et</strong></span> <span class='ocrx_word' id='word_1_79' title='bbox 410 1559 547 1646; x_wconf 86' lang='lat' dir='ltr'><strong>Egelina</strong></span> <span class='ocrx_word' id='word_1_80' title='bbox 568 1581 649 1624; x_wconf 81' lang='lat' dir='ltr'><strong>uxor</strong></span> <span class='ocrx_word' id='word_1_81' title='bbox 674 1558 744 1624; x_wconf 91' lang='lat' dir='ltr'><strong>eius</strong></span> <span class='ocrx_word' id='word_1_82' title='bbox 765 1559 933 1624; x_wconf 85' lang='lat' dir='ltr'><strong>Johsnnes</strong></span> <span class='ocrx_word' id='word_1_83' title='bbox 960 1559 989 1624; x_wconf 91' lang='lat' dir='ltr'><strong>le</strong></span> <span class='ocrx_word' id='word_1_84' title='bbox 1015 1560 1105 1623; x_wconf 85' lang='lat' dir='ltr'><strong>Brun</strong></span> <span class='ocrx_word' id='word_1_85' title='bbox 1134 1569 1169 1624; x_wconf 87' lang='lat' dir='ltr'><strong>et</strong></span> <span class='ocrx_word' id='word_1_86' title='bbox 1198 1559 1298 1625; x_wconf 83' lang='lat' dir='ltr'><strong>Alina</strong></span> 
     </span>
     <span class='ocr_line' id='line_1_12' title="bbox 189 1663 1298 1750; baseline 0.002 -23"><span class='ocrx_word' id='word_1_87' title='bbox 189 1685 270 1728; x_wconf 87' lang='lat' dir='ltr'><strong>uxor</strong></span> <span class='ocrx_word' id='word_1_88' title='bbox 292 1664 362 1728; x_wconf 91' lang='lat' dir='ltr'><strong>eius</strong></span> <span class='ocrx_word' id='word_1_89' title='bbox 383 1664 542 1729; x_wconf 83' lang='lat' dir='ltr'><strong>deulfus</strong></span> <span class='ocrx_word' id='word_1_90' title='bbox 563 1663 604 1730; x_wconf 91' lang='lat' dir='ltr'><strong>de</strong></span> <span class='ocrx_word' id='word_1_91' title='bbox 624 1664 774 1729; x_wconf 88' lang='lat' dir='ltr'><strong>Weduna</strong></span> <span class='ocrx_word' id='word_1_92' title='bbox 795 1673 829 1729; x_wconf 84' lang='lat' dir='ltr'><strong>et</strong></span> <span class='ocrx_word' id='word_1_93' title='bbox 853 1664 1032 1729; x_wconf 86' lang='lat' dir='ltr'><strong>Laurenoia</strong></span> <span class='ocrx_word' id='word_1_94' title='bbox 1053 1687 1134 1728; x_wconf 82' lang='lat' dir='ltr'><strong>uxor</strong></span> <span class='ocrx_word' id='word_1_95' title='bbox 1155 1663 1225 1728; x_wconf 89' lang='lat' dir='ltr'><strong>eius</strong></span> <span class='ocrx_word' id='word_1_96' title='bbox 1239 1686 1298 1750; x_wconf 90' lang='lat' dir='ltr'><strong>per</strong></span> 
     </span>
     <span class='ocr_line' id='line_1_13' title="bbox 188 1767 1297 1856; baseline 0 -24"><span class='ocrx_word' id='word_1_97' title='bbox 188 1775 371 1832; x_wconf 78' lang='lat' dir='ltr'><strong>alternatos</strong></span> <span class='ocrx_word' id='word_1_98' title='bbox 385 1767 528 1856; x_wconf 81' lang='lat' dir='ltr'><strong>ipssmm</strong></span> <span class='ocrx_word' id='word_1_99' title='bbox 543 1768 567 1832; x_wconf 84' lang='lat' dir='ltr'>J</span> <span class='ocrx_word' id='word_1_100' title='bbox 567 1768 693 1832; x_wconf 89' lang='lat' dir='ltr'><strong>ohanne</strong></span> <span class='ocrx_word' id='word_1_101' title='bbox 708 1777 743 1834; x_wconf 84' lang='lat' dir='ltr'><strong>et</strong></span> <span class='ocrx_word' id='word_1_102' title='bbox 758 1768 894 1833; x_wconf 79' lang='lat' dir='ltr'><strong>aliarum</strong></span> <span class='ocrx_word' id='word_1_103' title='bbox 910 1776 1029 1854; x_wconf 86' lang='lat' dir='ltr'><strong>petunt</strong></span> <span class='ocrx_word' id='word_1_104' title='bbox 1044 1790 1157 1832; x_wconf 83' lang='lat' dir='ltr'><strong>uersus</strong></span> <span class='ocrx_word' id='word_1_105' title='bbox 1172 1768 1297 1833; x_wconf 89' lang='lat' dir='ltr'><strong>Willel-</strong></span> 
     </span>
     <span class='ocr_line' id='line_1_14' title="bbox 189 1870 1297 1956; baseline 0 -22"><span class='ocrx_word' id='word_1_106' title='bbox 189 1893 281 1936; x_wconf 90' lang='lat' dir='ltr'><strong>mum</strong></span> <span class='ocrx_word' id='word_1_107' title='bbox 311 1870 451 1936; x_wconf 84' lang='lat' dir='ltr'><strong>Maudut</strong></span> <span class='ocrx_word' id='word_1_108' title='bbox 476 1870 533 1956; x_wconf 91' lang='lat' dir='ltr'><strong>iiij.</strong></span> <span class='ocrx_word' id='word_1_109' title='bbox 557 1879 666 1956; x_wconf 85' lang='lat' dir='ltr'><strong>partes</strong></span> <span class='ocrx_word' id='word_1_110' title='bbox 691 1871 792 1935; x_wconf 87' lang='lat' dir='ltr'><strong>trium</strong></span> <span class='ocrx_word' id='word_1_111' title='bbox 815 1893 917 1936; x_wconf 78' lang='lat' dir='ltr'><strong>earne</strong></span> <span class='ocrx_word' id='word_1_112' title='bbox 943 1880 1027 1935; x_wconf 90' lang='lat' dir='ltr'><strong>terre</strong></span> <span class='ocrx_word' id='word_1_113' title='bbox 1054 1893 1128 1935; x_wconf 87' lang='lat' dir='ltr'><strong>cum</strong></span> <span class='ocrx_word' id='word_1_114' title='bbox 1155 1877 1234 1956; x_wconf 87' lang='lat' dir='ltr'><strong>pert.</strong></span> <span class='ocrx_word' id='word_1_115' title='bbox 1262 1871 1297 1934; x_wconf 94' lang='lat' dir='ltr'><strong>in</strong></span> 
     </span>
     <span class='ocr_line' id='line_1_15' title="bbox 190 1973 1297 2060; baseline -0.001 -22"><span class='ocrx_word' id='word_1_116' title='bbox 190 1973 362 2038; x_wconf 72' lang='lat' dir='ltr'><strong>Ledetrms</strong></span> <span class='ocrx_word' id='word_1_117' title='bbox 398 1981 436 2038; x_wconf 89' lang='lat' dir='ltr'><strong>ut</strong></span> <span class='ocrx_word' id='word_1_118' title='bbox 473 1973 700 2039; x_wconf 71' lang='lat' dir='ltr'><strong>rationabilem</strong></span> <span class='ocrx_word' id='word_1_119' title='bbox 736 1981 863 2060; x_wconf 84' lang='lat' dir='ltr'><strong>purtem</strong></span> <span class='ocrx_word' id='word_1_120' title='bbox 900 1974 1043 2060; x_wconf 86' lang='lat' dir='ltr'><strong>ipsarum</strong></span> <span class='ocrx_word' id='word_1_121' title='bbox 1076 1973 1225 2038; x_wconf 86' lang='lat' dir='ltr'><strong>Johanna</strong></span> <span class='ocrx_word' id='word_1_122' title='bbox 1263 1982 1297 2038; x_wconf 89' lang='lat' dir='ltr'><strong>et</strong></span> 
     </span>
     <span class='ocr_line' id='line_1_16' title="bbox 189 2077 1297 2166; baseline 0.001 -24"><span class='ocrx_word' id='word_1_123' title='bbox 189 2077 328 2143; x_wconf 79' lang='lat' dir='ltr'><strong>slisrum</strong></span> <span class='ocrx_word' id='word_1_124' title='bbox 349 2078 436 2144; x_wconf 87' lang='lat' dir='ltr'><strong>unde</strong></span> <span class='ocrx_word' id='word_1_125' title='bbox 454 2079 658 2144; x_wconf 82' lang='lat' dir='ltr'><strong>Thurstsnus</strong></span> <span class='ocrx_word' id='word_1_126' title='bbox 676 2080 791 2144; x_wconf 82' lang='lat' dir='ltr'><strong>Basset</strong></span> <span class='ocrx_word' id='word_1_127' title='bbox 811 2089 905 2166; x_wconf 78' lang='lat' dir='ltr'><strong>pater</strong></span> <span class='ocrx_word' id='word_1_128' title='bbox 926 2080 1068 2166; x_wconf 82' lang='lat' dir='ltr'><strong>ipsarum</strong></span> <span class='ocrx_word' id='word_1_129' title='bbox 1090 2080 1114 2144; x_wconf 86' lang='lat' dir='ltr'><strong>J</strong></span> <span class='ocrx_word' id='word_1_130' title='bbox 1115 2079 1240 2144; x_wconf 76' lang='lat' dir='ltr'><strong>ohanne</strong></span> <span class='ocrx_word' id='word_1_131' title='bbox 1262 2087 1297 2143; x_wconf 89' lang='lat' dir='ltr'><strong>et</strong></span> 
     </span>
     <span class='ocr_line' id='line_1_17' title="bbox 190 2181 1297 2268; baseline 0.002 -22"><span class='ocrx_word' id='word_1_132' title='bbox 190 2181 327 2246; x_wconf 76' lang='lat' dir='ltr'><strong>aliarum</strong></span> <span class='ocrx_word' id='word_1_133' title='bbox 357 2189 392 2246; x_wconf 90' lang='lat' dir='ltr'><strong>et</strong></span> <span class='ocrx_word' id='word_1_134' title='bbox 421 2204 502 2246; x_wconf 83' lang='lat' dir='ltr'><strong>auus</strong></span> <span class='ocrx_word' id='word_1_135' title='bbox 525 2181 628 2268; x_wconf 91' lang='lat' dir='ltr'><strong>ipsius</strong></span> <span class='ocrx_word' id='word_1_136' title='bbox 654 2181 810 2247; x_wconf 92' lang='lat' dir='ltr'><strong>Willelmi</strong></span> <span class='ocrx_word' id='word_1_137' title='bbox 836 2183 900 2247; x_wconf 84' lang='lat' dir='ltr'><strong>fuit</strong></span> <span class='ocrx_word' id='word_1_138' title='bbox 925 2183 1054 2248; x_wconf 80' lang='lat' dir='ltr'><strong>saisitus</strong></span> <span class='ocrx_word' id='word_1_139' title='bbox 1079 2183 1114 2247; x_wconf 92' lang='lat' dir='ltr'><strong>in</strong></span> <span class='ocrx_word' id='word_1_140' title='bbox 1138 2181 1297 2248; x_wconf 86' lang='lat' dir='ltr'><strong>dominico</strong></span> 
     </span>
     <span class='ocr_line' id='line_1_18' title="bbox 190 2285 1299 2375; baseline 0.003 -25"><span class='ocrx_word' id='word_1_141' title='bbox 190 2307 248 2350; x_wconf 86' lang='lat' dir='ltr'><strong>suo</strong></span> <span class='ocrx_word' id='word_1_142' title='bbox 278 2293 318 2350; x_wconf 88' lang='lat' dir='ltr'><strong>ut</strong></span> <span class='ocrx_word' id='word_1_143' title='bbox 346 2285 387 2350; x_wconf 86' lang='lat' dir='ltr'><strong>de</strong></span> <span class='ocrx_word' id='word_1_144' title='bbox 410 2286 501 2351; x_wconf 87' lang='lat' dir='ltr'><strong>feodo</strong></span> <span class='ocrx_word' id='word_1_145' title='bbox 527 2293 561 2351; x_wconf 90' lang='lat' dir='ltr'><strong>et</strong></span> <span class='ocrx_word' id='word_1_146' title='bbox 586 2285 656 2351; x_wconf 87' lang='lat' dir='ltr'><strong>iure</strong></span> <span class='ocrx_word' id='word_1_147' title='bbox 683 2294 828 2373; x_wconf 85' lang='lat' dir='ltr'><strong>tempore</strong></span> <span class='ocrx_word' id='word_1_148' title='bbox 855 2288 897 2354; x_wconf 89' lang='lat' dir='ltr'><strong>H.</strong></span> <span class='ocrx_word' id='word_1_149' title='bbox 925 2288 1025 2375; x_wconf 86' lang='lat' dir='ltr'><strong>Regis</strong></span> <span class='ocrx_word' id='word_1_150' title='bbox 1048 2287 1203 2374; x_wconf 87' lang='lat' dir='ltr'><strong>capiendo</strong></span> <span class='ocrx_word' id='word_1_151' title='bbox 1229 2296 1299 2368; x_wconf 79' lang='lat' dir='ltr'><strong>ete,</strong></span> 
     </span>
     <span class='ocr_line' id='line_1_19' title="bbox 190 2390 1300 2478; baseline 0.002 -22"><span class='ocrx_word' id='word_1_152' title='bbox 190 2401 225 2456; x_wconf 85' lang='lat' dir='ltr'><strong>st</strong></span> <span class='ocrx_word' id='word_1_153' title='bbox 261 2391 303 2457; x_wconf 90' lang='lat' dir='ltr'><strong>de</strong></span> <span class='ocrx_word' id='word_1_154' title='bbox 332 2391 478 2478; x_wconf 84' lang='lat' dir='ltr'><strong>predicto</strong></span> <span class='ocrx_word' id='word_1_155' title='bbox 507 2390 690 2457; x_wconf 79' lang='lat' dir='ltr'><strong>Thurstano</strong></span> <span class='ocrx_word' id='word_1_156' title='bbox 720 2392 887 2458; x_wconf 84' lang='lat' dir='ltr'><strong>deseendit</strong></span> <span class='ocrx_word' id='word_1_157' title='bbox 917 2393 968 2458; x_wconf 91' lang='lat' dir='ltr'><strong>ius</strong></span> <span class='ocrx_word' id='word_1_158' title='bbox 997 2401 1082 2458; x_wconf 87' lang='lat' dir='ltr'><strong>terre</strong></span> <span class='ocrx_word' id='word_1_159' title='bbox 1111 2393 1199 2458; x_wconf 90' lang='lat' dir='ltr'><strong>illius</strong></span> <span class='ocrx_word' id='word_1_160' title='bbox 1227 2394 1300 2458; x_wconf 86' lang='lat' dir='ltr'><strong>istis</strong></span> 
     </span>
     <span class='ocr_line' id='line_1_20' title="bbox 189 2495 1300 2584; baseline 0.002 -24"><span class='ocrx_word' id='word_1_161' title='bbox 189 2495 341 2560; x_wconf 84' lang='lat' dir='ltr'><strong>Johnnne</strong></span> <span class='ocrx_word' id='word_1_162' title='bbox 378 2503 413 2560; x_wconf 87' lang='lat' dir='ltr'><strong>et</strong></span> <span class='ocrx_word' id='word_1_163' title='bbox 442 2495 515 2560; x_wconf 86' lang='lat' dir='ltr'><strong>aliis</strong></span> <span class='ocrx_word' id='word_1_164' title='bbox 544 2504 582 2560; x_wconf 90' lang='lat' dir='ltr'><strong>ut</strong></span> <span class='ocrx_word' id='word_1_165' title='bbox 611 2495 814 2562; x_wconf 81' lang='lat' dir='ltr'><strong>racionabilis</strong></span> <span class='ocrx_word' id='word_1_166' title='bbox 843 2497 951 2583; x_wconf 81' lang='lat' dir='ltr'><strong>porcio</strong></span> <span class='ocrx_word' id='word_1_167' title='bbox 980 2497 1122 2583; x_wconf 79' lang='lat' dir='ltr'><strong>ipsarum</strong></span> <span class='ocrx_word' id='word_1_168' title='bbox 1152 2520 1215 2584; x_wconf 90' lang='lat' dir='ltr'><strong>que</strong></span> <span class='ocrx_word' id='word_1_169' title='bbox 1245 2519 1300 2562; x_wconf 82' lang='lat' dir='ltr'><strong>eas</strong></span> 
     </span>
     <span class='ocr_line' id='line_1_21' title="bbox 190 2598 427 2684; baseline 0.008 -22"><span class='ocrx_word' id='word_1_170' title='bbox 190 2598 352 2684; x_wconf 85' lang='lat' dir='ltr'><strong>contingit</strong></span> <span class='ocrx_word' id='word_1_171' title='bbox 367 2605 427 2664; x_wconf 78' lang='lat' dir='ltr'><strong>eto</strong></span> 
     </span>
    </p>

    <p class='ocr_par' dir='ltr' id='par_1_7' title="bbox 189 2700 1299 3514">
     <span class='ocr_line' id='line_1_22' title="bbox 256 2700 1299 2788; baseline 0.001 -22"><span class='ocrx_word' id='word_1_172' title='bbox 256 2702 300 2766; x_wconf 86' lang='lat' dir='ltr'><strong>Et</strong></span> <span class='ocrx_word' id='word_1_173' title='bbox 311 2701 496 2766; x_wconf 87' lang='lat' dir='ltr'><strong>Willelmus</strong></span> <span class='ocrx_word' id='word_1_174' title='bbox 507 2701 600 2766; x_wconf 87' lang='lat' dir='ltr'><strong>uenit</strong></span> <span class='ocrx_word' id='word_1_175' title='bbox 612 2709 646 2766; x_wconf 87' lang='lat' dir='ltr'><strong>et</strong></span> <span class='ocrx_word' id='word_1_176' title='bbox 661 2700 838 2788; x_wconf 85' lang='lat' dir='ltr'><strong>dicitquod</strong></span> <span class='ocrx_word' id='word_1_177' title='bbox 854 2725 918 2766; x_wconf 92' lang='lat' dir='ltr'><strong>non</strong></span> <span class='ocrx_word' id='word_1_178' title='bbox 933 2702 1031 2768; x_wconf 86' lang='lat' dir='ltr'><strong>debet</strong></span> <span class='ocrx_word' id='word_1_179' title='bbox 1047 2702 1093 2767; x_wconf 91' lang='lat' dir='ltr'><strong>eis</strong></span> <span class='ocrx_word' id='word_1_180' title='bbox 1108 2701 1299 2788; x_wconf 89' lang='lat' dir='ltr'><strong>respondere</strong></span> 
     </span>
     <span class='ocr_line' id='line_1_23' title="bbox 189 2805 1299 2893; baseline 0 -23"><span class='ocrx_word' id='word_1_181' title='bbox 189 2807 268 2893; x_wconf 86' lang='lat' dir='ltr'><strong>quia</strong></span> <span class='ocrx_word' id='word_1_182' title='bbox 282 2805 425 2892; x_wconf 86' lang='lat' dir='ltr'><strong>predicte</strong></span> <span class='ocrx_word' id='word_1_183' title='bbox 440 2806 463 2870; x_wconf 85' lang='lat' dir='ltr'><strong>J</strong></span> <span class='ocrx_word' id='word_1_184' title='bbox 464 2806 592 2871; x_wconf 79' lang='lat' dir='ltr'><strong>ohanna</strong></span> <span class='ocrx_word' id='word_1_185' title='bbox 607 2815 641 2871; x_wconf 90' lang='lat' dir='ltr'><strong>et</strong></span> <span class='ocrx_word' id='word_1_186' title='bbox 656 2806 718 2872; x_wconf 84' lang='lat' dir='ltr'><strong>slie</strong></span> <span class='ocrx_word' id='word_1_187' title='bbox 734 2806 833 2871; x_wconf 86' lang='lat' dir='ltr'><strong>nichil</strong></span> <span class='ocrx_word' id='word_1_188' title='bbox 849 2807 987 2871; x_wconf 85' lang='lat' dir='ltr'><strong>clamare</strong></span> <span class='ocrx_word' id='word_1_189' title='bbox 1004 2815 1158 2892; x_wconf 88' lang='lat' dir='ltr'><strong>poterunt</strong></span> <span class='ocrx_word' id='word_1_190' title='bbox 1178 2807 1212 2870; x_wconf 90' lang='lat' dir='ltr'><strong>in</strong></span> <span class='ocrx_word' id='word_1_191' title='bbox 1227 2829 1299 2892; x_wconf 90' lang='lat' dir='ltr'><strong>pro-</strong></span> 
     </span>
     <span class='ocr_line' id='line_1_24' title="bbox 190 2909 1299 2996; baseline 0.001 -23"><span class='ocrx_word' id='word_1_192' title='bbox 190 2917 282 2995; x_wconf 86' lang='lat' dir='ltr'><strong>parte</strong></span> <span class='ocrx_word' id='word_1_193' title='bbox 303 2931 363 2974; x_wconf 84' lang='lat' dir='ltr'><strong>nee</strong></span> <span class='ocrx_word' id='word_1_194' title='bbox 385 2917 511 2994; x_wconf 82' lang='lat' dir='ltr'><strong>partem</strong></span> <span class='ocrx_word' id='word_1_195' title='bbox 533 2909 652 2974; x_wconf 88' lang='lat' dir='ltr'><strong>habere</strong></span> <span class='ocrx_word' id='word_1_196' title='bbox 674 2909 796 2974; x_wconf 88' lang='lat' dir='ltr'><strong>debent</strong></span> <span class='ocrx_word' id='word_1_197' title='bbox 817 2909 858 2974; x_wconf 89' lang='lat' dir='ltr'><strong>de</strong></span> <span class='ocrx_word' id='word_1_198' title='bbox 881 2909 994 2974; x_wconf 78' lang='lat' dir='ltr'><strong>eadem</strong></span> <span class='ocrx_word' id='word_1_199' title='bbox 1017 2910 1094 2996; x_wconf 82' lang='lat' dir='ltr'><strong>quia</strong></span> <span class='ocrx_word' id='word_1_200' title='bbox 1115 2909 1183 2995; x_wconf 90' lang='lat' dir='ltr'><strong>ipse</strong></span> <span class='ocrx_word' id='word_1_201' title='bbox 1207 2918 1299 2974; x_wconf 87' lang='lat' dir='ltr'><strong>tenet</strong></span> 
     </span>
     <span class='ocr_line' id='line_1_25' title="bbox 190 3011 1298 3097; baseline -0.002 -19"><span class='ocrx_word' id='word_1_202' title='bbox 190 3021 310 3078; x_wconf 88' lang='lat' dir='ltr'><strong>terram</strong></span> <span class='ocrx_word' id='word_1_203' title='bbox 329 3013 420 3078; x_wconf 89' lang='lat' dir='ltr'><strong>illam</strong></span> <span class='ocrx_word' id='word_1_204' title='bbox 441 3012 525 3078; x_wconf 88' lang='lat' dir='ltr'><strong>siout</strong></span> <span class='ocrx_word' id='word_1_205' title='bbox 547 3012 637 3077; x_wconf 87' lang='lat' dir='ltr'><strong>illam</strong></span> <span class='ocrx_word' id='word_1_206' title='bbox 659 3011 700 3076; x_wconf 92' lang='lat' dir='ltr'><strong>de</strong></span> <span class='ocrx_word' id='word_1_207' title='bbox 715 3034 781 3097; x_wconf 89' lang='lat' dir='ltr'><strong>qua</strong></span> <span class='ocrx_word' id='word_1_208' title='bbox 801 3011 966 3097; x_wconf 87' lang='lat' dir='ltr'><strong>predictus</strong></span> <span class='ocrx_word' id='word_1_209' title='bbox 983 3011 1186 3076; x_wconf 88' lang='lat' dir='ltr'><strong>Thurstanus</strong></span> <span class='ocrx_word' id='word_1_210' title='bbox 1205 3012 1298 3076; x_wconf 90' lang='lat' dir='ltr'><strong>illum</strong></span> 
     </span>
     <span class='ocr_line' id='line_1_26' title="bbox 190 3113 1298 3202; baseline 0 -22"><span class='ocrx_word' id='word_1_211' title='bbox 190 3117 337 3182; x_wconf 81' lang='lat' dir='ltr'><strong>leoffauit</strong></span> <span class='ocrx_word' id='word_1_212' title='bbox 351 3123 547 3202; x_wconf 76' lang='lat' dir='ltr'><strong>permitam</strong></span> <span class='ocrx_word' id='word_1_213' title='bbox 562 3137 654 3180; x_wconf 88' lang='lat' dir='ltr'><strong>suam</strong></span> <span class='ocrx_word' id='word_1_214' title='bbox 670 3137 767 3200; x_wconf 81' lang='lat' dir='ltr'><strong>quem</strong></span> <span class='ocrx_word' id='word_1_215' title='bbox 782 3116 903 3200; x_wconf 82' lang='lat' dir='ltr'><strong>profert</strong></span> <span class='ocrx_word' id='word_1_216' title='bbox 924 3124 958 3180; x_wconf 87' lang='lat' dir='ltr'><strong>et</strong></span> <span class='ocrx_word' id='word_1_217' title='bbox 973 3138 1036 3202; x_wconf 87' lang='lat' dir='ltr'><strong>que</strong></span> <span class='ocrx_word' id='word_1_218' title='bbox 1057 3125 1198 3181; x_wconf 86' lang='lat' dir='ltr'><strong>testatur</strong></span> <span class='ocrx_word' id='word_1_219' title='bbox 1212 3113 1298 3202; x_wconf 89' lang='lat' dir='ltr'><strong>quod</strong></span> 
     </span>
     <span class='ocr_line' id='line_1_27' title="bbox 191 3219 1298 3287; baseline -0.001 -2"><span class='ocrx_word' id='word_1_220' title='bbox 191 3221 284 3286; x_wconf 83' lang='lat' dir='ltr'><strong>dedit</strong></span> <span class='ocrx_word' id='word_1_221' title='bbox 306 3229 341 3287; x_wconf 86' lang='lat' dir='ltr'><strong>et</strong></span> <span class='ocrx_word' id='word_1_222' title='bbox 363 3219 521 3286; x_wconf 85' lang='lat' dir='ltr'><strong>oonoessit</strong></span> <span class='ocrx_word' id='word_1_223' title='bbox 543 3220 574 3285; x_wconf 87' lang='lat' dir='ltr'><strong>ei</strong></span> <span class='ocrx_word' id='word_1_224' title='bbox 596 3229 716 3284; x_wconf 86' lang='lat' dir='ltr'><strong>terram</strong></span> <span class='ocrx_word' id='word_1_225' title='bbox 738 3219 828 3284; x_wconf 86' lang='lat' dir='ltr'><strong>illam</strong></span> <span class='ocrx_word' id='word_1_226' title='bbox 855 3219 1036 3283; x_wconf 81' lang='lat' dir='ltr'><strong>habendam</strong></span> <span class='ocrx_word' id='word_1_227' title='bbox 1064 3227 1098 3284; x_wconf 89' lang='lat' dir='ltr'><strong>et</strong></span> <span class='ocrx_word' id='word_1_228' title='bbox 1123 3219 1298 3284; x_wconf 76' lang='lat' dir='ltr'><strong>tenendam</strong></span> 
     </span>
     <span class='ocr_line' id='line_1_28' title="bbox 189 3321 1298 3408; baseline -0.001 -20"><span class='ocrx_word' id='word_1_229' title='bbox 189 3323 252 3388; x_wconf 89' lang='lat' dir='ltr'><strong>sibi</strong></span> <span class='ocrx_word' id='word_1_230' title='bbox 274 3331 310 3390; x_wconf 88' lang='lat' dir='ltr'><strong>et</strong></span> <span class='ocrx_word' id='word_1_231' title='bbox 329 3321 503 3388; x_wconf 79' lang='lat' dir='ltr'><strong>heredibus</strong></span> <span class='ocrx_word' id='word_1_232' title='bbox 523 3321 590 3387; x_wconf 90' lang='lat' dir='ltr'><strong>suis</strong></span> <span class='ocrx_word' id='word_1_233' title='bbox 604 3322 646 3387; x_wconf 90' lang='lat' dir='ltr'><strong>de</strong></span> <span class='ocrx_word' id='word_1_234' title='bbox 661 3321 806 3408; x_wconf 84' lang='lat' dir='ltr'><strong>predicto</strong></span> <span class='ocrx_word' id='word_1_235' title='bbox 827 3329 885 3386; x_wconf 83' lang='lat' dir='ltr'><strong>etc.</strong></span> <span class='ocrx_word' id='word_1_236' title='bbox 902 3343 961 3407; x_wconf 85' lang='lat' dir='ltr'><strong>per</strong></span> <span class='ocrx_word' id='word_1_237' title='bbox 974 3321 1147 3386; x_wconf 76' lang='lat' dir='ltr'><strong>seruitium</strong></span> <span class='ocrx_word' id='word_1_238' title='bbox 1162 3321 1298 3387; x_wconf 90' lang='lat' dir='ltr'><strong>duorum</strong></span> 
     </span>
     <span class='ocr_line' id='line_1_29' title="bbox 190 3426 670 3514; baseline -0.002 -21"><span class='ocrx_word' id='word_1_239' title='bbox 190 3429 334 3494; x_wconf 90' lang='lat' dir='ltr'><strong>militum</strong></span> <span class='ocrx_word' id='word_1_240' title='bbox 350 3451 408 3514; x_wconf 87' lang='lat' dir='ltr'><strong>pro</strong></span> <span class='ocrx_word' id='word_1_241' title='bbox 423 3427 513 3492; x_wconf 91' lang='lat' dir='ltr'><strong>omni</strong></span> <span class='ocrx_word' id='word_1_242' title='bbox 527 3426 670 3492; x_wconf 72' lang='lat' dir='ltr'><strong>seruitio.</strong></span> 
     </span>
    </p>

    <p class='ocr_par' dir='ltr' id='par_1_8' title="bbox 188 3531 1345 4240">
     <span class='ocr_line' id='line_1_30' title="bbox 256 3531 1345 3617; baseline -0.002 -19"><span class='ocrx_word' id='word_1_243' title='bbox 256 3534 300 3598; x_wconf 89' lang='lat' dir='ltr'><strong>Et</strong></span> <span class='ocrx_word' id='word_1_244' title='bbox 317 3533 481 3600; x_wconf 85' lang='lat' dir='ltr'><strong>Robertus</strong></span> <span class='ocrx_word' id='word_1_245' title='bbox 502 3540 536 3598; x_wconf 90' lang='lat' dir='ltr'><strong>et</strong></span> <span class='ocrx_word' id='word_1_246' title='bbox 558 3531 710 3597; x_wconf 85' lang='lat' dir='ltr'><strong>Johanna</strong></span> <span class='ocrx_word' id='word_1_247' title='bbox 731 3538 766 3596; x_wconf 87' lang='lat' dir='ltr'><strong>et</strong></span> <span class='ocrx_word' id='word_1_248' title='bbox 788 3531 844 3595; x_wconf 79' lang='lat' dir='ltr'><strong>alii</strong></span> <span class='ocrx_word' id='word_1_249' title='bbox 866 3531 1005 3596; x_wconf 89' lang='lat' dir='ltr'><strong>ueniunt</strong></span> <span class='ocrx_word' id='word_1_250' title='bbox 1027 3539 1062 3596; x_wconf 91' lang='lat' dir='ltr'><strong>et</strong></span> <span class='ocrx_word' id='word_1_251' title='bbox 1084 3531 1198 3596; x_wconf 87' lang='lat' dir='ltr'><strong>dieunt</strong></span> <span class='ocrx_word' id='word_1_252' title='bbox 1213 3531 1300 3617; x_wconf 89' lang='lat' dir='ltr'><strong>quod</strong></span> <span class='ocrx_word' id='word_1_253' title='bbox 1343 3579 1345 3582; x_wconf 89' lang='lat'>-</span> 
     </span>
     <span class='ocr_line' id='line_1_31' title="bbox 189 3617 1300 3720; baseline -0.002 -19"><span class='ocrx_word' id='word_1_254' title='bbox 189 3644 278 3702; x_wconf 77' lang='lat' dir='ltr'><strong>ear-ta</strong></span> <span class='ocrx_word' id='word_1_255' title='bbox 291 3635 349 3701; x_wconf 89' lang='lat' dir='ltr'><strong>illa</strong></span> <span class='ocrx_word' id='word_1_256' title='bbox 363 3659 428 3700; x_wconf 94' lang='lat' dir='ltr'><strong>non</strong></span> <span class='ocrx_word' id='word_1_257' title='bbox 443 3635 542 3700; x_wconf 88' lang='lat' dir='ltr'><strong>debet</strong></span> <span class='ocrx_word' id='word_1_258' title='bbox 557 3617 603 3700; x_wconf 83' lang='lat' dir='ltr'><strong>eis</strong></span> <span class='ocrx_word' id='word_1_259' title='bbox 618 3657 732 3700; x_wconf 85' lang='lat' dir='ltr'><strong>nocere</strong></span> <span class='ocrx_word' id='word_1_260' title='bbox 748 3633 826 3719; x_wconf 84' lang='lat' dir='ltr'><strong>quis</strong></span> <span class='ocrx_word' id='word_1_261' title='bbox 840 3633 1004 3720; x_wconf 82' lang='lat' dir='ltr'><strong>predictus</strong></span> <span class='ocrx_word' id='word_1_262' title='bbox 1020 3634 1223 3699; x_wconf 86' lang='lat' dir='ltr'><strong>Thurstanus</strong></span> <span class='ocrx_word' id='word_1_263' title='bbox 1237 3635 1300 3699; x_wconf 81' lang='lat' dir='ltr'><strong>luit</strong></span> 
     </span>
     <span class='ocr_line' id='line_1_32' title="bbox 188 3736 1300 3822; baseline -0.003 -17"><span class='ocrx_word' id='word_1_264' title='bbox 188 3739 319 3804; x_wconf 77' lang='lat' dir='ltr'><strong>saisitus</strong></span> <span class='ocrx_word' id='word_1_265' title='bbox 344 3738 385 3804; x_wconf 90' lang='lat' dir='ltr'><strong>de</strong></span> <span class='ocrx_word' id='word_1_266' title='bbox 410 3737 524 3804; x_wconf 85' lang='lat' dir='ltr'><strong>eadem</strong></span> <span class='ocrx_word' id='word_1_267' title='bbox 547 3745 634 3803; x_wconf 82' lang='lat' dir='ltr'><strong>terra</strong></span> <span class='ocrx_word' id='word_1_268' title='bbox 655 3744 727 3802; x_wconf 85' lang='lat' dir='ltr'><strong>tota</strong></span> <span class='ocrx_word' id='word_1_269' title='bbox 748 3737 820 3802; x_wconf 81' lang='lat' dir='ltr'><strong>uite</strong></span> <span class='ocrx_word' id='word_1_270' title='bbox 841 3759 900 3801; x_wconf 85' lang='lat' dir='ltr'><strong>sua</strong></span> <span class='ocrx_word' id='word_1_271' title='bbox 922 3736 1023 3801; x_wconf 86' lang='lat' dir='ltr'><strong>donec</strong></span> <span class='ocrx_word' id='word_1_272' title='bbox 1045 3759 1214 3822; x_wconf 81' lang='lat' dir='ltr'><strong>percussus</strong></span> <span class='ocrx_word' id='word_1_273' title='bbox 1236 3737 1300 3802; x_wconf 84' lang='lat' dir='ltr'><strong>fuit</strong></span> 
     </span>
     <span class='ocr_line' id='line_1_33' title="bbox 190 3841 1301 3931; baseline -0.003 -22"><span class='ocrx_word' id='word_1_274' title='bbox 190 3844 322 3931; x_wconf 84' lang='lat' dir='ltr'><strong>paralisi</strong></span> <span class='ocrx_word' id='word_1_275' title='bbox 340 3843 390 3908; x_wconf 88' lang='lat' dir='ltr'><strong>ita</strong></span> <span class='ocrx_word' id='word_1_276' title='bbox 411 3842 497 3930; x_wconf 91' lang='lat' dir='ltr'><strong>quod</strong></span> <span class='ocrx_word' id='word_1_277' title='bbox 519 3842 681 3930; x_wconf 87' lang='lat' dir='ltr'><strong>impotens</strong></span> <span class='ocrx_word' id='word_1_278' title='bbox 701 3841 764 3906; x_wconf 82' lang='lat' dir='ltr'><strong>fuit</strong></span> <span class='ocrx_word' id='word_1_279' title='bbox 786 3841 838 3906; x_wconf 88' lang='lat' dir='ltr'><strong>sui</strong></span> <span class='ocrx_word' id='word_1_280' title='bbox 859 3849 894 3906; x_wconf 91' lang='lat' dir='ltr'><strong>et</strong></span> <span class='ocrx_word' id='word_1_281' title='bbox 916 3841 1103 3906; x_wconf 85' lang='lat' dir='ltr'><strong>memoriam</strong></span> <span class='ocrx_word' id='word_1_282' title='bbox 1126 3841 1243 3919; x_wconf 81' lang='lat' dir='ltr'><strong>amisit,</strong></span> <span class='ocrx_word' id='word_1_283' title='bbox 1265 3849 1301 3907; x_wconf 87' lang='lat' dir='ltr'><strong>et</strong></span> 
     </span>
     <span class='ocr_line' id='line_1_34' title="bbox 188 3943 1299 4031; baseline -0.003 -19"><span class='ocrx_word' id='word_1_284' title='bbox 188 3947 273 4012; x_wconf 89' lang='lat' dir='ltr'><strong>bene</strong></span> <span class='ocrx_word' id='word_1_285' title='bbox 293 3946 407 4012; x_wconf 86' lang='lat' dir='ltr'><strong>dieunt</strong></span> <span class='ocrx_word' id='word_1_286' title='bbox 427 3943 513 4031; x_wconf 92' lang='lat' dir='ltr'><strong>quod</strong></span> <span class='ocrx_word' id='word_1_287' title='bbox 533 3944 561 4010; x_wconf 89' lang='lat' dir='ltr'><strong>si</strong></span> <span class='ocrx_word' id='word_1_288' title='bbox 580 3953 671 4009; x_wconf 84' lang='lat' dir='ltr'><strong>carta</strong></span> <span class='ocrx_word' id='word_1_289' title='bbox 691 3943 748 4008; x_wconf 92' lang='lat' dir='ltr'><strong>illa</strong></span> <span class='ocrx_word' id='word_1_290' title='bbox 767 3943 854 4009; x_wconf 85' lang='lat' dir='ltr'><strong>faeta</strong></span> <span class='ocrx_word' id='word_1_291' title='bbox 876 3943 940 4008; x_wconf 85' lang='lat' dir='ltr'><strong>fuit</strong></span> <span class='ocrx_word' id='word_1_292' title='bbox 960 3945 1020 4008; x_wconf 86' lang='lat' dir='ltr'><strong>hoc</strong></span> <span class='ocrx_word' id='word_1_293' title='bbox 1040 3943 1104 4008; x_wconf 88' lang='lat' dir='ltr'><strong>fuit</strong></span> <span class='ocrx_word' id='word_1_294' title='bbox 1127 3952 1299 4030; x_wconf 87' lang='lat' dir='ltr'><strong>postquam</strong></span> 
     </span>
     <span class='ocr_line' id='line_1_35' title="bbox 189 4046 1299 4133; baseline -0.005 -17"><span class='ocrx_word' id='word_1_295' title='bbox 189 4051 278 4117; x_wconf 88' lang='lat' dir='ltr'><strong>idem</strong></span> <span class='ocrx_word' id='word_1_296' title='bbox 300 4049 503 4114; x_wconf 82' lang='lat' dir='ltr'><strong>Thurstsnus</strong></span> <span class='ocrx_word' id='word_1_297' title='bbox 525 4046 589 4112; x_wconf 83' lang='lat' dir='ltr'><strong>fuit</strong></span> <span class='ocrx_word' id='word_1_298' title='bbox 608 4047 770 4133; x_wconf 85' lang='lat' dir='ltr'><strong>impotens</strong></span> <span class='ocrx_word' id='word_1_299' title='bbox 792 4047 898 4111; x_wconf 82' lang='lat' dir='ltr'><strong>suist</strong></span> <span class='ocrx_word' id='word_1_300' title='bbox 919 4055 1089 4133; x_wconf 82' lang='lat' dir='ltr'><strong>postquam</strong></span> <span class='ocrx_word' id='word_1_301' title='bbox 1111 4046 1299 4112; x_wconf 83' lang='lat' dir='ltr'><strong>memoriam</strong></span> 
     </span>
     <span class='ocr_line' id='line_1_36' title="bbox 190 4149 1300 4240; baseline -0.007 -19"><span class='ocrx_word' id='word_1_302' title='bbox 190 4153 310 4232; x_wconf 88' lang='lat' dir='ltr'><strong>amisit,</strong></span> <span class='ocrx_word' id='word_1_303' title='bbox 324 4161 359 4218; x_wconf 89' lang='lat' dir='ltr'><strong>et</strong></span> <span class='ocrx_word' id='word_1_304' title='bbox 373 4151 488 4218; x_wconf 84' lang='lat' dir='ltr'><strong>dieunt</strong></span> <span class='ocrx_word' id='word_1_305' title='bbox 503 4151 589 4240; x_wconf 90' lang='lat' dir='ltr'><strong>quod</strong></span> <span class='ocrx_word' id='word_1_306' title='bbox 604 4173 771 4237; x_wconf 85' lang='lat' dir='ltr'><strong>nunquam</strong></span> <span class='ocrx_word' id='word_1_307' title='bbox 786 4159 957 4237; x_wconf 87' lang='lat' dir='ltr'><strong>postquam</strong></span> <span class='ocrx_word' id='word_1_308' title='bbox 974 4171 1142 4236; x_wconf 84' lang='lat' dir='ltr'><strong>percussus</strong></span> <span class='ocrx_word' id='word_1_309' title='bbox 1157 4149 1220 4214; x_wconf 85' lang='lat' dir='ltr'><strong>fuit</strong></span> <span class='ocrx_word' id='word_1_310' title='bbox 1235 4173 1300 4214; x_wconf 89' lang='lat' dir='ltr'><strong>non</strong></span> 
     </span>
    </p>
   </div>
   <div class='ocr_carea' id='block_1_5' title="bbox 193 4335 1300 4540">
    <p class='ocr_par' dir='ltr' id='par_1_9' title="bbox 193 4335 1300 4540">
     <span class='ocr_line' id='line_1_37' title="bbox 224 4335 1300 4404; baseline -0.006 -12"><span class='ocrx_word' id='word_1_311' title='bbox 224 4341 234 4374; x_wconf 85' lang='lat'>²</span> <span class='ocrx_word' id='word_1_312' title='bbox 251 4341 511 4393; x_wconf 60' lang='lat' dir='ltr'><strong>conmercationum.</strong></span> <span class='ocrx_word' id='word_1_313' title='bbox 528 4341 584 4392; x_wconf 77' lang='lat' dir='ltr'><strong>The</strong></span> <span class='ocrx_word' id='word_1_314' title='bbox 592 4339 721 4404; x_wconf 79' lang='lat' dir='ltr'><strong>obisotion</strong></span> <span class='ocrx_word' id='word_1_315' title='bbox 772 4337 886 4389; x_wconf 78' lang='lat' dir='ltr'><strong>witness.</strong></span> <span class='ocrx_word' id='word_1_316' title='bbox 919 4337 961 4388; x_wconf 83' lang='lat' dir='ltr'><strong>He</strong></span> <span class='ocrx_word' id='word_1_317' title='bbox 979 4336 1003 4386; x_wconf 86' lang='lat' dir='ltr'><strong>is</strong></span> <span class='ocrx_word' id='word_1_318' title='bbox 1023 4335 1111 4387; x_wconf 88' lang='lat' dir='ltr'><strong>bound</strong></span> <span class='ocrx_word' id='word_1_319' title='bbox 1130 4339 1158 4386; x_wconf 87' lang='lat' dir='ltr'><strong>to</strong></span> <span class='ocrx_word' id='word_1_320' title='bbox 1176 4336 1255 4400; x_wconf 77' lang='lat' dir='ltr'><strong>spsslr</strong></span> <span class='ocrx_word' id='word_1_321' title='bbox 1272 4337 1300 4387; x_wconf 85' lang='lat' dir='ltr'><strong>ol</strong></span> 
     </span>
     <span class='ocr_line' id='line_1_38' title="bbox 193 4401 1299 4465; baseline -0.003 -8"><span class='ocrx_word' id='word_1_322' title='bbox 193 4421 276 4457; x_wconf 80' lang='lat' dir='ltr'><strong>merus</strong></span> <span class='ocrx_word' id='word_1_323' title='bbox 298 4407 413 4458; x_wconf 72' lang='lat' dir='ltr'><strong>founded</strong></span> <span class='ocrx_word' id='word_1_324' title='bbox 434 4421 469 4456; x_wconf 91' lang='lat' dir='ltr'><strong>on</strong></span> <span class='ocrx_word' id='word_1_325' title='bbox 491 4406 536 4458; x_wconf 82' lang='lat' dir='ltr'><strong>the</strong></span> <span class='ocrx_word' id='word_1_326' title='bbox 552 4406 645 4456; x_wconf 80' lang='lat' dir='ltr'><strong>notion</strong></span> <span class='ocrx_word' id='word_1_327' title='bbox 662 4405 721 4454; x_wconf 83' lang='lat' dir='ltr'><strong>thst</strong></span> <span class='ocrx_word' id='word_1_328' title='bbox 772 4403 842 4454; x_wconf 80' lang='lat' dir='ltr'><strong>whst</strong></span> <span class='ocrx_word' id='word_1_329' title='bbox 860 4403 894 4453; x_wconf 86' lang='lat' dir='ltr'><strong>he</strong></span> <span class='ocrx_word' id='word_1_330' title='bbox 912 4402 963 4453; x_wconf 82' lang='lat' dir='ltr'><strong>hss</strong></span> <span class='ocrx_word' id='word_1_331' title='bbox 979 4416 1040 4452; x_wconf 84' lang='lat' dir='ltr'><strong>seen</strong></span> <span class='ocrx_word' id='word_1_332' title='bbox 1056 4401 1119 4451; x_wconf 81' lang='lat' dir='ltr'><strong>with</strong></span> <span class='ocrx_word' id='word_1_333' title='bbox 1135 4401 1178 4452; x_wconf 87' lang='lat' dir='ltr'><strong>his</strong></span> <span class='ocrx_word' id='word_1_334' title='bbox 1194 4417 1253 4465; x_wconf 78' lang='lat' dir='ltr'><strong>eyes</strong></span> <span class='ocrx_word' id='word_1_335' title='bbox 1269 4417 1299 4454; x_wconf 84' lang='lat' dir='ltr'><strong>or</strong></span> 
     </span>
     <span class='ocr_line' id='line_1_39' title="bbox 194 4466 1194 4540; baseline -0.01 -14"><span class='ocrx_word' id='word_1_336' title='bbox 194 4471 239 4526; x_wconf 82' lang='lat' dir='ltr'><strong>tha</strong></span> <span class='ocrx_word' id='word_1_337' title='bbox 250 4471 390 4540; x_wconf 79' lang='lat' dir='ltr'><strong>ohsmpion</strong></span> <span class='ocrx_word' id='word_1_338' title='bbox 400 4471 493 4526; x_wconf 84' lang='lat' dir='ltr'><strong>should</strong></span> <span class='ocrx_word' id='word_1_339' title='bbox 502 4471 534 4521; x_wconf 88' lang='lat' dir='ltr'><strong>be</strong></span> <span class='ocrx_word' id='word_1_340' title='bbox 543 4487 578 4521; x_wconf 87' lang='lat' dir='ltr'><strong>an</strong></span> <span class='ocrx_word' id='word_1_341' title='bbox 588 4468 721 4536; x_wconf 83' lang='lat' dir='ltr'><strong>impartisl</strong></span> <span class='ocrx_word' id='word_1_342' title='bbox 773 4467 842 4522; x_wconf 81' lang='lat' dir='ltr'><strong>whsl</strong></span> <span class='ocrx_word' id='word_1_343' title='bbox 854 4467 896 4518; x_wconf 90' lang='lat' dir='ltr'><strong>his</strong></span> <span class='ocrx_word' id='word_1_344' title='bbox 908 4466 993 4518; x_wconf 76' lang='lat' dir='ltr'><strong>father</strong></span> <span class='ocrx_word' id='word_1_345' title='bbox 1003 4467 1051 4516; x_wconf 78' lang='lat' dir='ltr'><strong>hss</strong></span> <span class='ocrx_word' id='word_1_346' title='bbox 1062 4466 1117 4516; x_wconf 85' lang='lat' dir='ltr'><strong>told</strong></span> <span class='ocrx_word' id='word_1_347' title='bbox 1129 4467 1194 4518; x_wconf 88' lang='lat' dir='ltr'><strong>him.</strong></span> 
     </span>
    </p>
   </div>
   <div class='ocr_carea' id='block_1_6' title="bbox 0 0 1665 5238">
    <p class='ocr_par' dir='ltr' id='par_1_10' title="bbox 0 0 1665 5238">
     <span class='ocr_line' id='line_1_40' title="bbox 0 0 1665 5238; baseline 0 0"><span class='ocrx_word' id='word_1_348' title='bbox 0 0 1665 5238; x_wconf 95' lang='lat' dir='ltr'><strong> </strong></span> 
     </span>
    </p>
   </div>
  </div>
 </body>
</html>
