3276 5234
356 460 592 522 meniminus,
614 458 679 510 no.
704 446 797 523 1229,
819 460 882 512 sn
907 447 1043 512 1344,
1189 448 1251 512 293

156 633 314 700 Johcnnee
336 653 394 718 per
417 639 622 697 attomotum
647 639 761 718 postes
783 631 955 718 placitouit
984 631 1019 698 in
1044 632 1134 698 curis
1158 632 1250 699 Dom.

157 739 248 828 Regis
276 747 310 806 et
333 739 433 806 finem
457 739 537 804 fecit
561 738 649 825 opud
673 737 898 804 Bedefordiam
924 737 1011 804 unde
1034 738 1063 804 si
1090 739 1148 806 elii
1176 761 1252 804 eum

155 843 375 930 inplacitment
395 843 459 930 ipsi
483 843 637 908 Warinus
659 850 694 908 et
719 841 879 907 Ksterine
898 841 1055 908 deberent
1078 843 1109 908 ei
1132 850 1251 908 tenum

156 948 236 1012 illum
250 945 458 1012 warentizsre
473 954 512 1011 ut
527 945 661 1010 heredes
675 945 777 1031 ipsius
795 943 956 1010 »Iohannis
974 953 1009 1009 et
1028 944 1056 1010 si
1075 967 1173 1032 super
1192 945 1252 1011 hoc

155 1052 266 1117 debent
280 1052 475 1139 respondere
489 1051 599 1118 dicent
614 1050 712 1116 oliuu

213 1156 255 1220 Et
275 1156 429 1222 Wcrinus
444 1163 480 1222 et
495 1155 655 1220 Keterinc
667 1177 726 1241 per
739 1162 943 1226 ottomatum
959 1154 1098 1219 ueniunt
1113 1161 1147 1218 ot
1167 1153 1250 1218 bene

155 1265 342 1344 cognoscunt
371 1265 494 1322 curtum
524 1257 614 1322 illem
643 1265 678 1321 ot
707 1277 772 1320 non
801 1254 957 1320 dedicunt
986 1255 1073 1341 quod
1109 1256 1169 1322 toli
1197 1256 1250 1324 die

154 1361 274 1426 feffotus
288 1361 355 1426 fuit
370 1361 411 1427 de
425 1361 573 1448 predicto.
585 1368 681 1437 terra,
696 1367 746 1426 set
761 1359 856 1425 dieit¹
881 1359 969 1446 quod
983 1359 1071 1426 idem
1085 1360 1109 1425 J
1109 1359 1251 1428 ohannes

154 1465 252 1530 tenuit
266 1465 308 1530 de
323 1465 439 1531 eodem
460 1465 590 1530 Abboto
610 1472 645 1530 et
665 1463 791 1529 desicut
811 1463 888 1529 inde
906 1464 971 1530 fuit
994 1464 1091 1530 homo
1112 1465 1252 1532 Abbatis

154 1588 210 1630 non
223 1568 333 1653 potuit
347 1566 425 1633 inde
448 1566 578 1631 feoffsre
597 1565 780 1652 predictum
804 1565 970 1632 Abbatem
991 1566 1118 1632 desicut
1142 1568 1252 1634 tenuit

154 1669 189 1736 de
214 1693 251 1736 eo
276 1680 314 1738 et
337 1671 426 1759 quod
449 1671 537 1737 idem
562 1671 729 1736 Johonnes
754 1693 820 1736 non
845 1671 909 1736 fuit
938 1693 1067 1758 compos
1096 1672 1147 1738 sui
1175 1673 1254 1760 quia

154 1796 312 1861 nunquam
327 1783 441 1862 posteo
457 1773 598 1839 surrexit
615 1772 657 1838 de
676 1774 761 1839 lecto
780 1795 838 1838 suo
858 1781 893 1838 et
912 1773 986 1838 ideo
1008 1774 1252 1842 feoffcmentum

154 1877 225 1944 illud
238 1903 306 1944 non
321 1880 421 1946 debet
436 1879 484 1944 eis
497 1901 612 1944 nocere
627 1886 662 1943 et
676 1886 796 1965 petunt
810 1877 976 1944 iudicium

210 1985 252 2049 Et
274 1983 392 2050 Abbas
417 1983 497 2048 dicit
522 1983 610 2070 quod
634 1983 698 2050 fuit
721 2005 850 2069 compos
879 1981 931 2046 sui
956 1990 991 2047 et
1013 1982 1100 2068 quod
1128 1984 1252 2052 nullam

154 2086 373 2152 infirmitatem
389 2086 506 2151 habuit
521 2085 585 2152 nisi
599 2085 686 2172 quod
700 2084 765 2151 fuit
779 2083 1008 2172 guttumosus'
1022 2093 1057 2150 et
1071 2086 1151 2152 dicit
1166 2087 1252 2174 quod

154 2191 267 2256 iomisit
283 2190 393 2256 eidem
408 2189 553 2255 Johenni
567 2188 608 2254 de
623 2188 792 2275 arreragiis
807 2187 937 2254 seruioii
952 2187 1003 2253 sui
1023 2188 1149 2256 racione
1164 2190 1252 2256 iliius

154 2292 345 2359 seoffsmenti
359 2315 462 2380 usque
482 2291 525 2358 ed
548 2291 705 2358 ducentes
730 2314 862 2368 marces,
886 2299 920 2356 et
942 2291 1028 2378 petit
1044 2292 1252 2362 iudiciumsi

154 2395 260 2462 debeat
274 2419 376 2483 super
390 2396 449 2462 hoc
464 2395 665 2482 respondere.

210 2502 329 2567 Postea
364 2524 471 2566 comm
506 2500 637 2566 domino
674 2500 764 2586 Rege
801 2499 889 2586 apud
926 2501 1251 2568 westmonasterium

154 2627 249 2670 comm
279 2604 419 2672 Justic'⁸
441 2615 475 2671 et
506 2604 635 2671 Comite
665 2604 852 2670 Moresocilo
879 2613 914 2670 et
943 2605 1015 2670 eliis
1044 2605 1252 2693 magnatibus

154 2717 308 2774 uenerunt
323 2707 476 2774 Werinus
491 2708 606 2773 Besset
620 2716 654 2772 et
670 2707 830 2773 Kotenna
844 2717 879 2774 ot
893 2716 1115 2828 cognouerunt
1129 2717 1251 2776 curtem

154 2812 307 2878 Johcnnis
321 2812 363 2878 de
378 2813 491 2878 Monte
505 2813 613 2878 Acuto
628 2812 730 2898 petris
747 2813 849 2899 ipsius
869 2815 1027 2880 Keterins
1046 2814 1139 2880 cuius
1158 2814 1252 2882 heres

154 2915 216 3000 ipsc
239 2925 293 2982 cst
317 2915 358 2981 de
380 2916 587 2980 feoffamento
616 2925 651 2981 et
679 2916 779 2981 nichil
809 2917 961 2984 dicebant
990 2925 1065 2983 cont
1066 2941 1103 2984 rs
1130 2927 1252 2984 cartam

154 3017 235 3086 illum
263 3021 331 3086 nisi
359 3028 490 3085 tuntum
520 3020 605 3106 quod
635 3021 757 3087 fectum
787 3021 851 3087 fuit
879 3031 1024 3108 tompore
1054 3021 1253 3088 infirmitatis

154 3123 246 3210 ipsius
275 3125 438 3191 Johannis
459 3133 494 3188 et
515 3125 682 3212 cognitum
704 3125 768 3192 fuit
790 3126 876 3212 quod
897 3126 962 3192 fuit
983 3148 1112 3212 compos
1137 3125 1189 3190 sui
1218 3135 1252 3192 et

153 3225 228 3293 boue
241 3229 398 3294 memorie
414 3228 543 3314 quando
557 3237 647 3294 certe
660 3229 717 3294 illa
731 3229 877 3294 confecto
890 3228 962 3294 fuit.
1003 3228 1251 3296 Considerotum

153 3339 197 3395 cst
223 3329 312 3418 quod
341 3330 455 3396 Abbes
486 3339 541 3396 eet
570 3330 645 3397 inde
675 3331 744 3396 sine
774 3331 827 3398 die
856 3340 891 3398 et
920 3331 1006 3418 quod
1035 3333 1188 3400 Waoinus
1217 3345 1252 3400 et

153 3434 307 3502 Koterinn
327 3435 427 3502 nichil
454 3435 584 3522 capient
612 3458 671 3522 per
698 3435 798 3502 breue
827 3459 922 3503 suum
952 3445 987 3502 et
1016 3438 1103 3523 quod
1130 3438 1251 3506 donum

152 3537 190 3603 sit
203 3540 328 3606 stabile

211 3643 352 3708 Thomas
389 3639 603 3707 Norwicsnsis
640 3642 817 3729 Episcopus
853 3643 1070 3710 summonitus
1105 3645 1170 3710 fuit
1209 3645 1251 3712 ad
1319 3659 1340 3699 '⁰

153 3746 406 3834 respondendum
435 3745 578 3811 Roberto
606 3746 673 3812 filio
694 3745 833 3812 Wolteri
862 3746 902 3812 de
924 3747 1043 3834 placito
1065 3771 1164 3835 quere
1186 3773 1251 3816 non

153 3847 278 3916 admisit
301 3849 454 3916 clericum
483 3871 579 3915 suum
607 3849 650 3914 od
675 3848 842 3915 ecclesiam
870 3848 911 3914 de
941 3849 1180 3937 Berningehsm
1209 3851 1251 3917 od

153 3953 423 4038 presentucionem
452 3951 553 4038 ipsius
579 3952 713 4018 Roberti
735 3953 827 4018 cuius
850 3953 982 4018 ecclesie
1004 3953 1251 4020 oduooecionem

153 4056 234 4122 idem
262 4057 426 4124 Robertus
455 4057 658 4144 recuperauit
687 4079 793 4124 corum
823 4057 1008 4123 iusticinriis
1034 4059 1122 4145 opud
1143 4059 1250 4124 West·

154 4160 379 4226 monesterium
407 4181 521 4226 uersus
550 4159 761 4226 Eustachium
784 4159 824 4225 de
846 4159 1085 4248 Bemingeham
1108 4169 1142 4227 et
1164 4161 1251 4227 unde

185 4360 374 4490 ¹gignmg
431 4425 590 4504 EUM
723 4360 822 4424 Burgh.
852 4361 1140 4414 Observethcthereis
1150 4361 1249 4426 sinog-

187 4441 479 4556 semiustos.
481 4425 674 4550 „aestu
724 4431 899 4542 titum
855 4493 912 4544 0.11
920 4427 1236 4508 '‘⁹⁸¹’i‘¹¹¹³‘¹¹⁹⁰²‘⁸⁰
