3360 5236
332 413 394 474 582
627 421 778 482 rnrnnr,
801 420 864 470 nn.
890 407 983 481 1233,
1007 419 1070 470 nr.
1095 402 1144 470 17.

207 611 280 678 759,
395 596 507 662 Assisa
532 595 625 662 uenit
648 593 854 680 recognitura
879 592 952 679 quis
978 591 1156 656 aduooatus
1181 599 1326 678 ternpore
1352 591 1442 678 pacis

212 711 274 750 Μ·
331 698 534 787 presentauit
557 697 708 764 ultimam
730 719 899 784 personam
922 717 985 782 que
1005 703 1134 760 mortua
1151 703 1201 760 est
1216 695 1257 760 ad
1273 695 1446 764 eeclesiam.

331 792 372 868 de
389 801 618 888 Kuluingtona
630 823 694 888 que
709 808 805 866 uacat
820 808 892 877 etc„
907 799 999 864 euius
1013 798 1260 864 aduocationem
1276 800 1442 866 Galfridus

333 904 373 968 de
391 902 534 989 Upsale¹
554 925 668 968 uersus
689 902 859 967 Oliuerum
882 900 923 964 de
945 900 1052 985 Busey
1067 907 1102 964 et
1124 899 1304 965 Robertum
1327 901 1442 987 Bussy.

332 1008 377 1072 Et
407 1007 559 1072 Oliuerus
588 1029 653 1071 non
682 1005 784 1083 uenit,
807 1012 858 1070 set
884 1004 1046 1070 Robertur
1069 1003 1162 1068 uenit
1188 1012 1223 1068 et
1248 1004 1328 1070 dicit
1353 1004 1442 1092 quod

333 1109 432 1174 nichil
454 1111 574 1174 elamat
595 1109 631 1174 in
652 1107 866 1173 aduoeaeione
888 1107 946 1171 illa
967 1113 1018 1170 sot
1037 1105 1117 1170 dicit
1131 1106 1218 1193 quod
1233 1115 1325 1172 tenet
1340 1108 1442 1174 eoele-

332 1213 413 1279 siam
439 1213 529 1278 illam
553 1213 593 1278 de
617 1213 701 1278 dono
725 1211 967 1299 Archiepiseopi
990 1211 1199 1276 Eboraeensis
1220 1212 1277 1298 qui
1299 1211 1389 1276 illam
1410 1212 1443 1276 ei

332 1317 423 1383 dedit
438 1317 615 1382 autoritate
630 1316 765 1394 concilii,
778 1323 812 1380 et
827 1315 992 1381 Galfridus
1006 1337 1071 1379 non
1085 1323 1194 1402 potest
1208 1315 1269 1380 hoe
1283 1314 1441 1380 dedicere.

334 1423 377 1486 Et
404 1421 477 1486 ideo
502 1419 740 1486 consideratum
767 1427 818 1484 est
843 1418 930 1505 quod
955 1419 1110 1484 Rober‘tua
1132 1418 1208 1484 inde
1234 1417 1303 1483 sine
1326 1417 1380 1482 die
1406 1427 1442 1482 et

333 1524 497 1591 Galfridus
520 1523 555 1588 in
578 1522 802 1589 misericordia
847 1523 892 1586 Et
913 1522 992 1608 quia
1014 1521 1166 1586 Oliuerus
1185 1543 1251 1608 non
1270 1520 1364 1586 uenit
1378 1530 1441 1586 etc.

332 1637 367 1694 et
381 1628 598 1694 summonitus
620 1635 679 1692 ete
695 1626 768 1692 ideo
790 1633 1070 1691 resummoneatur
1091 1622 1177 1711 quod
1198 1625 1242 1688 sit
1261 1646 1282 1690 a
1303 1623 1356 1688 die
1378 1633 1439 1690 ete

333 1732 425 1796 Idem
450 1731 519 1796 dies
543 1739 602 1796 eto.
627 1729 684 1816 qui
710 1736 873 1794 uenerunt
899 1735 934 1794 et
959 1727 1139 1792 uioeeomes
1164 1725 1283 1790 habeat
1308 1748 1441 1812 corpora

332 1836 476 1902 aliorum.
523 1835 547 1920 [²
556 1835 617 1900 Ille
636 1835 693 1920 qui
715 1833 824 1898 tenuit
845 1841 885 1898 ut
907 1853 1043 1918 persona
1064 1830 1133 1896 sine
1155 1830 1208 1896 die
1230 1839 1265 1896 et
1287 1830 1442 1896 Oliuerus

331 1940 387 2026 qui
401 1939 478 2004 feeit
498 1962 531 2004 se
551 1947 723 2024 patronum
746 1936 998 2002 resummonitus
1020 1935 1082 2000 suit
1105 1943 1140 1999 et
1161 1935 1315 2020 processit
1336 1935 1439 2002 assisa

332 2065 444 2108 uersus
460 2043 556 2128 eum]

425 2389 486 2453 DE
516 2388 725 2454 TERMINO
755 2386 1020 2452 TRINITATIS
1049 2385 1181 2452 ANNO
1211 2384 1341 2451 XVIJ0.

273 2689 279 2702 ι
396 2608 552 2674 Ricardus
567 2609 597 2672 le
613 2608 738 2674 Archer
752 2608 873 2695 optulit
893 2631 927 2672 se
943 2608 1021 2694 iiij‘a
1038 2607 1091 2672 die
1112 2629 1224 2673 uersus
1239 2607 1443 2673 Willelmum

331 2712 371 2778 de
388 2713 567 2778 Brikeuilla
582 2713 638 2799 qui
654 2735 687 2778 se
703 2713 880 2778 essoniauit
900 2713 940 2778 de
962 2715 1047 2778 malo
1067 2713 1143 2778 lecti
1166 2735 1278 2778 uersus
1300 2735 1375 2776 eum
1399 2713 1442 2777 de

331 2815 450 2901 placito
465 2823 549 2880 terre
564 2823 623 2880 etc.

395 2921 440 2984 Et
454 2919 639 2984 Willelmus
658 2941 723 2983 non
744 2918 846 2996 uenit,
862 2941 921 2984 nee
942 2919 1063 2984 milites
1085 2919 1142 3006 qui
1163 2920 1309 2998 fecerunt
1331 2920 1441 2984 uisum

330 3021 370 3088 de
386 3045 423 3088 eo
438 3023 501 3088 nisi
516 3023 662 3110 Rogerus
677 3022 718 3088 de
733 3023 836 3088 Vileis
855 3023 935 3102 etu’,
950 3032 1086 3111 quartus
1100 3024 1193 3090 miles
1213 3048 1278 3090 non
1297 3024 1391 3090 uenit
1405 3034 1442 3089 et

330 3127 402 3191 ideo
417 3125 595 3191 uicecomes
610 3125 729 3190 habeat
744 3148 859 3212 corpus
873 3125 944 3191 eius
958 3150 978 3191 a
992 3127 1045 3192 die
1061 3135 1120 3194 ete.
1137 3126 1179 3192 ad
1199 3127 1440 3193 testificandum

331 3237 391 3294 ete.
407 3227 449 3292 si⁴
463 3227 612 3292 dominus
628 3227 790 3292 Robertus
804 3228 845 3292 de
861 3229 1043 3294 Lexintona
1056 3229 1147 3316 prius
1157 3229 1270 3294 ueniat
1281 3230 1316 3294 in
1331 3239 1442 3317 partes

330 3333 411 3409 illas,
426 3339 460 3396 et
475 3331 502 3396 si
517 3331 644 3396 uenerit
658 3341 738 3396 tunc
753 3333 889 3396 ueniant
904 3355 1015 3397 omnes
1030 3333 1086 3420 iiij.
1104 3355 1210 3399 coram
1231 3355 1269 3399 eo
1289 3335 1331 3399 ad
1346 3334 1442 3400 testi-

331 3435 494 3500 ficandum
509 3443 569 3499 etc.

396 3539 553 3604 Ricardus
573 3539 603 3603 le
627 3540 759 3625 Harpur
780 3548 814 3605 et
838 3541 953 3606 Emma
975 3565 1056 3606 uxor
1077 3543 1147 3607 eius
1169 3551 1203 3607 et
1225 3543 1336 3631 Agnes
1355 3565 1444 3608 soror

331 3642 432 3729 ipsius
448 3643 563 3706 Emma
577 3664 636 3728 per
650 3651 832 3708 attomatos
846 3666 921 3709 suos
941 3653 1060 3732 petunt
1082 3669 1194 3710 uersus
1213 3646 1236 3711 J
1237 3647 1378 3712 erlonem
1399 3645 1441 3712 de

332 3747 443 3811 Monte
460 3745 599 3833 Begonis
614 3744 688 3810 dim.
705 3746 786 3834 uirg.
803 3757 887 3813 terre
902 3772 976 3814 eum
992 3759 1072 3836 pert.
1089 3751 1124 3816 in
1141 3751 1324 3816 Shireduna
1338 3761 1377 3816 ut
1388 3751 1442 3817 ius

330 3851 473 3936 ipsarum
490 3851 604 3915 Emma
620 3858 654 3916 et
669 3852 817 3937 Agnetis,
833 3861 867 3917 et
882 3853 916 3918 in
937 3877 1034 3940 quam
1054 3877 1119 3919 non
1139 3855 1240 3920 habet
1259 3855 1440 3942 ingressum

330 3953 393 4017 nisi
422 3975 480 4038 per
508 3952 693 4017 Johannem
724 3954 765 4019 de
792 3955 918 4021 Baioeis
944 3965 1071 4043 patrem
1096 3958 1240 4044 ipsarum
1264 3958 1379 4024 Emme
1406 3969 1442 4024 et

330 4058 477 4146 Agnetis,
502 4057 593 4122 ouius
622 4058 756 4123 heredes
785 4059 854 4146 ipse
884 4070 969 4140 sunt,
993 4063 1049 4150 qui
1075 4063 1165 4127 illam
1193 4063 1223 4127 ei
1249 4063 1372 4128 dimisit
1398 4065 1441 4129 ad

365 4241 381 4274 ¹·
393 4243 492 4306 Supply
503 4246 605 4292 olonwt.
911 4245 972 4296 does
983 4250 1039 4297 not.

364 4307 446 4358 ’The
463 4307 545 4358 words
562 4308 654 4358 within
672 4311 700 4373 []
718 4325 761 4360 are
776 4309 859 4362 added
943 4313 1041 4361 ‘Corn
1065 4315 1124 4364 atri.
1172 4313 1318 4377 Lexington
1345 4330 1398 4365 was
1425 4331 1442 4364 a

332 4374 366 4436 by
378 4373 422 4422 the
434 4377 580 4424 annotator.
909 4377 1001 4440 indge;
1018 4378 1058 4429 ob.
1074 4380 1147 4429 1250.

365 4438 375 4470 ²
392 4437 473 4488 Three
485 4438 592 4502 knights
600 4455 703 4503 appear,
716 4439 759 4490 the
769 4441 857 4491 fourth
