3276 5234
357 433 421 502 270
655 449 796 510 urrisu,
819 449 882 498 nn.
909 434 1002 509 1229,
1024 447 1086 497 nn
1112 434 1160 496 13.

354 621 395 686 xl
412 645 474 688 aar.
490 630 576 688 terre
591 646 666 688 eum
681 631 761 710 pert.
783 623 818 688 in
841 623 1010 688 Waslrerle
1030 629 1069 687 ut
1090 622 1142 686 ius
1161 643 1256 686 suum
1273 629 1307 686 et
1328 621 1363 686 in
1383 642 1463 706 quas

355 725 443 790 idom
459 725 644 791 Willelmus
657 750 723 792 non
738 727 838 792 habet
853 727 1035 814 ingressum
1046 725 1109 790 nisi
1124 725 1303 811 peripsum
1318 724 1465 789 Rannul-

235 855 238 863 ·
356 831 424 896 fum
440 831 498 918 qui
512 831 585 896 illas
607 831 638 896 ei
652 831 777 895 dimisit
792 830 834 894 ad
853 831 1060 894 uoluntatem
1080 851 1172 894 suam
1193 837 1251 893 eto.
1268 828 1355 893 unde
1375 827 1463 892 idem

355 935 540 1000 Rannulfus
555 934 651 1000 dioit¹
674 943 821 1020 tempore
837 933 937 1020 Regis
952 932 1088 998 Henrioi
1103 933 1161 1018 qui
1176 955 1262 998 nuno
1278 939 1327 997 est
1342 941 1463 996 terram

355 1038 446 1102 illam
476 1037 507 1102 ei
536 1037 673 1102 tradidit
702 1036 744 1101 ad
774 1037 979 1101 uoluntatem
1009 1058 1101 1101 suam
1131 1042 1166 1101 et
1202 1035 1278 1101 inde
1315 1035 1465 1122 producit

356 1147 485 1206 sectam.

422 1244 466 1307 Et
481 1243 667 1308 Willelmus
681 1266 740 1329 per
754 1251 958 1308 attomatum
972 1265 1068 1308 suum
1083 1242 1177 1308 uenit
1198 1251 1232 1307 et
1251 1243 1398 1308 defendit
1413 1242 1465 1307 ius

356 1369 452 1412 suum
468 1347 602 1412 tenendi
622 1347 658 1411 in
677 1347 839 1412 dominico
857 1356 891 1411 et
915 1347 1099 1433 predictum
1122 1349 1303 1434 ingressum
1328 1355 1363 1412 et
1384 1346 1467 1412 dicit

357 1449 443 1535 quod
467 1449 632 1536 predictus
656 1449 841 1514 Rannulfus
866 1471 942 1514 eum
969 1449 1116 1514 feoffauit
1141 1449 1293 1514 detersa
1321 1449 1378 1513 illa
1407 1471 1467 1534 per

357 1563 480 1618 cartam
510 1575 603 1617 suam
640 1560 691 1616 set
728 1552 839 1618 amisit
869 1561 991 1617 cartam
1021 1552 1111 1616 illam
1141 1560 1176 1616 et
1206 1552 1283 1617 feeit
1320 1551 1352 1616 ei
1388 1552 1466 1621 inde

358 1657 547 1744 homagium
561 1679 667 1733 suum,
682 1663 717 1721 et
732 1656 819 1742 quod
834 1657 883 1721 ita
897 1657 941 1722 sit
955 1657 1050 1742 ponit
1065 1678 1099 1720 se
1114 1656 1149 1720 in
1165 1679 1317 1743 magnam
1332 1656 1467 1721 assisam

358 1771 393 1826 et
416 1761 501 1848 petit
524 1761 779 1847 recognioionem
805 1761 886 1840 fieri,
908 1769 1022 1826 utrum
1048 1761 1117 1846 ipse
1144 1761 1249 1825 maius
1272 1761 1323 1825 ius
1345 1761 1468 1824 habeat

358 1863 491 1930 tenendi
507 1873 626 1928 terram
646 1865 736 1929 illam
758 1864 798 1929 de
822 1864 892 1951 ipso
916 1864 1089 1942 Rannulfo,
1102 1885 1146 1928 an
1170 1864 1258 1928 idam
1281 1865 1468 1929 Rannulfus

358 1969 492 2034 tenendi
507 1975 627 2032 terram
643 1968 732 2032 illam
748 1969 783 2033 in
799 1968 983 2034 dominioo¹.

423 2074 468 2138 Et
483 2073 666 2139 Rannulfus
682 2073 742 2138 hoo
758 2081 865 2138 totum
888 2073 1035 2138 defendit
1055 2081 1089 2138 et
1104 2073 1190 2160 quod
1205 2097 1373 2161 nunquam
1387 2097 1467 2138 eum

358 2177 505 2243 feoffauit
519 2177 560 2242 de
575 2185 662 2242 terra
675 2179 732 2243 illa
747 2202 806 2244 nec
821 2187 943 2244 cartam
966 2179 997 2244 ei
1016 2179 1093 2245 inde
1116 2179 1203 2257 fecit,
1218 2187 1252 2244 et
1276 2179 1351 2245 inde
1371 2179 1469 2266 ponit

358 2303 392 2346 se
408 2303 505 2366 super
518 2280 666 2367 patriam,
678 2281 705 2346 si
720 2290 808 2346 secta
819 2304 879 2347 sua
893 2282 923 2346 ei
935 2305 1000 2346 non
1012 2283 1132 2347 sufficit
1144 2291 1202 2348 eto
1216 2283 1468 2349 Consideratum

359 2391 410 2448 est
433 2383 520 2470 quod
543 2406 663 2471 magna
685 2385 786 2448 assisa
809 2383 875 2449 fiat.
921 2385 965 2450 Et
989 2386 1069 2450 ideo.

425 2484 604 2550 ⁸Isemania
633 2508 696 2572 que
726 2487 790 2550 fuit
821 2509 902 2552 uxor
931 2488 1076 2574 Philippi
1106 2489 1136 2553 le
1165 2489 1351 2554 Araeueske
1379 2489 1470 2575 petit

361 2611 473 2654 uersus
495 2588 676 2654 Dionisiam
706 2587 747 2653 de
776 2590 911 2676 Tydeby
940 2613 1040 2656 unam
1070 2601 1247 2656 maroatam
1277 2591 1449 2677 redditus!

360 2713 435 2756 oum
468 2691 677 2778 pertinenciis
710 2693 745 2756 in
783 2692 1010 2779 Suhamptona
1040 2701 1078 2759 ut
1107 2693 1218 2758 dotem
1248 2717 1350 2774 suam,
1379 2694 1469 2760 unde

359 2795 525 2882 pradictus
541 2795 712 2882 Philippus
726 2797 889 2882 quondam
905 2797 957 2862 uir
970 2821 1049 2863 suus
1059 2806 1133 2864 eta·

425 2899 469 2963 Et
496 2899 646 2964 Dionisia
668 2899 762 2964 uenit
784 2908 819 2964 et
841 2900 921 2965 dioit
944 2900 1030 2986 quod
1052 2924 1116 2966 non
1139 2902 1238 2968 debet
1259 2903 1335 2968 inde
1357 2903 1469 2968 dotem

359 3002 489 3079 habere,
509 3003 587 3089 quia
606 3003 678 3088 ipsa
698 3002 762 3067 fuit
784 3025 866 3068 uxor
886 3003 989 3090 ipsius
1012 3005 1164 3092 Philippi,
1179 3013 1214 3071 et
1235 3030 1300 3071 non
1322 3006 1472 3092 predicta

360 3106 522 3170 Isemania
537 3114 570 3170 et
586 3106 647 3172 hoc
662 3107 745 3172 bene
765 3115 860 3192 patet
883 3108 961 3195 quia
981 3109 1053 3195 ipsa
1074 3109 1109 3174 in
1132 3111 1221 3175 curia
1242 3111 1470 3176 cristianitatis

360 3210 420 3276 hoo
433 3211 541 3296 ipsum
556 3210 709 3296 probauit
724 3233 831 3276 coram
846 3212 1009 3278 iudicibus
1023 3212 1192 3302 delegatis.

422 3313 469 3377 Et
496 3313 660 3378 Isemania
685 3313 815 3399 quesita
841 3315 971 3401 quando
997 3317 1061 3381 fuit
1083 3317 1189 3382 eidem
1215 3317 1366 3404 Philippo
1395 3318 1470 3384 des-

359 3425 503 3504 ponsata,
531 3417 610 3482 dicit
640 3417 726 3504 quod
755 3441 784 3483 x.
815 3419 893 3483 anni
922 3421 1025 3506 elapsi
1048 3429 1145 3486 erunt
1170 3422 1275 3507 primo
1304 3423 1356 3488 die
1387 3423 1468 3510 Maij

359 3523 505 3609 proximo
520 3531 660 3587 uenturo
675 3522 761 3608 quod
776 3523 970 3610 desponsata
984 3525 1048 3590 fuit
1063 3534 1144 3612 aput
1159 3525 1393 3612 Wyntoniam⁴.

426 3627 470 3690 Et
496 3625 655 3711 Dyonisia
678 3626 763 3710 petit
789 3625 849 3690 hoo
874 3627 937 3691 sibi
965 3628 1104 3705 allooari,
1128 3637 1162 3693 et
1184 3629 1264 3694 dicit
1287 3629 1373 3715 quod
1397 3629 1473 3715 ipsa

360 3728 555 3814 desponsata
570 3727 634 3791 fuit
648 3727 701 3791 die
718 3727 748 3792 S.
765 3727 896 3793 Andree
912 3729 1056 3814 proximo
1076 3737 1153 3794 ante
1174 3753 1325 3816 guerram
1344 3739 1470 3795 motam

360 3833 447 3898 inter
471 3832 656 3897 Johannem
681 3831 806 3919 Regem
833 3841 867 3898 et
893 3833 1028 3898 barones
1054 3857 1128 3900 suos
1154 3833 1297 3922 Anglie⁸‚
1327 3843 1361 3900 et
1390 3835 1470 3902 inde

394 4007 403 4040 ¹
422 4007 521 4072 supply
532 4009 606 4070 quod.
941 4009 964 4058 is
975 4008 1033 4059 that
1045 4008 1089 4058 the
1100 4012 1193 4060 tenant
1204 4007 1233 4058 in
1245 4024 1261 4060 a
1271 4009 1329 4059 writ
1344 4011 1374 4060 ol
1391 4013 1472 4074 entry

394 4073 542 4131 ’Brsetom
551 4072 570 4121 f.
578 4074 635 4132 ³19,
643 4072 706 4122 oitss
715 4073 781 4122 from
789 4087 823 4122 an
832 4087 890 4136 syra
941 4073 964 4123 is
986 4074 1093 4124 allowed
1116 4079 1143 4124 to
1165 4077 1213 4138 put
1234 4073 1342 4124 himself
1363 4089 1398 4125 on
1422 4075 1471 4126 tha

362 4139 391 4188 of
405 4137 521 4187 william
536 4137 727 4199 Raleigh(date
741 4141 788 4188 not
803 4137 888 4202 given)
940 4139 1023 4202 grand
1050 4139 1141 4189 assiae.
1192 4139 1266 4204 This,
1296 4139 1403 4192 besam
1435 4141 1472 4192 he

362 4202 693 4266 inNorthamptonshireor
704 4202 888 4253 Northumber·
939 4204 1029 4266 pleads
1040 4218 1057 4254 a
1067 4205 1210 4256 leoflment.

361 4269 424 4319 land
441 4283 458 4319 a
474 4283 533 4318 oasa
551 4267 664 4318 between
684 4267 758 4318 Peter
774 4267 805 4317 de
827 4269 888 4318 Gal·
971 4268 1129 4318 ³A.m.1a.
1282 4293 1284 4296 -

362 4335 472 4396 dington
489 4332 542 4383 and
552 4331 593 4382 W.
605 4333 637 4382 de
652 4333 750 4382 Breton
765 4332 849 4382 which
865 4333 889 4382 is
971 4334 982 4366 ⁴
999 4335 1095 4398 lMay‚
1107 4336 1178 4386 1219.

362 4413 422 4462 very
438 4398 491 4447 like
507 4397 570 4455 this,
588 4397 641 4448 aud
656 4397 718 4447 here
734 4397 789 4447 also
803 4398 844 4447 W.
855 4398 888 4448 de
971 4399 983 4430 ⁸
999 4401 1031 4449 30
1043 4401 1107 4450 Nor.
1121 4401 1193 4452 1214.

362 4463 595 4514 Brotonistenant.
629 4463 797 4514 Thenotable
813 4463 888 4526 point
