3360 5236
48 627 134 692 716.

493 464 643 525 remur,
666 464 729 512 nn.
756 449 932 524 112111
958 450 985 514 9.
1231 452 1293 514 549

252 632 425 699 ¹Henricus
440 632 570 698 Biount’
584 633 669 718 petit
684 653 798 698 uersus
812 633 996 699 Johannem
1012 633 1052 700 (11
1071 635 1244 722 Stepinges
1259 645 1294 702 et
1350 667 1414 707 uras.

187 741 293 806 Gilam
310 759 443 804 uxorem
460 737 530 802 eius
545 745 611 801 tres
625 737 679 802 sol.
697 737 798 801 terre'
812 737 959 802 redditus
977 747 1012 804 et
1032 739 1112 804 duas
1132 763 1192 807 acr.
1209 749 1293 806 terre

186 868 260 910 cum
291 851 372 930 pert.
404 843 438 906 in
469 841 639 907 Stanmere
669 849 704 906 11
741 863 854 907 uersus
890 842 1074 908 Johannem
1112 844 1294 910 Walerand'

185 957 302 1036 quater
316 945 437 1035 uiginti
451 968 511 1010 ecr.
527 954 613 1010 terre
627 968 702 1012 cum
718 954 798 1031 pert.
815 946 849 1010 in
865 945 978 1011 eadem
994 946 1073 1011 uilla
1087 956 1125 1012 ut
1137 947 1188 1012 ius
1204 957 1263 1014 eto.

251 1054 295 1118 Et
315 1051 481 1119 Johannes
503 1050 543 1115 de
567 1050 741 1137 Stepinge's
759 1059 793 1114 et
814 1050 889 1116 Gila
908 1073 989 1116 uxor
1009 1051 1078 1116 eius
1102 1053 1239 1118 ueniunt
1259 1061 1293 1117 et

185 1168 303 1224 uocant
325 1157 400 1222 inde
423 1157 463 1222 ad
482 1163 661 1220 warantum
684 1155 884 1220 Willelmum
907 1155 948 1220 dc
971 1156 1110 1242 Reymes
1132 1156 1236 1222 fitium
1259 1167 1293 1222 11

185 1261 337 1329 heredem
357 1260 502 1348 predicte
526 1259 598 1325 Gile
625 1281 683 1344 per
707 1281 803 1344 quem
830 1259 899 1345 ipse
924 1258 1031 1324 tenet⁸
1053 1269 1172 1325 terram
1194 1261 1292 1326 illam.

186 1367 341 1432 Habeant
356 1387 431 1430 eum
446 1364 506 1429 tali
520 1363 573 1429 die
590 1371 648 1428 etc.
665 1385 723 1449 per
737 1364 895 1429 auxilium
911 1365 1007 1430 curie.

251 1471 295 1535 Et
309 1471 332 1535 J
333 1469 475 1534 ohannes
489 1468 623 1533 Waler'⁴
637 1468 730 1533 uenit
745 1477 779 1532 et
793 1468 972 1554 dicitquod
987 1493 1051 1535 non
1067 1479 1158 1536 tenet
1174 1481 1292 1537 terram

184 1575 274 1640 illam
290 1574 352 1638 nisi
367 1581 405 1638 ut
428 1580 535 1636 custos
555 1580 590 1635 et
610 1571 770 1636 firmarius
791 1573 890 1638 Lucie
913 1575 1026 1639 matris
1048 1597 1104 1638 sue
1128 1575 1220 1640 cuius
1243 1584 1292 1640 est
1305 1586 1430 1672 gyglggon

185 1689 273 1744 terra
294 1678 352 1742 illa
377 1686 411 1742 11
440 1675 493 1740 cui
519 1675 630 1740 eadem
661 1684 748 1740 terra
769 1677 924 1741 remansit
954 1700 1011 1763 per
1032 1679 1130 1744 finem
1160 1679 1291 1744 factum.
1305 1681 1437 1766 {tg’gffim

186 1783 304 1848 Postea
317 1781 397 1846 dicit
411 1778 497 1865 quod
513 1787 617 1844 mater
631 1801 691 1844 sua
705 1779 795 1844 illam
820 1780 851 1844 ei
868 1779 1024 1845 concessit
1046 1789 1084 1844 ut
1105 1780 1216 1846 heredi
1234 1804 1292 1846 suo
1305 1773 1428 1822 ΜΝ

186 1897 220 1952 11
246 1886 391 1951 defendit
415 1885 466 1949 ius
492 1883 594 1969 ipsius
618 1883 753 1950 Henrici
778 1907 865 1948 nune
889 1894 923 1948 et
945 1885 1024 1950 alias
1048 1895 1117 1960 etc,
1140 1893 1190 1950 set
1212 1885 1292 1950 dicit

187 1990 273 2078 quod
299 1990 404 2055 eidem
428 1988 570 2054 Henrioo
592 2009 657 2054 non
679 1987 778 2052 debet
800 1987 875 2052 inde
899 1987 1099 2074 respondere,
1121 1989 1198 2074 quia
1219 1989 1293 2053 finis

187 2095 293 2159 factus
308 2094 371 2158 fuit
386 2093 427 2157 de
443 2091 556 2157 eadem
572 2092 708 2156 terrain
723 2090 813 2155 ouria
828 2091 869 2154 H.
892 2090 992 2176 Regis
1012 2091 1067 2155 eui
1083 2091 1176 2156 Dom.
1193 2092 1292 2179 Regis

186 2219 270 2262 anno
307 2220 378 2260 xxx.
417 2196 504 2260 inter
537 2194 738 2258 Willelmum
770 2193 811 2258 de
845 2194 984 2278 Reymes
1018 2215 1117 2258 auum
1154 2195 1292 2280 predicti

186 2301 343 2367 Willelmi
358 2309 392 2366 et
407 2299 524 2365 Waler’
543 2309 671 2385 patrem
695 2299 796 2385 ipsius
814 2299 973 2364 Johannis
994 2321 1052 2385 per
1074 2321 1170 2384 quem
1193 2300 1290 2366 finem

186 2416 271 2472 terra
292 2406 349 2471 illa
371 2404 525 2469 remansit
549 2403 655 2469 eidem
679 2403 794 2469 Waler'
818 2411 852 2468 et
875 2403 1048 2468 heredibus
1070 2403 1136 2468 suis
1159 2413 1194 2468 et
1215 2404 1290 2470 inde

185 2513 305 2597 profert
319 2509 545 2598 cirographum
565 2507 652 2594 quod
671 2508 730 2572 hoc
751 2517 897 2572 testatur.
944 2508 987 2572 Et
1010 2516 1158 2594 preterea
1179 2517 1291 2594 postea

184 2617 267 2681 adius
285 2616 358 2681 finis
378 2617 482 2680 factus
502 2615 566 2678 fuit
587 2614 627 2679 de
651 2614 764 2679 eadem
788 2623 874 2678 terra
896 2615 983 2678 inter
1003 2613 1137 2678 Luciam
1152 2622 1290 2679 matrem

185 2721 286 2807 ipsius
300 2719 460 2786 Johannis
474 2729 509 2785 et
523 2721 631 2805 ipsum
651 2719 835 2784 Johannem
858 2718 898 2783 de
921 2717 1034 2783 eadem
1054 2726 1141 2783 terra
1161 2727 1195 2784 et
1215 2719 1291 2784 inde

184 2825 306 2912 profert
321 2823 556 2911 cyrographum
571 2845 656 2887 enno
671 2823 802 2909 quarto⁶
816 2821 902 2908 quod
917 2822 977 2888 hoc
992 2823 1079 2888 idem
1101 2830 1243 2888 testatur
1258 2833 1291 2889 et
1305 2846 1426 2933 parm

184 2929 311 2994 desicut
338 2927 499 2992 Henricus
529 2949 593 2990 non
623 2927 774 3012 apposuit
804 2926 956 2991 olamium
986 2948 1082 2991 suum
1112 2948 1171 2992 nec
1200 2934 1291 2992 ante·
1305 2939 1441 3026 111ὲῇ11131-

185 3053 323 3096 cessores
348 3029 399 3094 sui
423 3028 575 3094 elemium
599 3051 694 3094 suum
718 3036 938 3114 apposuerunt
960 3051 1025 3092 non
1047 3028 1121 3092 uult
1143 3029 1173 3092 ei
1196 3051 1293 3114 super
1304 3034 1408 3120 ‘'gffi
1416 3081 1446 3120 fn,

185 3135 282 3199 finem
298 3133 390 3198 illum
405 3131 597 3218 respondere
612 3131 675 3197 nisi
690 3132 779 3198 curia
793 3131 1052 3197 considereuerit.
1131 3135 1133 3140 ’
1304 3091 1456 3223 111111θὲῗὲ

1304 3223 1413 3269 11111111.
1421 3221 1455 3261 Ad

1305 3279 1338 3308 111
1369 3269 1382 3307 (1
1420 3297 1425 3315 ,

251 3239 294 3302 Et
310 3237 471 3302 Henricus
485 3236 565 3301 dicit
580 3237 666 3322 quod
687 3237 829 3323 primum
850 3235 1085 3324 cyrographum
1106 3257 1170 3300 nou
1193 3235 1292 3302 debet
1340 3279 1367 3306 un
1384 3279 1419 3307 um

186 3343 217 3407 ei
232 3363 345 3408 nocere
361 3341 438 3429 quia
452 3341 521 3428 ipse
537 3349 617 3406 tunc
632 3341 696 3406 fuit
710 3341 794 3406 infra
809 3349 940 3406 etatem.
985 3340 1036 3404 De
1057 3338 1197 3404 secundo
1212 3339 1292 3405 dicit
1305 3315 1435 3448 iffiigr

185 3445 376 3614 (yroddtuny
404 3445 467 3510 fuit
496 3446 531 3510 in
555 3446 690 3511 seruicio
716 3446 807 3510 Dom.
839 3445 940 3531 Regis
969 3445 1057 3510 ultra
1088 3466 1175 3508 mare
1205 3444 1292 3530 apud
1305 3455 1428 3550 yyyygom

220 3572 260 3615 en
284 3572 336 3614 om
361 3602 367 3612 .
1356 3575 1369 3603 ο

250 3653 294 3717 Et
324 3652 490 3718 Johannes
519 3652 599 3718 dicit
629 3652 714 3738 quod
744 3660 888 3738 tempore
911 3651 1008 3738 primi
1038 3651 1228 3738 cyrographi
1258 3659 1292 3716 11
1304 3611 1449 3744 {yfiffiet

186 3759 318 3824 secundi
332 3767 367 3823 et
381 3759 473 3823 tercii
489 3757 574 3844 quod
590 3759 710 3844 profert
725 3757 766 3822 de
785 3766 930 3843 tempore
953 3755 1083 3821 Ricardi
1104 3755 1204 3842 Regis
1228 3755 1291 3819 fuit
1304 3751 1456 3883 ffifflggffw‘}

1417 3799 1446 3837 rur

1342 3855 1367 3883 us
1375 3848 1396 3884 11

220 3909 275 3962 ¹A.
295 3923 331 3958 m.
352 3911 383 3969 4;
407 3907 437 3958 B.
455 3923 491 3958 m.
509 3909 533 3961 4.
576 3907 712 3958 Thiscase
794 3907 893 3958 8(1ο11.
907 3909 958 3970 ipsi
970 3914 1061 3964 terrem,
1073 3906 1103 3955 A.
1116 3905 1147 3954 Β.

186 3973 270 4024 which
287 3973 418 4037 evidently
437 3973 576 4024 intereoted
599 3973 643 4024 the
665 3988 711 4024 an·
795 3973 806 4005 ⁴
825 3974 968 4031 1111111111,
981 3972 1012 4020 Β.
1166 3971 1169 3978 “

186 4038 324 4090 notatoria
341 4037 415 4100 given
431 4039 466 4102 by
477 4039 598 4096 Braoton,
617 4040 634 4088 f.
653 4039 709 4100 436,
795 4038 805 4068 ⁶
822 4039 1049 4100 11191111111111,
1067 4037 1097 4085 Α.
1127 4037 1149 4084 Β
1166 4035 1236 4098 gives
1255 4049 1291 4088 no
1303 4031 1418 4116 meropia

186 4105 399 4167 etgreatlength.
426 4103 712 4168 'I'heplaintifi'sname
763 4103 822 4153 date
839 4103 891 4153 and
908 4099 1289 4151 inAthedateisinterlinod.
1303 4078 1412 4164 {ffifdfi

186 4171 235 4220 has
246 4171 309 4220 been
321 4169 482 4220 transmuted
493 4169 550 4220 into
562 4171 710 4232 Horrebat·
763 4170 875 4218 Bronton
887 4167 935 4217 has
946 4169 1023 4228 Rcyr'e
1034 4167 1169 4216 Johounie.

186 4235 230 4286 the
241 4239 382 4285 annotator
393 4235 462 4298 gives
473 4235 495 4284 it
507 4249 535 4284 11
550 4237 692 4298 Baqueiote
698 4255 707 4291 ,·
795 4233 805 4265 ⁰
821 4234 872 4283 For
884 4233 928 4282 the
939 4232 1045 4294 phrases
1056 4233 1147 4280 elidere
1155 4232 1288 4291 acriorum,

186 4301 314 4358 11111111,
342 4301 382 4361 Α;
415 4302 549 4358 Baetim,
580 4299 610 4350 B.
664 4299 711 4349 See
762 4301 853 4348 elidere
870 4300 1044 4361 comptiorem,
1066 4311 1106 4345 111
1123 4295 1165 4346 Br.
1192 4295 1210 4344 f.
1232 4296 1281 4345 400

186 4365 409 4418 110110111394.
761 4363 842 4413 soob.

187 4496 193 4506 ι
218 4430 303 4482 ¹0m.
321 4438 386 4482 terre
402 4429 487 4484 which
510 4430 532 4480 is
555 4429 642 4483 struck
665 4433 711 4482 out
794 4428 805 4462 ⁷
823 4427 964 4482 Vendomo.

186 4511 214 4548 m
224 4499 254 4550 A.
