3314 5238
448 447 586 506 rssrrn,
607 446 672 496 ιιι).
697 433 789 506 1331,
812 448 874 496 ιιι.
900 437 948 494 15.
1189 437 1252 496 433

152 621 201 684 lib.
217 643 293 706 quas
307 619 427 685 debuit
448 620 591 707 predicto
612 621 734 685 Thome
755 622 795 686 de
821 621 931 708 Longo
955 622 1041 686 Villo
1064 632 1098 686 et
1120 646 1199 708 ques
1222 625 1251 688 ci

152 724 285 789 reddidit
300 733 340 788 ut
355 725 439 790 dicit
455 733 513 790 etc

214 829 255 892 Et
274 829 444 893 Walterus
463 829 556 894 uenit
576 843 611 894 et
631 829 711 895 dicit
731 831 816 917 quod
832 855 896 896 non
911 832 973 896 fuit
988 831 1194 896 athaehiatus
1216 843 1251 898 ot

155 931 325 1018 dicitquod
346 933 489 998 libenter
507 935 710 1019 computabit
725 959 799 1000 eum
815 935 929 1000 eodeni
944 931 1108 1000 Willeimo
1123 945 1158 1000 et
1177 935 1250 1000 ideo

155 1045 209 1100 etc
224 1045 261 1100 ut
275 1045 356 1100 tunc
371 1037 486 1100 ueniat
500 1045 638 1122 uterque
654 1037 796 1122 ipsorum
807 1038 986 1103 instructus
997 1038 1039 1103 nd
1049 1037 1249 1103 reddendum

155 1149 333 1224 compotum
349 1148 384 1204 et
398 1139 628 1225 recipiendum.

51 1244 63 1258 '
104 1290 110 1300 .
213 1243 349 1308 Mobilis
369 1266 432 1328 que
453 1243 517 1307 fuit
535 1265 617 1307 uxor
637 1243 781 1308 Eudonis
802 1245 959 1310 Eneband
980 1245 1101 1331 optulit
1121 1268 1154 1310 se
1170 1245 1247 1331 iiij‘0.
1325 1253 1356 1295 ι’

150 1347 200 1412 die
224 1369 340 1411 uersus
366 1347 546 1412 Robertum
574 1347 614 1412 de
638 1347 670 1410 la
697 1347 786 1411 More
810 1347 850 1412 de
874 1349 994 1434 placito
1020 1349 1119 1413 tercie
1148 1349 1250 1433 partis

149 1450 283 1514 duarum
298 1449 380 1536 uirg.
397 1458 481 1514 terre
502 1458 537 1514 et
556 1449 665 1514 dimid.
683 1473 756 1514 cum
777 1459 856 1536 pert.
873 1450 908 1514 in
923 1451 1131 1516 Wrokeshale
1152 1475 1249 1538 quam

148 1555 264 1619 clamat
287 1555 323 1618 in
345 1555 455 1619 dotem
480 1577 591 1619 uersus
615 1577 698 1620 eum.
745 1555 788 1618 Et
811 1557 973 1620 Robertus
994 1579 1059 1620 oon
1079 1557 1171 1620 uenit
1191 1581 1250 1623 nec

148 1659 319 1745 Philippus
340 1659 521 1724 Deneband
543 1682 641 1744 quem
663 1659 750 1724 idem
772 1660 934 1724 Robertus
956 1661 1036 1724 alies
1056 1661 1187 1726 uocauit
1209 1663 1250 1727 nd

149 1773 330 1827 warantum
340 1771 391 1827 set
402 1785 436 1826 se
448 1763 490 1828 nd
504 1763 605 1826 alium
620 1763 707 1827 diem
724 1764 906 1828 essoniauit.
946 1765 989 1828 Et
1005 1765 1077 1829 ideo
1092 1765 1250 1830 iudicium

148 1866 248 1934 tercia
262 1887 337 1952 pars
351 1865 500 1952 capietur
518 1865 553 1929 in
573 1887 706 1929 menum
727 1866 818 1929 Dom.
836 1866 936 1952 Regis
952 1866 1069 1952 etipse
1086 1867 1250 1931 Robertus

147 1978 392 2034 summoneatur
402 1969 488 2054 quod
499 1969 543 2032 sit
559 1977 618 2034 etc.
630 1968 672 2032 ad
687 1967 884 2033 audiendum
900 1969 1056 2034 iudicium
1072 1993 1166 2034 suum
1179 1969 1250 2035 etc.¹

19 2055 20 2066 ἵ
210 2073 320 2138 Alicio
352 2074 392 2138 de
428 2073 564 2137 Ersham
599 2073 796 2136 summonitu
830 2073 893 2136 fuit
922 2073 964 2138 ad
992 2073 1249 2189 respondendum
1298 2095 1381 2136 sussex.

147 2176 273 2241 Simoni
287 2176 329 2240 de
345 2175 548 2262 Echingbam
563 2198 627 2261 quo
642 2175 711 2240 iure
727 2175 829 2262 exigit
844 2199 1048 2240 communem
1063 2185 1135 2264 past
1138 2199 1193 2241 ure
1216 2176 1250 2241 in

146 2289 232 2344 term
262 2280 365 2366 ipsius
398 2280 577 2345 Simonis'
568 2303 603 2344 ιιι
607 2278 866 2448 tBedingherrr
867 2279 992 2344 desicut
1007 2279 1107 2398 idem
1139 2280 1251 2345 Simon
1264 2293 1391 2427 &mciii

145 2511 205 2554 nec
218 2490 291 2575 ipsa
306 2489 337 2554 ei
352 2489 525 2554 seruicium
541 2489 618 2554 facit
634 2511 732 2574 quare
748 2511 952 2554 communem
968 2489 1087 2554 habere
1103 2489 1227 2556 debeat.
1263 2445 1370 2612 {i'fflw
1358 2492 1370 2530 t
1371 2483 1414 2566 ,²:2¹¹

212 2594 256 2658 Et
271 2593 378 2659 Alicia
391 2617 450 2680 per
463 2603 665 2658 attomatum
681 2617 776 2658 suum
792 2593 884 2658 uenit
905 2602 939 2657 et
959 2593 1041 2658 dicit
1059 2593 1145 2680 quod
1165 2573 1314 2659 terrain
1262 2585 1368 2706 §dium
1298 2575 1409 2660 mrim

147 2699 187 2764 de
203 2699 407 2787 Bedingbam
428 2709 462 2764 et
482 2709 569 2764 terra
589 2700 628 2764 de
651 2700 787 2764 Ersham
807 2712 884 2762 sunt
904 2699 944 2763 de
964 2721 1029 2764 uno
1050 2698 1196 2763 seodot
1162 2707 1196 2763 et
1216 2699 1251 2763 in
1300 2667 1331 2708 μ’

147 2825 213 2866 una
233 2803 316 2866 uilla
335 2803 413 2888 quia
432 2811 503 2866 tots
522 2811 609 2866 terra
628 2803 685 2866 illa
704 2802 767 2866 fuit
789 2801 963 2887 aliquando
986 2802 1124 2868 Comitis
1146 2802 1249 2866 More-

146 2905 246 2992 toign’
262 2905 380 2991 etipse
401 2905 479 2970 dum
501 2905 593 2970 fuit'
585 2929 619 2970 ιιι
640 2929 738 2970 ιιιιιιιιι
757 2928 816 2969 suo
835 2905 926 2970 dedit
947 2905 1109 2991 quondam
1124 2913 1250 2990 purtem

146 3008 271 3072 Abbati
299 3007 462 3074 Gresten’⁸
487 3010 527 3073 de
550 3009 690 3095 quedem
715 3018 806 3095 purte
829 3009 974 3074 feoffouit
997 3009 1157 3094 quendam
1181 3009 1250 3071 unl-

146 3110 250 3172 letum
265 3133 363 3174 suurn
378 3119 413 3174 et
428 3110 497 3196 ipse
517 3111 658 3175 ualletus
678 3111 884 3196 postmodum
905 3111 995 3176 dedit
1016 3119 1142 3196 partem
1158 3133 1250 3176 suem

146 3213 270 3278 Abbati
287 3215 319 3279 S.
335 3215 456 3279 Albani
471 3223 506 3279 et
521 3215 589 3301 ipse
606 3215 722 3280 Comes
736 3215 910 3302 quamdam
925 3224 1052 3301 partem
1068 3215 1205 3280 retinuit
1216 3217 1250 3280 in

146 3343 245 3386 manu
271 3343 332 3384 sua
358 3343 460 3406 usque
486 3319 527 3383 ad
557 3320 678 3384 bellum
709 3320 749 3384 de
780 3320 1079 3407 Themarcbebray⁴
1108 3329 1142 3384 et
1173 3329 1251 3385 tunc

146 3423 275 3510 quando
300 3423 386 3488 idem
413 3423 529 3488 Comes
550 3423 680 3487 recessit
701 3445 721 3486 a
740 3423 803 3487 fide
819 3424 912 3488 Dom.
929 3423 1029 3510 Regis
1044 3423 1135 3487 dedit
1156 3423 1249 3488 Dom.

146 3528 216 3592 Rex
231 3527 459 3591 terramillam
475 3527 730 3591 antecessoribus
751 3527 910 3591 Gileberti
930 3529 970 3592 de
992 3529 1113 3614 Aquila
1132 3537 1166 3591 et
1189 3527 1250 3614 ipsi

146 3631 362 3694 feoffauerunt
383 3638 599 3694 antecessores
619 3629 720 3716 ipsius
742 3629 890 3707 Simonis
905 3640 939 3694 et
955 3653 1082 3716 semper
1101 3631 1251 3695 omnibus

146 3733 349 3820 temporibus
372 3733 437 3797 illis
463 3733 526 3797 fuit
552 3743 685 3820 pastura
711 3733 768 3796 illa
790 3734 968 3797 communis
991 3743 1024 3798 et
1047 3735 1142 3798 simul
1165 3757 1249 3798 com-

145 3837 398 3902 municauerunt
432 3845 467 3900 et
501 3836 607 3901 adhuc
637 3837 719 3900 bene
749 3837 895 3900 concedit
925 3837 1009 3922 quod
1039 3837 1107 3922 ipse
1138 3837 1250 3901 Simon

143 3941 362 4004 communicet
377 3941 411 4004 in
427 3949 514 4004 terre
528 3963 587 4005 sua
601 3942 650 4006 ita
664 3941 748 4027 quod
765 3942 836 4026 ipsa
851 3963 1054 4005 communem
1076 3941 1194 4006 habeat
1216 3942 1250 4006 in

176 4085 185 4117 ¹
203 4087 251 4136 See
262 4085 307 4135 Br.
319 4087 338 4135 f.
350 4087 398 4136 387
410 4087 462 4136 and
474 4087 539 4136 Gese
550 4089 606 4137 573.
724 4085 886 4148 neighbours.

175 4150 187 4182 ³
202 4151 326 4211 Brscton,
338 4152 357 4200 s.
369 4153 417 4200 230
429 4151 453 4212 b,
466 4153 530 4201 cites
544 4153 598 4202 this
613 4167 673 4203 cese
756 4152 767 4182 ³
784 4153 905 4202 (trestain
918 4152 944 4201 in
957 4151 1116 4214 Normsndy.

142 4217 345 4280 anonymously.
379 4216 434 4265 The
460 4222 556 4281 county
578 4217 672 4266 nomed
755 4216 1247 4267 ⁴ThebettleofTenchebraiin1106.

143 4282 172 4330 in
182 4280 227 4330 hrs
238 4280 343 4344 printed
354 4281 428 4330 text
421 4297 444 4330 rs
458 4282 552 4332 Bucks.
587 4283 613 4331 It
627 4283 672 4332 the
723 4283 816 4346 Avery
827 4282 869 4331 old
882 4287 961 4344 story.
995 4281 1109 4331 Williem
1125 4283 1153 4330 of
1168 4283 1248 4332 More-

142 4349 291 4396 tenements
307 4361 351 4396 are
367 4345 395 4396 in
412 4346 457 4396 the
473 4363 544 4397 some
565 4347 672 4410 borony,
724 4348 781 4397 tsin
796 4348 914 4398 forfeitcd
930 4347 973 4396 his
989 4347 1101 4408 English
1123 4347 1248 4397 lundein

143 4411 238 4460 nithe
260 4427 332 4462 seme
355 4412 394 4460 ies
416 4411 499 4461 and
492 4427 519 4461 m
539 4413 584 4462 the
602 4429 672 4463 seme
724 4413 1161 4476 1104.Hoveden.vol.1.p.1o·r.

143 4476 281 4540 worship,
294 4475 391 4526 there'
385 4492 406 4526 rs
423 4492 542 4528 common
558 4479 672 4528 between

229 4593 262 4640 ιι.
1122 4581 1162 4640 28
