3314 5238
387 415 621 480 menstruas,
643 417 707 467 nn.
732 404 825 478 1231,
847 417 909 482 aa
934 403 1071 467 15-16.
1218 403 1282 471 479

174 587 263 653 idem
280 589 537 655 Archidieconus
557 589 588 654 ei
603 590 680 655 fecit
700 590 905 676 recuperauit
924 590 1012 654 idem
1031 589 1218 677 Stephanus
1232 611 1282 654 xv.

172 715 235 758 aer.
261 701 349 759 terre
374 695 414 759 de
441 695 522 760 laico
544 693 637 759 feodo
657 716 716 759 suo
738 702 773 759 et
795 694 881 759 unde
903 693 1117 760 deterioratus
1142 703 1192 760 est
1215 701 1285 772 etc,

173 803 209 859 et
223 795 303 861 inde
318 795 470 882 producit
484 803 614 862 sectam.

241 901 287 964 Et
310 901 498 987 Stephanus
515 900 607 966 uenit
628 907 663 966 et
686 899 833 964 defendit
855 907 967 964 eontra
986 899 1093 985 ipsum
1116 909 1151 966 et
1174 907 1286 964 eontra

173 1009 301 1066 sectam
316 1025 410 1067 suam
424 1002 510 1088 quod
525 1025 693 1088 nunquam
707 1001 914 1087 inplacitsuit
929 1024 1005 1066 eum
1020 1001 1060 1066 de
1075 1001 1184 1088 aliquo
1204 1001 1285 1066 laico

172 1106 270 1171 feodo
285 1115 362 1192 post
376 1107 637 1192 prohibicionem,
652 1114 704 1171 set
718 1129 832 1171 uerum
848 1107 923 1170 uult
938 1106 1053 1184 dicere,
1068 1106 1155 1192 quod
1172 1129 1287 1171 reuera

172 1209 244 1296 ipse
265 1209 364 1274 duxit
387 1209 423 1272 in
446 1231 579 1274 uxorem
603 1208 702 1272 filiam
728 1207 829 1294 ipsius
854 1207 1011 1272 Eborardi
1035 1215 1070 1272 et
1090 1207 1177 1273 idem
1202 1208 1286 1273 Ebo-

173 1313 292 1377 mrdus
322 1311 415 1376 dedit
451 1319 570 1376 terram
603 1311 694 1375 illam
722 1309 758 1374 in
787 1310 997 1398 maritagium
1026 1333 1101 1375 cum
1131 1310 1199 1375 filia
1227 1333 1287 1375 sua

172 1438 232 1502 per
259 1423 385 1481 cartam
410 1435 499 1478 suam
528 1435 625 1499 quam
649 1411 770 1499 profert
793 1411 842 1477 ite
866 1412 953 1498 quod
975 1435 1034 1498 per
1058 1412 1179 1477 donum
1204 1412 1287 1478 illud

172 1519 239 1584 fuit
265 1519 398 1605 ipsein
422 1517 540 1583 saisina
568 1515 609 1582 de
638 1526 725 1581 terra
753 1516 810 1581 illa
837 1539 896 1602 per
924 1539 1027 1582 unum
1056 1539 1179 1582 annum
1208 1525 1286 1582 ante

173 1622 443 1709 prohibicionem,
464 1621 547 1687 etsi
570 1619 777 1708 inplacitauit
799 1643 874 1686 eum
896 1621 1042 1688 incuria
1064 1622 1287 1687 cristianitatis

175 1727 237 1792 hoc
261 1727 329 1790 fuit
355 1727 396 1791 de
419 1725 557 1812 quadam
582 1725 825 1790 diffamacione¹
848 1725 945 1790 etde
969 1725 1130 1790 denariis²
1152 1747 1232 1812 quos
1255 1725 1287 1791 ei

175 1830 338 1917 promisit.

243 1931 291 1996 Et
320 1927 505 1996 Ebomrdus
534 1930 618 1996 hene
647 1929 794 1994 defendit
823 1929 910 2017 quod
938 1953 1105 2018 nunquam
1135 1932 1166 1998 ei
1195 1931 1287 1998 dedit

176 2035 281 2102 filiam
301 2056 395 2099 suam
416 2055 476 2098 nec
498 2041 617 2098 terram
639 2032 675 2096 in
697 2033 905 2120 maritagium
927 2057 1001 2099 cum
1023 2057 1063 2100 ea
1083 2058 1143 2101 nec
1164 2045 1286 2102 cartam
1407 2075 1411 2086 ·

176 2139 208 2202 ei
223 2138 313 2215 feeit,
328 2145 364 2202 et
385 2135 468 2202 bene
489 2135 669 2222 dicitquod
691 2157 818 2222 semper
832 2137 896 2202 fuit
917 2139 952 2202 in
974 2139 1093 2205 seisins
1112 2141 1152 2207 de
1173 2142 1286 2208 eadem

177 2250 268 2308 terra
297 2243 399 2308 donec
428 2264 487 2328 per
514 2240 693 2327 predictam
714 2240 951 2306 districcionem
973 2245 1177 2330 recuperauit
1198 2245 1286 2312 idem

178 2347 369 2434 Stephanus
398 2354 518 2412 terram
546 2346 636 2410 illam
666 2365 779 2410 uersus
808 2367 893 2425 eum,
915 2355 951 2411 et
978 2347 1062 2412 bene
1091 2347 1171 2414 dicit
1200 2351 1287 2437 quod

177 2474 238 2538 per
261 2449 344 2516 duos
372 2472 472 2515 annos
501 2457 577 2514 ante
607 2448 764 2535 placitum
792 2448 1132 2535 illud'prohihicionis
1160 2462 1286 2518 motum

178 2554 344 2620 subtraxit
365 2555 435 2639 ipse
453 2552 554 2617 filiam
576 2549 689 2617 suam⁸
711 2559 746 2616 et
767 2551 857 2638 ipse⁴
878 2574 1006 2640 semper
1026 2554 1090 2619 fuit
1111 2555 1146 2620 in
1169 2556 1287 2623 seisina

179 2681 283 2744 usque
299 2657 341 2722 sd
355 2656 511 2744 placitum
526 2654 609 2720 illud
623 2661 749 2720 motum
764 2663 887 2740 etpost
906 2678 965 2742 per
983 2657 1136 2744 aliquod³
1150 2667 1185 2725 et
1199 2662 1286 2747 quod

179 2783 350 2848 nunquam
374 2769 494 2825 terram
515 2759 606 2824 illam
628 2759 660 2824 ei
681 2759 773 2823 dedit
794 2781 854 2824 nec
879 2769 1002 2825 cartam
1032 2761 1122 2828 illam
1149 2765 1180 2829 ei
1209 2765 1285 2830 inde

179 2865 259 2930 fecit
274 2863 368 2950 ponit
382 2885 416 2928 se
431 2883 528 2948 super
541 2861 681 2948 patriam
696 2869 731 2925 et
746 2869 848 2926 testes
862 2861 1044 2930 nominatos
1058 2864 1093 2930 in
1107 2875 1204 2934 carta
1241 2869 1287 2933 Et

181 2968 372 3054 Stephanus
397 2966 555 3032 similiter.
598 2967 644 3030 Et
665 2965 743 3052 quia
764 2965 929 3036 tonsilla
949 2966 1028 3032 date
1048 2968 1112 3033 fuit
1133 2969 1168 3034 in
1190 2973 1287 3037 mari-

179 3071 309 3158 tagium
324 3069 387 3135 sibi
401 3091 475 3134 cum
490 3090 589 3134 uxore
604 3090 664 3134 sua
678 3067 796 3154 etipse
811 3067 901 3132 illam
921 3069 1073 3135 amittere
1093 3094 1158 3137 non
1178 3083 1287 3160 potest

179 3173 250 3238 sine
266 3195 367 3238 uxore
381 3193 441 3236 sua
460 3179 494 3236 et
512 3170 583 3258 ipsa
603 3193 667 3235 non
690 3177 741 3236 est
754 3192 886 3256 presens
907 3193 967 3237 nec
988 3172 1157 3260 inquisicio
1179 3179 1288 3266 tangit

180 3279 295 3365 ipsam,
309 3277 383 3342 ideo
402 3275 648 3342 Consideratum
669 3275 821 3361 estquod
841 3275 1027 3362 Stephanus
1047 3278 1159 3344 uadiet
1181 3281 1286 3370 legem

180 3405 214 3447 ss
237 3381 292 3468 xij.
308 3402 408 3445 manu
431 3387 466 3444 et
487 3379 600 3444 ueniat
619 3401 693 3443 oum
717 3379 788 3467 lege
810 3401 831 3444 a
850 3379 903 3444 die
925 3387 985 3446 ete.
1031 3381 1075 3447 Et
1089 3382 1213 3450 dictum
1236 3395 1287 3453 est

181 3485 347 3551 Eborardo
372 3484 400 3548 si
425 3483 576 3548 saisinam
598 3483 742 3548 amiserit
764 3483 805 3549 de
827 3491 914 3548 terra
935 3484 993 3550 ills
1014 3486 1100 3572 quod
1121 3490 1288 3576 perquirat

180 3589 244 3654 sibi
262 3610 323 3675 per
341 3587 440 3652 breue
461 3586 502 3650 de
524 3607 610 3650 noua
630 3584 799 3650 dimeisina
820 3585 874 3651 uel
895 3586 959 3652 alio
980 3587 1075 3654 modo
1096 3589 1125 3654 si
1146 3591 1288 3660 uoluerit

182 3702 216 3758 et
230 3699 400 3758 remaneat
415 3690 608 3776 inquisici0⁶.

128 3851 134 3864 .
245 3795 359 3861 Assisa
373 3793 466 3860 uenit
481 3793 686 3882 recognitum
699 3795 728 3859 si
743 3794 903 3860 Viuianus
917 3795 1005 3861 filius
1020 3797 1151 3864 deulfi
1165 3799 1285 3868 iniuste

213 3991 223 4024 ¹
239 3991 307 4040 Note
323 4001 395 4037 cases
411 3987 441 4036 of
457 3984 616 4037 dsfsmation
632 4001 665 4049 go
681 3989 709 4036 to
759 4001 837 4050 prove
848 3987 907 4038 thet
917 3988 951 4040 he
962 3989 1011 4040 has
1022 3993 1069 4040 not
1080 3991 1144 4042 susd
1157 3995 1225 4058 aster
1239 3995 1286 4046 the

183 4057 263 4107 court
274 4053 417 4103 Christian.
758 4053 931 4116 prohibiti0n;
960 4053 1007 4104 bnt
1029 4055 1052 4104 if
1076 4056 1192 4108 Eversrd
1216 4075 1284 4111 oom-

213 4119 348 4171 'SeeBa
358 4118 378 4167 f.
389 4117 471 4168 4071».
758 4117 846 4180 plsins
858 4119 887 4168 of
901 4119 971 4169 what
982 4119 1116 4183 happened
1128 4123 1209 4185 before
1220 4125 1285 4175 then

213 4186 226 4221 ⁸
247 4183 363 4246 Stephon
385 4181 484 4232 carried
507 4181 544 4232 off
570 4181 709 4232 Evsrard's
759 4183 805 4258 the
819 4183 923 4247 remedy
934 4184 958 4234 is
974 4185 1050 4235 novel
1067 4185 1197 4238 dissaisiri.
1230 4189 1285 4240 The

183 4250 367 4364 fiditer.
760 4249 1286 4380 tftttttttttttttttttt

215 4379 457 4442 ‘Supplytempm
760 4381 927 4442 notapsrty.

215 4446 226 4479 ⁴
243 4443 359 4507 Stephon
376 4446 447 4492 must
463 4441 538 4492 make
555 4441 595 4491 his
618 4441 667 4492 lew
683 4445 711 4491 to
