3260 5218
361 409 403 478 78
549 422 682 474 musar
704 423 778 473 sun
800 422 938 486 nssrna,
962 422 1026 472 ιι).
1053 410 1145 486 1220,
1169 424 1231 474 na.
1255 413 1283 474 4.

359 595 507 662 Andreas
527 603 751 661 concessemnt
773 596 803 660 ei
825 603 933 660 totum
955 595 1006 660 ius
1028 603 1063 660 et
1085 595 1238 660 clnmium
1260 595 1346 681 quod
1367 595 1475 660 habu-

360 711 457 767 erunt
472 701 506 765 in
521 709 608 767 terra
624 701 681 766 illa
695 709 730 766 et
744 701 805 766 hac
819 701 946 766 racione
958 701 1056 766 debet
1067 710 1156 766 terra
1167 701 1224 766 illa
1235 701 1266 766 ei
1277 701 1476 766 descendere

360 804 400 868 de
415 803 486 888 ipsa
509 803 670 868 Matillide
690 812 724 868 ct
746 803 785 868 de
806 803 956 868 omnibus
975 803 1128 890 predictis
1150 802 1258 870 offe1t¹
1274 803 1475 868 diracionare

360 915 457 992 prout
471 905 562 970 ouria
576 905 834 972 considerauerit

426 1009 471 1075 Et
487 1010 550 1096 ipsi
564 1009 704 1074 ueniunt
718 1018 751 1074 et
774 1017 892 1096 petunt
912 1010 973 1076 sibi
996 1011 1124 1077 allocari
1146 1010 1232 1098 quod
1256 1011 1344 1076 Elias
1365 1011 1475 1096 primo

360 1114 444 1178 dixit
459 1113 546 1198 quod
561 1114 592 1178 ei
606 1114 772 1180 descendit
787 1115 828 1180 de
844 1115 1004 1180 Matillide
1020 1125 1124 1182 matre
1139 1125 1251 1182 suant
1272 1117 1383 1181 heredi
1404 1137 1474 1194 suo,

361 1226 395 1284 et
409 1227 520 1303 postea
535 1219 620 1286 dixit
635 1219 720 1305 quod
738 1220 912 1285 conuencic
927 1221 1013 1285 facta
1027 1220 1090 1284 fuit
1110 1221 1197 1286 inter
1216 1243 1291 1286 eum
1307 1229 1341 1286 et
1356 1221 1475 1286 fratres

361 1345 442 1401 suos,
459 1331 492 1388 et
508 1323 548 1388 de
564 1323 624 1388 hoc
639 1324 724 1409 quod
743 1323 901 1389 Ricardus
918 1324 981 1390 suit
996 1324 1126 1390 saisitus
1141 1323 1242 1388 anno¹
1257 1333 1292 1390 et
1306 1324 1423 1390 diebus
1439 1334 1475 1388 et

361 1426 443 1493 obiit
458 1427 587 1494 seisitus
605 1436 643 1493 ut
662 1429 703 1493 de
722 1429 903 1495 hereditate
926 1437 1051 1514 etpost
1071 1451 1147 1493 eum
1167 1429 1367 1514 Reginaldus
1385 1428 1474 1494 filius

212 1603 225 1631 0
276 1557 290 1584 u
330 1551 439 1621 ‘suus
461 1538 580 1596 terram
604 1531 694 1596 illam
717 1532 826 1597 tenuit
847 1533 1035 1617 priusquam
1057 1532 1153 1598 duxit
1175 1554 1247 1596 eam
1269 1531 1305 1596 in
1327 1553 1473 1607 uxorem,

206 1650 233 1678 ¹¹
332 1640 347 1682 ⁸·
361 1633 455 1698 offert
483 1657 601 1720 ponere
631 1657 665 1699 se
689 1656 786 1719 super
808 1634 1053 1720 inquisicionem
1084 1635 1191 1720 patrie
1220 1634 1323 1699 ‘uude
1353 1634 1475 1698 Vitalis

360 1735 440 1802 dicit
455 1737 540 1821 quod
556 1738 624 1824 ipse
641 1747 690 1803 est
704 1738 745 1803 de
760 1761 866 1804 sorore
880 1739 1097 1825 primogenita
1112 1747 1146 1804 et
1156 1739 1241 1824 petit
1249 1739 1446 1804 acsncsciam
1452 1737 1471 1802 ⁴.

425 1839 470 1906 Et
496 1841 574 1926 quia
595 1843 684 1907 Elias
706 1843 869 1928 cognoscit
891 1843 925 1907 in
949 1844 1135 1908 narracione
1157 1865 1216 1908 sua
1238 1843 1324 1929 quod
1347 1841 1379 1907 ei
1404 1863 1472 1906 non

359 1944 466 2028 potuit
481 1953 566 2010 terra
581 1945 773 2011 descendere
789 1945 829 2011 de
844 1945 1003 2032 predicto⁶
1018 1945 1180 2011 Matillide
1198 1945 1275 2010 licet
1293 1946 1472 2010 conuencio

358 2049 502 2134 predicta
516 2049 590 2115 talis
605 2059 689 2115 esset
704 2059 738 2115 et
753 2059 901 2137 preterea
916 2049 1017 2114 nichil
1032 2049 1176 2115 ostendit
1196 2048 1236 2113 de
1252 2049 1470 2113 conuencione

358 2153 415 2218 illa
429 2153 514 2239 quod
530 2154 607 2220 talis
621 2163 712 2232 esset,
727 2177 787 2220 nec
802 2154 923 2220 dedicit
937 2154 1137 2240 parentelam
1148 2154 1291 2239 ipsorum
1302 2153 1422 2239 Rogeri
1434 2163 1470 2218 et

358 2257 484 2335 Vitalis,
506 2257 754 2324 consideratum
777 2259 935 2344 estquod
959 2259 1105 2346 Rogerus
1128 2267 1162 2322 et
1189 2257 1303 2324 Vitalis
1324 2257 1469 2324 habeant

358 2360 509 2425 saisinam
535 2383 626 2425 suam
649 2361 732 2426 sicut
757 2360 805 2424 illi
828 2361 886 2446 qui
915 2361 1020 2425 maius
1042 2361 1093 2426 ius
1119 2359 1243 2426 habent
1264 2367 1299 2426 et
1321 2359 1411 2424 Elias
1432 2359 1468 2424 in

358 2462 598 2529 misericordia⁸.

424 2566 548 2632 'Assisa
579 2567 672 2633 uenit
702 2567 908 2655 recognitum
938 2567 965 2632 si
992 2567 1124 2632 Hamon
1149 2564 1257 2632 Ochus
1286 2566 1470 2632 auunculus

359 2667 458 2734 Lucie
473 2669 581 2734 uxoris
596 2669 752 2734 Willelmi
768 2671 798 2734 le
813 2670 936 2734 Taillur
951 2679 986 2736 et
1006 2669 1111 2734 Alicie
1126 2677 1161 2734 et
1177 2668 1309 2754 Agathe
1323 2691 1468 2734 sororum

358 2773 460 2858 ipsius
475 2774 574 2839 Lucie
594 2773 658 2840 suit
678 2773 807 2839 seisitus
825 2773 859 2838 in
880 2774 1040 2839 dominico
1063 2795 1121 2838 suc
1145 2781 1183 2838 ut
1204 2773 1246 2837 de
1268 2772 1360 2837 feodo
1382 2772 1424 2838 de
1441 2773 1467 2859 j.

358 2878 436 2944 hida
457 2888 541 2946 terre
563 2902 638 2945 cum
653 2880 861 2966 pertinenciis
883 2879 916 2944 in
939 2879 1055 2945 Stulbe
1073 2879 1126 2944 dic
1146 2887 1205 2944 etc.
1228 2900 1327 2963 quam
1347 2885 1468 2942 terram

357 2982 500 3047 Oristina
536 2983 624 3048 Wac'
662 2985 771 3049 tenuit
807 3005 871 3069 que
909 2981 1040 3047 uocauit
1082 2981 1158 3046 inda
1202 2981 1244 3046 ad
1286 2989 1468 3045 warantum

357 3085 576 3173 Regiualdum
606 3086 724 3165 (iabus,
754 3087 812 3173 qui
841 3087 935 3153 uenit
963 3095 998 3152 et
1028 3086 1059 3151 ei
1087 3085 1277 3151 warantizat
1306 3093 1340 3150 et
1377 3084 1468 3162 dicit,

356 3190 443 3274 quod
459 3190 558 3255 assisa
572 3213 637 3255 non
652 3190 751 3256 debet
765 3190 840 3254 inde
856 3189 934 3266 fieri,
951 3190 1028 3276 quia
1038 3189 1172 3274 quidam
1184 3189 1208 3254 J
1210 3189 1353 3254 ohannes
1368 3189 1468 3254 frater

357 3293 494 3378 predicti
524 3293 683 3358 Hemonis
713 3293 875 3358 commisit
904 3301 1023 3358 terram
1052 3293 1143 3356 illum
1167 3292 1230 3377 ipsi
1256 3292 1400 3356 Hemoni
1425 3291 1468 3356 ad

357 3397 532 3461 terminum
548 3404 582 3461 et
596 3419 661 3460 non
676 3397 710 3460 in
726 3397 828 3476 leode,
843 3396 964 3462 scilicet
978 3397 1019 3461 ad
1039 3396 1143 3460 uitam
1167 3417 1260 3460 suam
1281 3403 1411 3460 tantum
1433 3403 1468 3460 et

357 3500 433 3565 inde
463 3507 590 3584 ponunt
618 3521 652 3563 se
682 3521 778 3586 super
806 3500 946 3564 iuratam
976 3507 1009 3566 et
1038 3499 1145 3563 Alicia
1174 3498 1362 3584 dicitquod
1385 3497 1468 3562 obiit

356 3603 486 3669 saisitus
502 3611 540 3668 ut
555 3602 595 3667 de
611 3602 702 3667 feodo
718 3611 751 3668 et
766 3625 830 3668 non
845 3603 886 3668 de
906 3603 1005 3668 ballia
1024 3611 1059 3668 et
1079 3602 1152 3668 ideo
1175 3601 1275 3668 assisa
1291 3609 1466 3666 remaneat.

390 3861 400 3894 ¹
417 3863 532 3925 offerunt,
544 3860 573 3919 Δ,
585 3861 621 3919 Β;
638 3860 667 3909 in
683 3859 729 3909 the
741 3859 885 3936 'noteboolr
935 3860 1086 3936 joumment
1095 3859 1146 3909 and
1155 3874 1190 3910 no
1201 3857 1350 3935 judgment;
1362 3857 1384 3906 A
1395 3857 1467 3920 gives

357 3925 885 4042 ⁰ff5tltttttttfftt⁶ttt⁰lttt
935 3923 1468 4053 tillit‘ttttttttttstttttt

359 4056 408 4106 has
427 4057 492 4106 been
511 4055 610 4106 altered
629 4056 686 4106 into
705 4071 785 4114 annm
811 4058 886 4105 coma
936 4055 1034 4116 claime,
1055 4055 1068 4103 1
1085 4070 1204 4118 oppose,
1224 4055 1269 4105 tha
1285 4053 1383 4118 capital
1399 4069 1466 4104 mes·

359 4123 387 4172 in
399 4123 428 4180 Δ,
440 4123 471 4173 B.
936 4135 1014 4182 snage
1023 4135 1053 4170 as
1063 4119 1106 4169 his
1116 4122 1251 4172 commacla.

391 4187 474 4236 ⁸'I'he
501 4185 640 4236 defendant
667 4185 690 4235 is
712 4185 795 4248 guilty
816 4185 844 4234 ol
869 4200 885 4235 a
968 4185 1051 4245 ὖΒίιις
1068 4184 1234 4248 γνιάιοια,Δ.

359 4252 521 4314 ‘departure’
538 4266 568 4301 as
589 4252 611 4300 it
627 4250 712 4300 would
733 4250 799 4300 have
820 4250 886 4299 been
968 4249 1019 4298 οΑ
1040 4249 1113 4308 adds,
1135 4258 1160 4299 et
1187 4250 1315 4313 Rodutsua
1342 4250 1372 4298 dc
1394 4251 1468 4300 Bello

358 4317 440 4367 called
461 4318 490 4366 in
511 4317 577 4367 later
595 4315 673 4366 times
689 4315 741 4366 and
758 4316 825 4366 loses
841 4314 886 4366 the
938 4318 1031 4378 Campo
1058 4317 1162 4378 opposcit
1186 4317 1305 4364 clamitem
1328 4329 1377 4378 pro
1398 4317 1468 4379 filiis

358 4381 428 4434 land.
936 4383 1034 4432 Andros
1046 4381 1075 4430 de
1087 4382 1158 4430 Bello
1171 4382 1271 4443 Campo.

390 4449 429 4481 Η
445 4447 497 4497 Not
512 4447 541 4497 in
556 4447 587 4508 B,
605 4445 689 4498 which
706 4445 775 4508 gives
790 4461 824 4498 an
842 4445 884 4496 ad-
969 4447 980 4483 t
996 4447 1026 4496 Δ.
1040 4460 1074 4496 m.
1091 4445 1146 4506 5113
1164 4444 1196 4494 B.
1208 4459 1243 4494 m.
1256 4446 1272 4494 4
1283 4444 1308 4496 d.
