3308 5226
407 449 642 514 mouentum,
666 451 730 524 111.
755 439 849 515 1233,
871 454 934 504 nn
961 439 1098 509 17-18.
1241 445 1304 510 633

195 625 360 691 Robertus
374 624 415 690 de
431 625 561 711 Ganges
576 631 611 690 et
626 625 788 692 Henricus
808 625 849 690 de
870 627 901 692 lo
920 611 1009 694 More
1032 638 1177 715 quatuor
1187 631 1306 717 legales
1378 713 1382 720 Ι

196 727 344 793 homines
369 727 508 793 ueniunt
537 750 612 793 cum
642 727 772 794 recordo
802 728 890 813 quod
918 731 984 795 tale
1014 739 1072 796 est.
1128 731 1224 812 Quod
1252 733 1305 798 die

196 833 289 898 L'une
305 833 454 919 proxima
473 840 546 919 post
565 833 685 898 festum
707 833 739 898 S.
765 833 900 897 Martini
923 833 1044 918 optulit
1066 856 1100 898 se
1124 835 1246 901 Editha
1265 836 1306 901 de

196 937 424 1004 Wackefordie
459 937 505 1002 in.
531 937 621 1002 curia
653 936 693 1002 de
731 937 946 1024 Wyndesores
975 961 1089 1004 uersus
1117 941 1306 1025 predictum

196 1042 400 1106 Willelmum
423 1040 567 1118 Nutaoh,
589 1048 631 1134 et
645 1040 730 1105 dixit
751 1041 839 1127 quod
860 1041 947 1106 idem
969 1041 1153 1109 Willelmus
1173 1045 1207 1109 in
1228 1067 1306 1130 pace

196 1146 250 1211 dei
280 1154 316 1211 et
342 1145 435 1210 Dom.
461 1145 562 1230 Regio
587 1153 622 1209 et
644 1145 840 1210 belliuornm
863 1147 985 1211 iniuste
1012 1146 1156 1213 detinuit
1186 1149 1216 1214 ei
1242 1157 1308 1215 tres

197 1272 309 1336 porcos
324 1250 381 1336 qui
397 1249 427 1314 ei
447 1250 581 1314 fuerunt
599 1249 747 1326 addirati,
763 1259 797 1314 et
815 1250 890 1316 inde
911 1251 1060 1336 producit
1080 1261 1201 1318 sectam
1221 1254 1308 1340 quod

196 1354 360 1440 porciani
386 1354 520 1424 fuerunt
546 1361 581 1417 et
607 1353 638 1417 ei
664 1352 846 1439 porcelleti¹
870 1361 905 1418 et
928 1363 1042 1440 postea
1070 1355 1218 1422 addirati.
1243 1358 1308 1422 .Ε1

198 1459 383 1524 Willelmus
406 1479 540 1543 presens
567 1457 630 1521 fuit
660 1465 694 1521 et
723 1456 870 1521 defendit
899 1457 1055 1523 iniustam
1085 1459 1307 1526 detentionem
1436 1519 1438 1524 ,

197 1569 309 1626 contra
332 1561 512 1647 predictam
539 1559 695 1626 Edithem
719 1569 753 1625 et
779 1569 901 1626 sectam
927 1585 1029 1640 auam,
1055 1571 1090 1628 et
1115 1564 1195 1630 dicit
1222 1565 1307 1651 quod

197 1667 286 1753 porci
300 1667 349 1731 illi
365 1689 439 1732 cum
455 1665 528 1731 aliis
543 1666 647 1756 porcia
662 1665 693 1730 ei
715 1665 828 1731 traditi
847 1667 980 1731 fuerunt
1000 1667 1042 1733 ad
1059 1668 1307 1734 custodiendum

197 1771 231 1836 in
254 1793 399 1857 peccone,
426 1779 461 1836 et
483 1770 630 1836 defendit
651 1778 764 1836 contre
785 1771 888 1856 ipsam
911 1772 997 1858 qnod
1019 1773 1107 1858 porci
1128 1797 1307 1860 numquam

198 1877 332 1940 frrernnt
350 1875 453 1961 ipsius
474 1873 595 1939 Edithe
615 1897 674 1940 nec
698 1875 728 1939 ei
747 1875 914 1960 porcelleti
934 1876 1156 1942 nec'addirati
1179 1886 1216 1943 ut
1238 1878 1309 1964 ipsa

196 1979 326 2046 dicebat
356 1988 390 2044 et
417 1973 477 2043 hoc
503 1979 625 2065 optulit
649 1979 784 2064 probare
814 2001 873 2065 per
898 1980 1188 2045 consideracionem
1219 1983 1307 2048 curie

198 2106 310 2148 nemus
325 2105 406 2148 eam.
452 2083 496 2146 Et
516 2082 586 2176 ipsa
608 2081 731 2146 Editha
753 2082 879 2146 exiene¹
901 2091 935 2147 et
958 2083 1057 2168 peciit
1076 2084 1253 2162 consilium,
1272 2095 1307 2150 et

198 2209 311 2252 reuera
325 2186 411 2252 dixit
426 2185 513 2272 quod
528 2187 563 2250 in
578 2208 657 2271 paco
673 2186 765 2251 Dom.
782 2187 882 2272 Regis
902 2195 936 2252 et
955 2187 1151 2253 bellicorum
1171 2199 1210 2255 ut
1225 2191 1307 2256 latro

198 2291 349 2376 nequiter
363 2289 524 2376 predictos
539 2296 606 2352 tres
620 2311 731 2374 porcos
746 2311 884 2374 quorum
905 2313 1007 2378 unum
1028 2291 1137 2356 tenuit
1152 2293 1186 2356 in
1207 2316 1305 2358 manu

198 2394 271 2460 sua⁸
294 2394 513 2460 furatus-fuit
538 2392 626 2458 idem
650 2393 844 2472 Willelmue,
870 2401 903 2458 et
930 2401 1043 2479 parate
1066 2395 1130 2460 fuit
1153 2395 1213 2461 hoc
1242 2397 1306 2462 die-

198 2500 360 2565 racionare
385 2521 498 2564 uersus
524 2521 608 2575 eum,
632 2498 717 2562 sicut
741 2497 863 2562 femina
888 2521 1001 2562 nereus
1026 2499 1193 2578 latronem,
1220 2501 1306 2588 quod

197 2605 300 2692 legale
323 2605 477 2669 catallum
499 2625 595 2667 suum
620 2601 771 2687 nequiter
794 2601 825 2665 ci
847 2601 1050 2666 contradixit.
1097 2603 1160 2669 Oui
1181 2605 1304 2672 dictum

197 2709 260 2773 fuit
275 2733 295 2774 a
309 2709 456 2795 predicte
470 2707 560 2772 curia
574 2704 661 2792 quod
676 2727 751 2770 cum
766 2705 838 2790 ipsa
852 2727 1039 2792 percorpus
1054 2729 1150 2772 suum
1165 2709 1226 2774 hoc
1241 2733 1305 2774 non

197 2823 304 2899 posset
315 2813 459 2900 probare,
475 2811 561 2898 quod
579 2811 641 2877 sibi
664 2810 761 2876 aliter
780 2810 977 2898 prouideret‚
1001 2819 1035 2875 et
1059 2811 1108 2877 ite
1130 2813 1216 2898 quod
1235 2815 1306 2901 ipsa

197 2926 309 3004 postea
323 2917 478 3003 produxit
493 2915 670 2980 Ricardum
685 2913 791 2978 filium
812 2914 924 2978 suum⁴
947 2914 1057 2980 dicens
1081 2915 1167 3002 quod
1182 2941 1222 2982 ex
1241 2941 1305 3004 quo

196 3047 260 3088 non
275 3023 385 3110 potuit
400 3021 612 3087 disracionare
628 3020 752 3084 dictum
768 3042 863 3085 sunm
883 3041 942 3105 per
960 3042 1075 3106 eorpus
1095 3043 1200 3099 suum,
1217 3025 1301 3107 quod

196 3127 283 3192 idem
306 3125 465 3191 Ricardue
487 3125 577 3188 illam
599 3125 719 3188 faceret
741 3122 1053 3201 diaracionaoionem,
1080 3131 1115 3188 et
1140 3125 1189 3189 ita
1217 3127 1301 3210 quod

195 3231 282 3296 idem
325 3228 483 3294 Ricardus
523 3229 614 3294 dedit
655 3227 802 3292 uedlum.
830 3227 872 3292 ad
912 3227 1211 3293 dieracionandum
1237 3253 1303 3318 una

195 3335 274 3400 hora
298 3333 365 3398 diei
388 3355 447 3419 per
472 3349 594 3418 corpus¹
617 3355 712 3396 suum
743 3353 855 3396 uersus
878 3331 1061 3417 predictum
1086 3332 1303 3398 Willelmum⁶

195 3439 279 3525 quod
296 3437 365 3524 ipse
380 3436 464 3500 sicut
479 3435 562 3500 latro
577 3444 611 3500 et
632 3435 782 3522 nequiter
799 3436 926 3500 furatus
948 3436 1011 3500 fuit
1032 3458 1142 3522 porcos
1163 3436 1244 3514 illos,
1267 3447 1302 3503 et

194 3541 242 3605 ita
270 3539 357 3626 quod
386 3538 474 3603 idem
500 3537 685 3602 Willelmue
715 3537 860 3602 defendit
890 3537 1093 3603 latrocinium
1123 3540 1299 3606 secundum

195 3644 281 3730 quod
303 3643 334 3708 ei
356 3643 535 3729 inpositum
558 3643 630 3720 fuit,
650 3649 685 3707 et
708 3641 799 3706 dedit
819 3642 952 3706 uadium
973 3651 1085 3720 contra
1107 3642 1301 3710 defendendi

194 3771 252 3834 per
273 3771 396 3834 corpus¹
419 3748 521 3812 etsie
544 3770 602 3834 per
623 3745 913 3812 consideracionem
935 3746 1023 3810 curie
1046 3746 1215 3812 uadiatum
1238 3749 1301 3813 fuit

193 3852 338 3917 duellum
376 3853 463 3917 inter
500 3875 554 3918 eos
590 3862 650 3919 eto.
695 3853 739 3916 Et
776 3873 873 3936 super
909 3849 969 3914 hoc
998 3849 1138 3914 ueniunt
1169 3851 1300 3940 Editha‚

193 3955 350 4022 Ricardus
372 3963 407 4020 et
430 3956 613 4021 Willelmus
635 3965 669 4021 et
699 3962 896 4040 cognoscunt
921 3953 1088 4019 recordum
1114 3955 1211 4021 istud.
1257 3958 1300 4020 Et

192 4059 270 4144 quia
283 4058 373 4125 curia
387 4061 550 4148 cognoscit
564 4059 651 4146 quod
666 4059 811 4124 duellum
828 4058 999 4124 uadiatum
1021 4059 1084 4124 fuit
1099 4060 1139 4125 de
1155 4059 1300 4146 predicto

225 4287 354 4338 ¹SeeBr.
366 4287 385 4336 f.
399 4287 455 4337 151.
771 4291 931 4356 ofthepigs.

223 4351 302 4414 ²Sio,
316 4353 351 4412 A;
367 4363 433 4402 oorr.
445 4355 518 4403 ertit.
802 4357 902 4406 ‘ouum
913 4356 999 4406 interl.
1012 4355 1045 4416 by
1056 4359 1211 4418 annotator3
1226 4357 1255 4408 in
1265 4360 1296 4409 A.

223 4418 233 4450 ³
250 4419 361 4468 Observa
377 4417 431 4466 thio
451 4417 554 4467 arohelo
571 4419 718 4482 procedure.
803 4421 814 4454 θ
833 4424 982 4471 Willelmum
995 4420 1080 4472 interl.
1094 4421 1129 4484 by
1140 4427 1295 4484 annotator;

191 4483 245 4533 rue
260 4483 385 4532 claimant
400 4483 457 4545 lays
473 4482 519 4532 her
533 4483 603 4534 hand
619 4499 653 4534 on
670 4500 719 4535 one
771 4487 799 4535 in
810 4487 840 4535 A.
