3260 5218
341 445 384 510 30
526 457 654 506 uiscus
677 455 753 506 auo
774 455 926 518 mrumr,
949 455 1014 506 au.
1039 441 1134 518 1219,
1155 453 1216 507 aa
1241 443 1269 510 3.

340 635 427 702 idem
442 634 552 721 Fulky
566 633 682 699 habuit
697 632 908 698 medietatem
923 631 1002 696 uille
1020 631 1061 697 de
1083 633 1225 698 Bertcna
1242 641 1276 698 et
1296 629 1466 697 fundauit

340 739 429 804 illam
444 738 611 804 ecclesiam
626 745 856 824 superterram
871 745 1010 801 suamet
1025 735 1141 801 habuit
1156 735 1329 823 quemdam
1343 735 1462 799 filium

340 861 436 904 suum
458 837 634 923 Hugonem
654 836 784 900 nomine
802 835 855 900 cui
873 843 960 900 terra
979 835 1036 900 illa
1057 833 1224 899 descendit
1243 843 1317 920 post
1339 833 1462 919 Fulky

340 939 427 1006 idem
443 941 542 1026 Hugo
556 938 647 1004 dedit
662 938 830 1003 ecclesiam
844 937 934 1001 illam
953 935 1082 1001 cuidam
1100 937 1214 1002 clerico
1234 959 1292 1002 suo
1313 935 1459 1022 Hugoni

340 1039 397 1126 qui
433 1040 523 1104 illam
559 1063 599 1104 ex
636 1039 719 1103 dono
756 1060 814 1103 suo
844 1037 952 1102 tenuit
988 1059 1047 1123 per
1074 1037 1115 1102 xi
1153 1059 1273 1118 annos;
1308 1037 1349 1102 de
1377 1038 1459 1124 ipso

341 1142 519 1207 Willelmo¹
549 1141 717 1208 descendit
754 1149 840 1206 tona
876 1141 933 1206 illa
969 1164 1043 1206 cum
1073 1141 1286 1206 aduooaciona
1318 1140 1455 1206 cuidam

340 1246 503 1311 Willelmo
518 1245 584 1310 filio
599 1254 633 1310 et
648 1245 760 1310 heredi
774 1267 832 1310 suo
847 1244 904 1331 qui
919 1245 1085 1310 ecclesiam
1101 1245 1189 1309 illam
1208 1244 1300 1310 dedit
1319 1244 1453 1310 cuidam

340 1349 453 1414 clerico
475 1370 533 1414 suo
556 1347 708 1413 Sauarico
731 1347 861 1412 nomine
884 1347 940 1432 qui
962 1347 1052 1411 illam
1075 1348 1183 1411 tenuit
1205 1369 1264 1432 per
1285 1347 1325 1412 xi
1348 1369 1454 1412 annos

340 1461 375 1518 et
398 1476 436 1518 eo
462 1452 601 1538 amplius
627 1474 685 1538 per
707 1451 983 1537 presentacionem
1009 1473 1120 1530 suam;
1141 1451 1182 1516 de
1205 1451 1261 1516 illo
1284 1451 1451 1516 Willelmo

339 1555 506 1620 descendit
522 1564 608 1619 terra
622 1554 678 1618 illa
692 1577 767 1618 cum
783 1552 996 1619 aduoeeoione
1016 1554 1146 1619 cuidam
1166 1555 1238 1619 Elie
1259 1555 1397 1620 filiosuo
1413 1563 1451 1619 et

340 1658 380 1723 de
403 1659 472 1744 ipso
497 1659 570 1722 Elia
591 1657 745 1742 predictis
764 1658 915 1723 Roheisie
939 1667 973 1723 et
997 1657 1152 1723 Matillidi
1174 1659 1303 1724 filiabus
1324 1657 1390 1723 suis
1413 1667 1450 1723 et

341 1760 521 1825 heredibus,
567 1759 610 1824 Et
625 1759 712 1845 quod
726 1759 775 1823 ita
788 1759 955 1824 descendit
970 1769 1057 1825 terra
1071 1761 1128 1825 illa
1142 1783 1217 1825 cum
1232 1760 1446 1826 aduoeacione

340 1863 418 1949 ipsis
433 1863 583 1928 Roheisie
599 1871 634 1928 et
650 1861 805 1927 Matillidi
820 1865 904 1927 sicut
919 1863 1103 1948 predictum
1124 1873 1174 1929 est
1195 1873 1229 1928 et
1250 1865 1336 1950 quod
1355 1875 1447 1930 ante-

340 1989 478 2032 cessores
492 1967 543 2031 sui
558 1967 691 2031 fuerunt
706 1967 755 2031 ita
768 1966 872 2032 scisiti
886 1967 970 2031 sicut
985 1967 1167 2053 predictum
1182 1977 1233 2033 est
1252 1968 1293 2033 de
1311 1967 1447 2034 oduoca

340 2071 431 2135 cione
453 2070 510 2135 illa
531 2071 624 2136 offert
647 2071 781 2156 probare
804 2079 901 2156 prout
923 2071 1013 2136 curia
1035 2071 1286 2136 considerauerit
1307 2081 1341 2136 et
1364 2073 1447 2137 bene

339 2175 486 2240 defendit
508 2175 593 2262 quod
615 2175 780 2262 predictus
802 2175 962 2240 Radulfus
984 2175 1025 2240 de
1049 2175 1174 2241 Chaun'
1190 2177 1243 2240 uel
1262 2175 1447 2241 Willelmus

340 2277 511 2343 filiuseius
526 2301 693 2364 nunquam
708 2278 859 2343 seisinam
879 2278 1065 2343 habuerunt
1085 2277 1126 2342 de
1145 2278 1292 2364 predicta
1310 2277 1446 2344 aduoca-

340 2382 431 2446 cione
461 2389 495 2445 et
520 2381 580 2446 hoc
604 2382 697 2445 offert
720 2381 891 2447 defendere
916 2382 1000 2447 sicut
1025 2381 1115 2446 curia
1137 2381 1387 2447 considerauerit
1412 2392 1448 2447 et

339 2485 465 2550 desicut
479 2485 542 2571 ipsi
556 2485 679 2550 nullam
695 2485 845 2550 saisinam
859 2485 935 2550 inde
956 2485 1143 2551 habuerunt
1160 2485 1293 2552 uidetur
1312 2487 1343 2552 ei
1360 2486 1447 2573 quod

339 2588 460 2654 donum
476 2611 586 2653 eorum
602 2589 729 2653 nullum
745 2589 815 2654 fuit.

270 2749 277 2763 .
406 2691 571 2758 Johannes
597 2693 771 2780 Eskclling¹
796 2693 882 2758 filius
907 2691 1043 2757 Roberti
1068 2692 1284 2758 summonitus
1312 2693 1376 2758 fuit
1405 2693 1447 2760 ad

341 2795 599 2881 respondendum
640 2797 782 2861 Henrico
819 2797 859 2861 de
897 2795 1119 2882 Franckeiney
1155 2805 1190 2860 et
1226 2795 1369 2861 Johanni
1405 2797 1446 2862 de

341 2897 472 2983 Eproill'
486 2898 604 2963 iuniori
619 2919 683 2984 quo
697 2907 840 2963 waranto
854 2899 1035 2986 ingressum
1055 2898 1171 2963 habuit
1191 2897 1226 2963 in
1245 2900 1388 2964 manerio
1405 2899 1446 2964 de

340 3001 458 3066 Atford
473 3023 548 3066 oum
563 3001 771 3087 pertinenciis
790 3001 877 3066 unde
897 3001 1059 3066 Henricus
1078 3001 1228 3066 saisinam
1251 3000 1367 3067 habuit
1389 3025 1448 3088 per

340 3115 529 3192 preceptum
558 3105 681 3172 domini
710 3107 810 3194 Regis
837 3115 877 3171 ut
903 3105 909 3193 Ι
937 3106 1017 3171 dicit
1046 3106 1132 3171 unde
1162 3106 1249 3171 idem
1286 3107 1447 3173 Henricus

340 3211 482 3276 ostendit
501 3210 588 3296 quod
607 3232 665 3296 per
683 3211 783 3276 breue
803 3209 926 3275 domini
945 3209 1045 3298 Regis
1067 3209 1183 3276 habuit
1204 3211 1272 3298 ipse
1295 3211 1446 3277 saisinam

340 3314 427 3380 illius
456 3323 540 3379 terre
571 3335 645 3379 cum
674 3314 819 3400 predicto
848 3314 998 3380 Johanne
1027 3314 1153 3379 racione
1177 3315 1322 3380 custodio
1345 3316 1446 3402 ipdus

339 3417 363 3484 J
364 3418 507 3483 ohannis.
553 3418 597 3482 Et
616 3417 795 3482 uicecomes
814 3417 904 3482 misit
923 3417 1022 3482 breue
1038 3417 1160 3485 domini
1175 3417 1275 3504 Regis
1289 3440 1347 3504 per
1361 3418 1447 3506 quod

341 3521 418 3586 fecit
441 3519 472 3584 ei
497 3519 615 3585 habere
638 3519 789 3584 seisinam
814 3519 850 3584 in
876 3519 935 3584 heo
962 3519 1076 3584 verba:
1107 3519 1150 3584 H.
1174 3519 1227 3583 dei
1252 3521 1361 3606 gracia
1385 3531 1446 3587 etc.

341 3623 524 3689 uicecomiti
552 3623 643 3688 Dors.
673 3623 821 3689 salutem.
869 3623 1069 3709 Preeipimus
1098 3623 1160 3688 tibi
1189 3625 1276 3710 quod
1304 3625 1339 3690 in
1367 3647 1446 3711 pace

341 3727 458 3792 habere
488 3726 585 3790 facias
610 3726 751 3791 Hemico
777 3725 817 3790 de
844 3725 1065 3812 Francheiney
1090 3726 1270 3790 custodiam
1296 3735 1380 3792 term
1406 3728 1446 3793 de

340 3829 457 3896 Atford
472 3829 649 3916 Oskelling'
664 3851 762 3915 quam
778 3830 815 3894 R.
832 3829 972 3894 Dunhol.
988 3829 1166 3914 Episcopus
1184 3830 1289 3895 eidem
1305 3831 1447 3895 Hemico

340 3935 479 4001 contulit
498 3955 538 3999 ea
557 3934 718 3998 occasione
737 3933 823 4020 quod
838 3933 987 3998 dominus
1002 3934 1073 3998 Rex
1088 3934 1110 3998 J
1112 3933 1254 3998 ohannes
1268 3934 1445 4020 predictam

340 4037 518 4104 custodiam
555 4036 660 4101 eidem
697 4037 845 4123 episcopo
879 4035 1018 4104 contulit
1052 4036 1139 4100 unde
1168 4037 1255 4101 idem
1285 4037 1447 4102 Haurieus

340 4141 595 4236 queriturquod
620 4141 704 4206 sicut
729 4142 798 4227 ipse
823 4141 886 4206 fuit
909 4142 944 4205 in
968 4139 1086 4205 seisina
1110 4139 1198 4204 illius
1222 4140 1366 4205 custodie
1390 4164 1448 4226 per

340 4254 528 4331 preceptum
558 4243 681 4307 domini
710 4243 810 4330 Regis
838 4265 897 4328 per
920 4243 1020 4308 breue
1046 4263 1142 4307 suum
1166 4242 1258 4306 uenit
1284 4243 1448 4328 predictus

339 4348 506 4414 Johannes
527 4357 561 4412 et
584 4348 756 4413 aramiauit
776 4348 907 4412 assisam
926 4371 1009 4413 noue
1028 4347 1194 4414 disscisino
1212 4370 1325 4412 uersus
1340 4347 1446 4433 ipsum

786 4465 861 4530 ¹Qu.
875 4468 990 4529 Hupoue.
