<?xml version="1.0" encoding="UTF-8"?>
<!DOCTYPE html PUBLIC "-//W3C//DTD XHTML 1.0 Transitional//EN"
    "http://www.w3.org/TR/xhtml1/DTD/xhtml1-transitional.dtd">
<html xmlns="http://www.w3.org/1999/xhtml" xml:lang="en" lang="en">
 <head>
  <title>
</title>
<meta http-equiv="Content-Type" content="text/html;charset=utf-8" />
  <meta name='ocr-system' content='tesseract 3.04.00' />
  <meta name='ocr-capabilities' content='ocr_page ocr_carea ocr_par ocr_line ocrx_word'/>
</head>
<body>
  <div class='ocr_page' id='page_1' title='image "./bractonsnoteboo04bracgoog_0298.png"; bbox 0 0 3276 5234; ppageno 0'>
   <div class='ocr_carea' id='block_1_1' title="bbox 368 407 1268 483">
    <p class='ocr_par' dir='ltr' id='par_1_1' title="bbox 368 407 1268 483">
     <span class='ocr_line' id='line_1_1' title="bbox 368 407 1268 483; baseline -0.004 -7"><span class='ocrx_word' id='word_1_1' title='bbox 368 413 431 476; x_wconf 80' lang='lat'>290</span> <span class='ocrx_word' id='word_1_2' title='bbox 576 421 809 483; x_wconf 75' lang='lat' dir='ltr'>incusamus,</span> <span class='ocrx_word' id='word_1_3' title='bbox 831 421 896 470; x_wconf 67' lang='lat' dir='ltr'>sn.</span> <span class='ocrx_word' id='word_1_4' title='bbox 922 408 1016 482; x_wconf 80' lang='lat'>1229,</span> <span class='ocrx_word' id='word_1_5' title='bbox 1039 421 1104 470; x_wconf 68' lang='lat' dir='ltr'>aa</span> <span class='ocrx_word' id='word_1_6' title='bbox 1130 407 1268 472; x_wconf 81' lang='lat'>13-14.</span> 
     </span>
    </p>
   </div>
   <div class='ocr_carea' id='block_1_2' title="bbox 368 591 1476 987">
    <p class='ocr_par' dir='ltr' id='par_1_2' title="bbox 368 591 1476 987">
     <span class='ocr_line' id='line_1_2' title="bbox 368 591 1475 680; baseline -0.005 -20"><span class='ocrx_word' id='word_1_7' title='bbox 368 596 524 662; x_wconf 89' lang='lat' dir='ltr'>Stoctona</span> <span class='ocrx_word' id='word_1_8' title='bbox 547 594 589 659; x_wconf 89' lang='lat' dir='ltr'>ad</span> <span class='ocrx_word' id='word_1_9' title='bbox 612 617 710 680; x_wconf 89' lang='lat' dir='ltr'>quam</span> <span class='ocrx_word' id='word_1_10' title='bbox 740 593 865 679; x_wconf 88' lang='lat' dir='ltr'>capella</span> <span class='ocrx_word' id='word_1_11' title='bbox 890 593 948 656; x_wconf 88' lang='lat' dir='ltr'>illa</span> <span class='ocrx_word' id='word_1_12' title='bbox 976 591 1120 678; x_wconf 75' lang='lat' dir='ltr'>pertinet</span> <span class='ocrx_word' id='word_1_13' title='bbox 1149 599 1184 656; x_wconf 88' lang='lat' dir='ltr'>et</span> <span class='ocrx_word' id='word_1_14' title='bbox 1213 599 1264 656; x_wconf 91' lang='lat' dir='ltr'>est</span> <span class='ocrx_word' id='word_1_15' title='bbox 1292 591 1327 655; x_wconf 94' lang='lat' dir='ltr'>in</span> <span class='ocrx_word' id='word_1_16' title='bbox 1357 591 1475 656; x_wconf 81' lang='lat' dir='ltr'>saisina</span> 
     </span>
     <span class='ocr_line' id='line_1_3' title="bbox 368 694 1476 784; baseline -0.005 -20"><span class='ocrx_word' id='word_1_17' title='bbox 368 698 545 764; x_wconf 84' lang='lat' dir='ltr'>decadem</span> <span class='ocrx_word' id='word_1_18' title='bbox 569 697 693 784; x_wconf 87' lang='lat' dir='ltr'>capella</span> <span class='ocrx_word' id='word_1_19' title='bbox 715 705 754 760; x_wconf 93' lang='lat' dir='ltr'>ut</span> <span class='ocrx_word' id='word_1_20' title='bbox 778 696 819 760; x_wconf 91' lang='lat' dir='ltr'>de</span> <span class='ocrx_word' id='word_1_21' title='bbox 845 717 885 760; x_wconf 90' lang='lat' dir='ltr'>ea</span> <span class='ocrx_word' id='word_1_22' title='bbox 907 697 947 760; x_wconf 91' lang='lat' dir='ltr'>de</span> <span class='ocrx_word' id='word_1_23' title='bbox 974 717 1040 780; x_wconf 86' lang='lat' dir='ltr'>qua</span> <span class='ocrx_word' id='word_1_24' title='bbox 1064 696 1210 782; x_wconf 79' lang='lat' dir='ltr'>percepit</span> <span class='ocrx_word' id='word_1_25' title='bbox 1238 695 1303 760; x_wconf 91' lang='lat' dir='ltr'>duo</span> <span class='ocrx_word' id='word_1_26' title='bbox 1332 694 1476 759; x_wconf 84' lang='lat' dir='ltr'>bisancia</span> 
     </span>
     <span class='ocr_line' id='line_1_4' title="bbox 368 797 1475 888; baseline -0.005 -22"><span class='ocrx_word' id='word_1_27' title='bbox 368 801 504 888; x_wconf 86' lang='lat' dir='ltr'>singulis</span> <span class='ocrx_word' id='word_1_28' title='bbox 518 799 612 864; x_wconf 89' lang='lat' dir='ltr'>annis</span> <span class='ocrx_word' id='word_1_29' title='bbox 626 799 756 865; x_wconf 89' lang='lat' dir='ltr'>nomine</span> <span class='ocrx_word' id='word_1_30' title='bbox 772 797 935 884; x_wconf 82' lang='lat' dir='ltr'>pensionis</span> <span class='ocrx_word' id='word_1_31' title='bbox 950 798 1037 862; x_wconf 89' lang='lat' dir='ltr'>unde</span> <span class='ocrx_word' id='word_1_32' title='bbox 1059 797 1140 862; x_wconf 90' lang='lat' dir='ltr'>dicit</span> <span class='ocrx_word' id='word_1_33' title='bbox 1160 797 1247 884; x_wconf 92' lang='lat' dir='ltr'>quod</span> <span class='ocrx_word' id='word_1_34' title='bbox 1267 797 1392 884; x_wconf 89' lang='lat' dir='ltr'>capella</span> <span class='ocrx_word' id='word_1_35' title='bbox 1411 819 1475 861; x_wconf 91' lang='lat' dir='ltr'>non</span> 
     </span>
     <span class='ocr_line' id='line_1_5' title="bbox 368 899 1474 987; baseline -0.002 -21"><span class='ocrx_word' id='word_1_36' title='bbox 368 909 464 966; x_wconf 85' lang='lat' dir='ltr'>uacat</span> <span class='ocrx_word' id='word_1_37' title='bbox 488 910 538 967; x_wconf 89' lang='lat' dir='ltr'>set</span> <span class='ocrx_word' id='word_1_38' title='bbox 563 901 686 966; x_wconf 85' lang='lat' dir='ltr'>uicaria</span> <span class='ocrx_word' id='word_1_39' title='bbox 708 900 796 964; x_wconf 92' lang='lat' dir='ltr'>illius</span> <span class='ocrx_word' id='word_1_40' title='bbox 819 899 942 986; x_wconf 88' lang='lat' dir='ltr'>capelle</span> <span class='ocrx_word' id='word_1_41' title='bbox 966 899 1070 964; x_wconf 92' lang='lat' dir='ltr'>solum</span> <span class='ocrx_word' id='word_1_42' title='bbox 1096 921 1155 987; x_wconf 87' lang='lat' dir='ltr'>pro</span> <span class='ocrx_word' id='word_1_43' title='bbox 1177 907 1280 964; x_wconf 86' lang='lat' dir='ltr'>morte</span> <span class='ocrx_word' id='word_1_44' title='bbox 1306 899 1474 964; x_wconf 83' lang='lat' dir='ltr'>cuiusdam</span> 
     </span>
    </p>
   </div>
   <div class='ocr_carea' id='block_1_3' title="bbox 368 1105 1477 3781">
    <p class='ocr_par' dir='ltr' id='par_1_3' title="bbox 369 1105 1477 2536">
     <span class='ocr_line' id='line_1_6' title="bbox 369 1105 1474 1194; baseline -0.002 -20"><span class='ocrx_word' id='word_1_45' title='bbox 369 1110 453 1174; x_wconf 90' lang='lat' dir='ltr'>hone</span> <span class='ocrx_word' id='word_1_46' title='bbox 479 1109 632 1174; x_wconf 89' lang='lat' dir='ltr'>memorie</span> <span class='ocrx_word' id='word_1_47' title='bbox 654 1108 785 1174; x_wconf 69' lang='lat' dir='ltr'>soffridi</span> <span class='ocrx_word' id='word_1_48' title='bbox 803 1107 966 1194; x_wconf 88' lang='lat' dir='ltr'>quondam</span> <span class='ocrx_word' id='word_1_49' title='bbox 991 1106 1142 1193; x_wconf 76' lang='lat' dir='ltr'>Episcopi</span> <span class='ocrx_word' id='word_1_50' title='bbox 1162 1105 1390 1172; x_wconf 86' lang='lat' dir='ltr'>Cicestrensis¹</span> <span class='ocrx_word' id='word_1_51' title='bbox 1411 1129 1474 1192; x_wconf 91' lang='lat' dir='ltr'>que</span> 
     </span>
     <span class='ocr_line' id='line_1_7' title="bbox 370 1207 1475 1296; baseline -0.002 -22"><span class='ocrx_word' id='word_1_52' title='bbox 370 1217 511 1276; x_wconf 86' lang='lat' dir='ltr'>testatur</span> <span class='ocrx_word' id='word_1_53' title='bbox 524 1210 611 1296; x_wconf 93' lang='lat' dir='ltr'>quod</span> <span class='ocrx_word' id='word_1_54' title='bbox 626 1210 713 1274; x_wconf 90' lang='lat' dir='ltr'>idem</span> <span class='ocrx_word' id='word_1_55' title='bbox 729 1209 906 1295; x_wconf 83' lang='lat' dir='ltr'>Episcopus</span> <span class='ocrx_word' id='word_1_56' title='bbox 926 1208 1058 1274; x_wconf 75' lang='lat' dir='ltr'>admisit</span> <span class='ocrx_word' id='word_1_57' title='bbox 1082 1209 1241 1273; x_wconf 86' lang='lat' dir='ltr'>Thomam</span> <span class='ocrx_word' id='word_1_58' title='bbox 1261 1209 1414 1274; x_wconf 88' lang='lat' dir='ltr'>clericum</span> <span class='ocrx_word' id='word_1_59' title='bbox 1434 1207 1475 1272; x_wconf 85' lang='lat' dir='ltr'>ed</span> 
     </span>
     <span class='ocr_line' id='line_1_8' title="bbox 369 1312 1477 1402; baseline -0.004 -22"><span class='ocrx_word' id='word_1_60' title='bbox 369 1325 561 1402; x_wconf 86' lang='lat' dir='ltr'>perpetuam</span> <span class='ocrx_word' id='word_1_61' title='bbox 575 1315 729 1380; x_wconf 87' lang='lat' dir='ltr'>uicariam</span> <span class='ocrx_word' id='word_1_62' title='bbox 750 1315 873 1401; x_wconf 89' lang='lat' dir='ltr'>capelle</span> <span class='ocrx_word' id='word_1_63' title='bbox 893 1314 933 1378; x_wconf 92' lang='lat' dir='ltr'>de</span> <span class='ocrx_word' id='word_1_64' title='bbox 956 1313 1177 1400; x_wconf 84' lang='lat' dir='ltr'>Lerdingtona</span> <span class='ocrx_word' id='word_1_65' title='bbox 1196 1335 1259 1400; x_wconf 89' lang='lat' dir='ltr'>que</span> <span class='ocrx_word' id='word_1_66' title='bbox 1283 1321 1333 1378; x_wconf 89' lang='lat' dir='ltr'>est</span> <span class='ocrx_word' id='word_1_67' title='bbox 1353 1312 1477 1398; x_wconf 85' lang='lat' dir='ltr'>capella</span> 
     </span>
     <span class='ocr_line' id='line_1_9' title="bbox 371 1415 1475 1502; baseline -0.003 -21"><span class='ocrx_word' id='word_1_68' title='bbox 371 1417 503 1482; x_wconf 88' lang='lat' dir='ltr'>ecclesie</span> <span class='ocrx_word' id='word_1_69' title='bbox 528 1416 569 1481; x_wconf 93' lang='lat' dir='ltr'>de</span> <span class='ocrx_word' id='word_1_70' title='bbox 597 1417 752 1481; x_wconf 89' lang='lat' dir='ltr'>Stoctona</span> <span class='ocrx_word' id='word_1_71' title='bbox 774 1416 817 1481; x_wconf 90' lang='lat' dir='ltr'>ad</span> <span class='ocrx_word' id='word_1_72' title='bbox 842 1415 1119 1502; x_wconf 84' lang='lat' dir='ltr'>presentacionem</span> <span class='ocrx_word' id='word_1_73' title='bbox 1145 1415 1311 1480; x_wconf 83' lang='lat' dir='ltr'>Godefn&#39;di</span> <span class='ocrx_word' id='word_1_74' title='bbox 1339 1435 1475 1500; x_wconf 88' lang='lat' dir='ltr'>persone</span> 
     </span>
     <span class='ocr_line' id='line_1_10' title="bbox 371 1519 1475 1586; baseline -0.003 0"><span class='ocrx_word' id='word_1_75' title='bbox 371 1521 503 1586; x_wconf 86' lang='lat' dir='ltr'>ecclesie</span> <span class='ocrx_word' id='word_1_76' title='bbox 527 1521 567 1586; x_wconf 90' lang='lat' dir='ltr'>de</span> <span class='ocrx_word' id='word_1_77' title='bbox 592 1521 749 1586; x_wconf 88' lang='lat' dir='ltr'>Stoctona</span> <span class='ocrx_word' id='word_1_78' title='bbox 777 1521 817 1586; x_wconf 91' lang='lat' dir='ltr'>de</span> <span class='ocrx_word' id='word_1_79' title='bbox 847 1543 979 1586; x_wconf 87' lang='lat' dir='ltr'>assensu</span> <span class='ocrx_word' id='word_1_80' title='bbox 1009 1519 1128 1584; x_wconf 88' lang='lat' dir='ltr'>Prioris</span> <span class='ocrx_word' id='word_1_81' title='bbox 1157 1529 1191 1584; x_wconf 91' lang='lat' dir='ltr'>et</span> <span class='ocrx_word' id='word_1_82' title='bbox 1221 1519 1413 1585; x_wconf 87' lang='lat' dir='ltr'>Conuentus</span> <span class='ocrx_word' id='word_1_83' title='bbox 1444 1519 1475 1583; x_wconf 88' lang='lat' dir='ltr'>S.</span> 
     </span>
     <span class='ocr_line' id='line_1_11' title="bbox 371 1620 1476 1707; baseline -0.002 -20"><span class='ocrx_word' id='word_1_84' title='bbox 371 1622 535 1687; x_wconf 84' lang='lat' dir='ltr'>Paucrecii</span> <span class='ocrx_word' id='word_1_85' title='bbox 571 1623 611 1687; x_wconf 91' lang='lat' dir='ltr'>de</span> <span class='ocrx_word' id='word_1_86' title='bbox 649 1623 759 1687; x_wconf 84' lang='lat' dir='ltr'>Leues</span> <span class='ocrx_word' id='word_1_87' title='bbox 795 1621 958 1687; x_wconf 88' lang='lat' dir='ltr'>reddendo</span> <span class='ocrx_word' id='word_1_88' title='bbox 992 1621 1068 1686; x_wconf 89' lang='lat' dir='ltr'>inde</span> <span class='ocrx_word' id='word_1_89' title='bbox 1102 1643 1235 1707; x_wconf 89' lang='lat' dir='ltr'>persone</span> <span class='ocrx_word' id='word_1_90' title='bbox 1268 1621 1401 1686; x_wconf 88' lang='lat' dir='ltr'>ecclesie</span> <span class='ocrx_word' id='word_1_91' title='bbox 1434 1620 1476 1685; x_wconf 93' lang='lat' dir='ltr'>de</span> 
     </span>
     <span class='ocr_line' id='line_1_12' title="bbox 372 1724 1477 1812; baseline 0.001 -22"><span class='ocrx_word' id='word_1_92' title='bbox 372 1726 527 1791; x_wconf 87' lang='lat' dir='ltr'>Stoctona</span> <span class='ocrx_word' id='word_1_93' title='bbox 562 1725 699 1812; x_wconf 87' lang='lat' dir='ltr'>singulis</span> <span class='ocrx_word' id='word_1_94' title='bbox 735 1725 828 1790; x_wconf 88' lang='lat' dir='ltr'>annis</span> <span class='ocrx_word' id='word_1_95' title='bbox 865 1725 930 1790; x_wconf 91' lang='lat' dir='ltr'>duo</span> <span class='ocrx_word' id='word_1_96' title='bbox 966 1725 1110 1790; x_wconf 78' lang='lat' dir='ltr'>bisancio</span> <span class='ocrx_word' id='word_1_97' title='bbox 1138 1724 1267 1789; x_wconf 91' lang='lat' dir='ltr'>nomine</span> <span class='ocrx_word' id='word_1_98' title='bbox 1304 1725 1477 1811; x_wconf 85' lang='lat' dir='ltr'>pensionis.</span> 
     </span>
     <span class='ocr_line' id='line_1_13' title="bbox 371 1827 1477 1914; baseline -0.001 -21"><span class='ocrx_word' id='word_1_99' title='bbox 371 1829 496 1893; x_wconf 84' lang='lat' dir='ltr'>Profert</span> <span class='ocrx_word' id='word_1_100' title='bbox 510 1827 612 1893; x_wconf 89' lang='lat' dir='ltr'>eciam</span> <span class='ocrx_word' id='word_1_101' title='bbox 627 1837 749 1893; x_wconf 84' lang='lat' dir='ltr'>cartem</span> <span class='ocrx_word' id='word_1_102' title='bbox 765 1828 922 1892; x_wconf 90' lang='lat' dir='ltr'>Willelmi</span> <span class='ocrx_word' id='word_1_103' title='bbox 937 1827 1055 1892; x_wconf 87' lang='lat' dir='ltr'>Prioris</span> <span class='ocrx_word' id='word_1_104' title='bbox 1070 1829 1110 1892; x_wconf 92' lang='lat' dir='ltr'>de</span> <span class='ocrx_word' id='word_1_105' title='bbox 1126 1828 1235 1892; x_wconf 86' lang='lat' dir='ltr'>Lewes</span> <span class='ocrx_word' id='word_1_106' title='bbox 1250 1849 1314 1914; x_wconf 85' lang='lat' dir='ltr'>que</span> <span class='ocrx_word' id='word_1_107' title='bbox 1334 1835 1477 1893; x_wconf 85' lang='lat' dir='ltr'>testatur</span> 
     </span>
     <span class='ocr_line' id='line_1_14' title="bbox 371 1931 1476 2018; baseline -0.001 -22"><span class='ocrx_word' id='word_1_108' title='bbox 371 1933 457 2018; x_wconf 90' lang='lat' dir='ltr'>quod</span> <span class='ocrx_word' id='word_1_109' title='bbox 486 1931 573 1996; x_wconf 90' lang='lat' dir='ltr'>idem</span> <span class='ocrx_word' id='word_1_110' title='bbox 602 1931 693 1996; x_wconf 83' lang='lat' dir='ltr'>Prior</span> <span class='ocrx_word' id='word_1_111' title='bbox 721 1932 877 1996; x_wconf 85' lang='lat' dir='ltr'>concessit</span> <span class='ocrx_word' id='word_1_112' title='bbox 906 1940 941 1996; x_wconf 93' lang='lat' dir='ltr'>et</span> <span class='ocrx_word' id='word_1_113' title='bbox 969 1932 1173 1996; x_wconf 89' lang='lat' dir='ltr'>confirmauit</span> <span class='ocrx_word' id='word_1_114' title='bbox 1201 1931 1325 1996; x_wconf 88' lang='lat' dir='ltr'>Thome</span> <span class='ocrx_word' id='word_1_115' title='bbox 1362 1932 1476 1996; x_wconf 87' lang='lat' dir='ltr'>clerico</span> 
     </span>
     <span class='ocr_line' id='line_1_15' title="bbox 371 2034 1476 2122; baseline 0 -22"><span class='ocrx_word' id='word_1_116' title='bbox 371 2037 527 2122; x_wconf 85' lang='lat' dir='ltr'>capellam</span> <span class='ocrx_word' id='word_1_117' title='bbox 557 2034 598 2100; x_wconf 89' lang='lat' dir='ltr'>de</span> <span class='ocrx_word' id='word_1_118' title='bbox 628 2036 849 2122; x_wconf 81' lang='lat' dir='ltr'>Lerdingtona</span> <span class='ocrx_word' id='word_1_119' title='bbox 878 2043 917 2100; x_wconf 92' lang='lat' dir='ltr'>ut</span> <span class='ocrx_word' id='word_1_120' title='bbox 939 2036 1158 2122; x_wconf 89' lang='lat' dir='ltr'>pertinentem</span> <span class='ocrx_word' id='word_1_121' title='bbox 1180 2035 1222 2100; x_wconf 91' lang='lat' dir='ltr'>ad</span> <span class='ocrx_word' id='word_1_122' title='bbox 1244 2035 1412 2100; x_wconf 87' lang='lat' dir='ltr'>ecclesiam</span> <span class='ocrx_word' id='word_1_123' title='bbox 1435 2035 1476 2100; x_wconf 87' lang='lat' dir='ltr'>de</span> 
     </span>
     <span class='ocr_line' id='line_1_16' title="bbox 373 2137 1477 2225; baseline -0.002 -21"><span class='ocrx_word' id='word_1_124' title='bbox 373 2139 528 2204; x_wconf 85' lang='lat' dir='ltr'>Stoctona</span> <span class='ocrx_word' id='word_1_125' title='bbox 556 2139 611 2204; x_wconf 85' lang='lat' dir='ltr'>ad&#39;</span> <span class='ocrx_word' id='word_1_126' title='bbox 634 2139 830 2225; x_wconf 87' lang='lat' dir='ltr'>peticionem</span> <span class='ocrx_word' id='word_1_127' title='bbox 868 2139 1035 2204; x_wconf 86' lang='lat' dir='ltr'>Godefridi</span> <span class='ocrx_word' id='word_1_128' title='bbox 1071 2161 1205 2224; x_wconf 86' lang='lat' dir='ltr'>persone</span> <span class='ocrx_word' id='word_1_129' title='bbox 1242 2137 1282 2203; x_wconf 91' lang='lat' dir='ltr'>de</span> <span class='ocrx_word' id='word_1_130' title='bbox 1320 2139 1477 2203; x_wconf 86' lang='lat' dir='ltr'>Stoctona</span> 
     </span>
     <span class='ocr_line' id='line_1_17' title="bbox 370 2240 1475 2328; baseline -0.003 -20"><span class='ocrx_word' id='word_1_131' title='bbox 370 2265 502 2308; x_wconf 82' lang='lat' dir='ltr'>assensu</span> <span class='ocrx_word' id='word_1_132' title='bbox 518 2240 649 2308; x_wconf 86' lang='lat' dir='ltr'>Saffiidi</span> <span class='ocrx_word' id='word_1_133' title='bbox 665 2241 874 2308; x_wconf 85' lang='lat' dir='ltr'>Oicestrensis</span> <span class='ocrx_word' id='word_1_134' title='bbox 890 2241 1040 2328; x_wconf 87' lang='lat' dir='ltr'>Episcopi</span> <span class='ocrx_word' id='word_1_135' title='bbox 1052 2241 1234 2306; x_wconf 82' lang='lat' dir='ltr'>habendam</span> <span class='ocrx_word' id='word_1_136' title='bbox 1250 2251 1284 2306; x_wconf 88' lang='lat' dir='ltr'>et</span> <span class='ocrx_word' id='word_1_137' title='bbox 1300 2241 1475 2306; x_wconf 81' lang='lat' dir='ltr'>tenendam</span> 
     </span>
     <span class='ocr_line' id='line_1_18' title="bbox 371 2345 1476 2432; baseline 0 -22"><span class='ocrx_word' id='word_1_138' title='bbox 371 2347 477 2432; x_wconf 89' lang='lat' dir='ltr'>quoad</span> <span class='ocrx_word' id='word_1_139' title='bbox 498 2346 627 2410; x_wconf 90' lang='lat' dir='ltr'>uiueret</span> <span class='ocrx_word' id='word_1_140' title='bbox 646 2367 705 2431; x_wconf 87' lang='lat' dir='ltr'>per</span> <span class='ocrx_word' id='word_1_141' title='bbox 724 2345 903 2432; x_wconf 88' lang='lat' dir='ltr'>predictam</span> <span class='ocrx_word' id='word_1_142' title='bbox 925 2346 1114 2432; x_wconf 90' lang='lat' dir='ltr'>pensionem</span> <span class='ocrx_word' id='word_1_143' title='bbox 1136 2355 1171 2411; x_wconf 93' lang='lat' dir='ltr'>et</span> <span class='ocrx_word' id='word_1_144' title='bbox 1192 2346 1266 2410; x_wconf 93' lang='lat' dir='ltr'>ideo</span> <span class='ocrx_word' id='word_1_145' title='bbox 1287 2346 1367 2411; x_wconf 90' lang='lat' dir='ltr'>dicit</span> <span class='ocrx_word' id='word_1_146' title='bbox 1389 2346 1476 2432; x_wconf 92' lang='lat' dir='ltr'>quod</span> 
     </span>
     <span class='ocr_line' id='line_1_19' title="bbox 371 2449 761 2536; baseline -0.005 -21"><span class='ocrx_word' id='word_1_147' title='bbox 371 2451 494 2536; x_wconf 85' lang='lat' dir='ltr'>capella</span> <span class='ocrx_word' id='word_1_148' title='bbox 508 2449 565 2513; x_wconf 87' lang='lat' dir='ltr'>illa</span> <span class='ocrx_word' id='word_1_149' title='bbox 578 2472 642 2513; x_wconf 93' lang='lat' dir='ltr'>non</span> <span class='ocrx_word' id='word_1_150' title='bbox 658 2457 761 2513; x_wconf 88' lang='lat' dir='ltr'>uacat.</span> 
     </span>
    </p>

    <p class='ocr_par' dir='ltr' id='par_1_4' title="bbox 368 2551 1477 3781">
     <span class='ocr_line' id='line_1_20' title="bbox 436 2551 1476 2638; baseline 0 -22"><span class='ocrx_word' id='word_1_151' title='bbox 436 2551 479 2616; x_wconf 92' lang='lat' dir='ltr'>Et</span> <span class='ocrx_word' id='word_1_152' title='bbox 494 2551 588 2616; x_wconf 90' lang='lat' dir='ltr'>Eudo</span> <span class='ocrx_word' id='word_1_153' title='bbox 602 2551 683 2615; x_wconf 89' lang='lat' dir='ltr'>dicit</span> <span class='ocrx_word' id='word_1_154' title='bbox 698 2551 784 2637; x_wconf 88' lang='lat' dir='ltr'>quod</span> <span class='ocrx_word' id='word_1_155' title='bbox 799 2552 923 2637; x_wconf 86' lang='lat' dir='ltr'>capella</span> <span class='ocrx_word' id='word_1_156' title='bbox 939 2575 1003 2616; x_wconf 92' lang='lat' dir='ltr'>non</span> <span class='ocrx_word' id='word_1_157' title='bbox 1019 2552 1163 2638; x_wconf 89' lang='lat' dir='ltr'>pertinet</span> <span class='ocrx_word' id='word_1_158' title='bbox 1184 2551 1226 2618; x_wconf 88' lang='lat' dir='ltr'>ad</span> <span class='ocrx_word' id='word_1_159' title='bbox 1247 2552 1414 2618; x_wconf 86' lang='lat' dir='ltr'>ecclesiam</span> <span class='ocrx_word' id='word_1_160' title='bbox 1434 2551 1476 2616; x_wconf 91' lang='lat' dir='ltr'>de</span> 
     </span>
     <span class='ocr_line' id='line_1_21' title="bbox 373 2656 1475 2742; baseline -0.004 -18"><span class='ocrx_word' id='word_1_161' title='bbox 373 2659 530 2724; x_wconf 88' lang='lat' dir='ltr'>Stoctona</span> <span class='ocrx_word' id='word_1_162' title='bbox 544 2665 578 2722; x_wconf 92' lang='lat' dir='ltr'>et</span> <span class='ocrx_word' id='word_1_163' title='bbox 593 2656 680 2742; x_wconf 90' lang='lat' dir='ltr'>quod</span> <span class='ocrx_word' id='word_1_164' title='bbox 694 2677 759 2730; x_wconf 83' lang='lat' dir='ltr'>non</span> <span class='ocrx_word' id='word_1_165' title='bbox 774 2656 873 2720; x_wconf 87' lang='lat' dir='ltr'>estin</span> <span class='ocrx_word' id='word_1_166' title='bbox 888 2656 997 2741; x_wconf 89' lang='lat' dir='ltr'>aliquo</span> <span class='ocrx_word' id='word_1_167' title='bbox 1012 2656 1160 2721; x_wconf 85' lang='lat' dir='ltr'>subiecta</span> <span class='ocrx_word' id='word_1_168' title='bbox 1180 2656 1325 2742; x_wconf 86' lang='lat' dir='ltr'>predicte</span> <span class='ocrx_word' id='word_1_169' title='bbox 1341 2656 1475 2720; x_wconf 88' lang='lat' dir='ltr'>ecclesie</span> 
     </span>
     <span class='ocr_line' id='line_1_22' title="bbox 368 2758 1477 2847; baseline -0.005 -20"><span class='ocrx_word' id='word_1_170' title='bbox 368 2763 432 2827; x_wconf 89' lang='lat' dir='ltr'>nisi</span> <span class='ocrx_word' id='word_1_171' title='bbox 460 2763 563 2827; x_wconf 89' lang='lat' dir='ltr'>solum</span> <span class='ocrx_word' id='word_1_172' title='bbox 593 2761 628 2825; x_wconf 92' lang='lat' dir='ltr'>in</span> <span class='ocrx_word' id='word_1_173' title='bbox 657 2761 804 2847; x_wconf 85' lang='lat' dir='ltr'>predicta</span> <span class='ocrx_word' id='word_1_174' title='bbox 833 2759 996 2846; x_wconf 88' lang='lat' dir='ltr'>pensione,</span> <span class='ocrx_word' id='word_1_175' title='bbox 1025 2767 1059 2823; x_wconf 90' lang='lat' dir='ltr'>et</span> <span class='ocrx_word' id='word_1_176' title='bbox 1085 2759 1145 2823; x_wconf 94' lang='lat' dir='ltr'>hoc</span> <span class='ocrx_word' id='word_1_177' title='bbox 1171 2759 1253 2824; x_wconf 90' lang='lat' dir='ltr'>bene</span> <span class='ocrx_word' id='word_1_178' title='bbox 1283 2767 1376 2844; x_wconf 87' lang='lat' dir='ltr'>patet</span> <span class='ocrx_word' id='word_1_179' title='bbox 1398 2758 1477 2846; x_wconf 85' lang='lat' dir='ltr'>quia</span> 
     </span>
     <span class='ocr_line' id='line_1_23' title="bbox 368 2859 1475 2950; baseline -0.002 -22"><span class='ocrx_word' id='word_1_180' title='bbox 368 2864 541 2950; x_wconf 87' lang='lat' dir='ltr'>aliquando</span> <span class='ocrx_word' id='word_1_181' title='bbox 556 2863 620 2927; x_wconf 90' lang='lat' dir='ltr'>fuit</span> <span class='ocrx_word' id='word_1_182' title='bbox 635 2863 803 2927; x_wconf 87' lang='lat' dir='ltr'>contencio</span> <span class='ocrx_word' id='word_1_183' title='bbox 817 2861 1025 2948; x_wconf 87' lang='lat' dir='ltr'>interipsum</span> <span class='ocrx_word' id='word_1_184' title='bbox 1041 2870 1075 2926; x_wconf 91' lang='lat' dir='ltr'>et</span> <span class='ocrx_word' id='word_1_185' title='bbox 1090 2861 1233 2925; x_wconf 91' lang='lat' dir='ltr'>Priorem</span> <span class='ocrx_word' id='word_1_186' title='bbox 1248 2859 1289 2926; x_wconf 94' lang='lat' dir='ltr'>de</span> <span class='ocrx_word' id='word_1_187' title='bbox 1310 2862 1421 2926; x_wconf 84' lang='lat' dir='ltr'>Leues</span> <span class='ocrx_word' id='word_1_188' title='bbox 1440 2861 1475 2926; x_wconf 90' lang='lat' dir='ltr'>in</span> 
     </span>
     <span class='ocr_line' id='line_1_24' title="bbox 369 2963 1476 3052; baseline -0.005 -19"><span class='ocrx_word' id='word_1_189' title='bbox 369 2967 458 3033; x_wconf 84' lang='lat' dir='ltr'>curia</span> <span class='ocrx_word' id='word_1_190' title='bbox 479 2965 602 3031; x_wconf 90' lang='lat' dir='ltr'>domini</span> <span class='ocrx_word' id='word_1_191' title='bbox 628 2965 728 3052; x_wconf 82' lang='lat' dir='ltr'>Regis</span> <span class='ocrx_word' id='word_1_192' title='bbox 756 2987 815 3052; x_wconf 89' lang='lat' dir='ltr'>per</span> <span class='ocrx_word' id='word_1_193' title='bbox 837 2965 970 3030; x_wconf 82' lang='lat' dir='ltr'>assisam</span> <span class='ocrx_word' id='word_1_194' title='bbox 1001 2965 1118 3029; x_wconf 92' lang='lat' dir='ltr'>ultime</span> <span class='ocrx_word' id='word_1_195' title='bbox 1147 2963 1398 3050; x_wconf 87' lang='lat' dir='ltr'>presentacionis</span> <span class='ocrx_word' id='word_1_196' title='bbox 1427 2964 1476 3028; x_wconf 86' lang='lat' dir='ltr'>ita</span> 
     </span>
     <span class='ocr_line' id='line_1_25' title="bbox 369 3067 1475 3158; baseline -0.002 -23"><span class='ocrx_word' id='word_1_197' title='bbox 369 3071 455 3158; x_wconf 92' lang='lat' dir='ltr'>quod</span> <span class='ocrx_word' id='word_1_198' title='bbox 470 3069 544 3134; x_wconf 87' lang='lat' dir='ltr'>finis</span> <span class='ocrx_word' id='word_1_199' title='bbox 558 3071 663 3134; x_wconf 81' lang='lat' dir='ltr'>factus</span> <span class='ocrx_word' id='word_1_200' title='bbox 678 3068 742 3132; x_wconf 88' lang='lat' dir='ltr'>fuit</span> <span class='ocrx_word' id='word_1_201' title='bbox 756 3069 843 3133; x_wconf 89' lang='lat' dir='ltr'>inter</span> <span class='ocrx_word' id='word_1_202' title='bbox 857 3091 911 3132; x_wconf 91' lang='lat' dir='ltr'>eos</span> <span class='ocrx_word' id='word_1_203' title='bbox 926 3068 961 3132; x_wconf 92' lang='lat' dir='ltr'>in</span> <span class='ocrx_word' id='word_1_204' title='bbox 976 3067 1089 3132; x_wconf 87' lang='lat' dir='ltr'>eadem</span> <span class='ocrx_word' id='word_1_205' title='bbox 1104 3069 1194 3133; x_wconf 90' lang='lat' dir='ltr'>curia</span> <span class='ocrx_word' id='word_1_206' title='bbox 1209 3091 1294 3133; x_wconf 90' lang='lat' dir='ltr'>anno</span> <span class='ocrx_word' id='word_1_207' title='bbox 1310 3077 1370 3133; x_wconf 91' lang='lat' dir='ltr'>etc.</span> <span class='ocrx_word' id='word_1_208' title='bbox 1386 3068 1475 3154; x_wconf 82' lang='lat' dir='ltr'>apud</span> 
     </span>
     <span class='ocr_line' id='line_1_26' title="bbox 369 3173 1476 3260; baseline -0.002 -22"><span class='ocrx_word' id='word_1_209' title='bbox 369 3175 480 3238; x_wconf 88' lang='lat' dir='ltr'>Lewea</span> <span class='ocrx_word' id='word_1_210' title='bbox 494 3197 600 3239; x_wconf 91' lang='lat' dir='ltr'>coram</span> <span class='ocrx_word' id='word_1_211' title='bbox 616 3174 670 3240; x_wconf 57' lang='grc' dir='ltr'>Β)</span> <span class='ocrx_word' id='word_1_212' title='bbox 684 3173 828 3238; x_wconf 84' lang='lat' dir='ltr'>Roffensi</span> <span class='ocrx_word' id='word_1_213' title='bbox 849 3173 1007 3260; x_wconf 88' lang='lat' dir='ltr'>Episcopo</span> <span class='ocrx_word' id='word_1_214' title='bbox 1022 3181 1056 3238; x_wconf 92' lang='lat' dir='ltr'>et</span> <span class='ocrx_word' id='word_1_215' title='bbox 1080 3173 1173 3237; x_wconf 88' lang='lat' dir='ltr'>sociis</span> <span class='ocrx_word' id='word_1_216' title='bbox 1193 3173 1276 3238; x_wconf 81' lang='lat' dir='ltr'>suis⁸</span> <span class='ocrx_word' id='word_1_217' title='bbox 1296 3181 1331 3238; x_wconf 88' lang='lat' dir='ltr'>et</span> <span class='ocrx_word' id='word_1_218' title='bbox 1354 3173 1476 3259; x_wconf 80' lang='lat' dir='ltr'>profert</span> 
     </span>
     <span class='ocr_line' id='line_1_27' title="bbox 368 3277 1476 3365; baseline -0.002 -23"><span class='ocrx_word' id='word_1_219' title='bbox 368 3278 593 3365; x_wconf 88' lang='lat' dir='ltr'>cirographum</span> <span class='ocrx_word' id='word_1_220' title='bbox 609 3278 695 3364; x_wconf 89' lang='lat' dir='ltr'>quod</span> <span class='ocrx_word' id='word_1_221' title='bbox 715 3285 858 3343; x_wconf 89' lang='lat' dir='ltr'>testatur</span> <span class='ocrx_word' id='word_1_222' title='bbox 879 3278 966 3363; x_wconf 93' lang='lat' dir='ltr'>quod</span> <span class='ocrx_word' id='word_1_223' title='bbox 987 3277 1152 3364; x_wconf 86' lang='lat' dir='ltr'>predictus</span> <span class='ocrx_word' id='word_1_224' title='bbox 1174 3279 1266 3343; x_wconf 91' lang='lat' dir='ltr'>Prior</span> <span class='ocrx_word' id='word_1_225' title='bbox 1286 3279 1476 3365; x_wconf 89' lang='lat' dir='ltr'>recognouit</span> 
     </span>
     <span class='ocr_line' id='line_1_28' title="bbox 369 3381 1476 3469; baseline -0.001 -22"><span class='ocrx_word' id='word_1_226' title='bbox 369 3382 616 3447; x_wconf 84' lang='lat' dir='ltr'>aduocacionem</span> <span class='ocrx_word' id='word_1_227' title='bbox 630 3381 775 3468; x_wconf 89' lang='lat' dir='ltr'>predicte</span> <span class='ocrx_word' id='word_1_228' title='bbox 790 3383 923 3447; x_wconf 89' lang='lat' dir='ltr'>ecclesie</span> <span class='ocrx_word' id='word_1_229' title='bbox 938 3383 978 3447; x_wconf 90' lang='lat' dir='ltr'>de</span> <span class='ocrx_word' id='word_1_230' title='bbox 994 3383 1215 3469; x_wconf 81' lang='lat' dir='ltr'>Lerdingtona</span> <span class='ocrx_word' id='word_1_231' title='bbox 1224 3405 1292 3449; x_wconf 90' lang='lat' dir='ltr'>esse</span> <span class='ocrx_word' id='word_1_232' title='bbox 1307 3383 1359 3448; x_wconf 88' lang='lat' dir='ltr'>ius</span> <span class='ocrx_word' id='word_1_233' title='bbox 1373 3383 1476 3469; x_wconf 83' lang='lat' dir='ltr'>ipsius</span> 
     </span>
     <span class='ocr_line' id='line_1_29' title="bbox 370 3485 1476 3562; baseline 0.003 -12"><span class='ocrx_word' id='word_1_234' title='bbox 370 3485 522 3562; x_wconf 90' lang='lat' dir='ltr'>Eudonis,</span> <span class='ocrx_word' id='word_1_235' title='bbox 537 3485 720 3552; x_wconf 87' lang='lat' dir='ltr'>habendam</span> <span class='ocrx_word' id='word_1_236' title='bbox 735 3494 769 3552; x_wconf 91' lang='lat' dir='ltr'>et</span> <span class='ocrx_word' id='word_1_237' title='bbox 789 3485 965 3550; x_wconf 85' lang='lat' dir='ltr'>tenendam</span> <span class='ocrx_word' id='word_1_238' title='bbox 981 3486 1087 3551; x_wconf 88' lang='lat' dir='ltr'>eidem</span> <span class='ocrx_word' id='word_1_239' title='bbox 1103 3486 1232 3551; x_wconf 89' lang='lat' dir='ltr'>Eudoni</span> <span class='ocrx_word' id='word_1_240' title='bbox 1247 3494 1282 3552; x_wconf 90' lang='lat' dir='ltr'>et</span> <span class='ocrx_word' id='word_1_241' title='bbox 1302 3485 1476 3553; x_wconf 88' lang='lat' dir='ltr'>heredibus</span> 
     </span>
     <span class='ocr_line' id='line_1_30' title="bbox 368 3587 1475 3667; baseline 0.002 -13"><span class='ocrx_word' id='word_1_242' title='bbox 368 3589 444 3667; x_wconf 89' lang='lat' dir='ltr'>suis,</span> <span class='ocrx_word' id='word_1_243' title='bbox 459 3587 622 3654; x_wconf 88' lang='lat' dir='ltr'>reddendo</span> <span class='ocrx_word' id='word_1_244' title='bbox 641 3588 716 3654; x_wconf 91' lang='lat' dir='ltr'>inde</span> <span class='ocrx_word' id='word_1_245' title='bbox 740 3589 911 3654; x_wconf 87' lang='lat' dir='ltr'>annuatim</span> <span class='ocrx_word' id='word_1_246' title='bbox 932 3589 1012 3654; x_wconf 93' lang='lat' dir='ltr'>duos</span> <span class='ocrx_word' id='word_1_247' title='bbox 1035 3589 1152 3654; x_wconf 88' lang='lat' dir='ltr'>solidos</span> <span class='ocrx_word' id='word_1_248' title='bbox 1176 3589 1278 3654; x_wconf 88' lang='lat' dir='ltr'>Priori</span> <span class='ocrx_word' id='word_1_249' title='bbox 1299 3589 1340 3655; x_wconf 90' lang='lat' dir='ltr'>de</span> <span class='ocrx_word' id='word_1_250' title='bbox 1363 3591 1475 3656; x_wconf 84' lang='lat' dir='ltr'>Lewes</span> 
     </span>
     <span class='ocr_line' id='line_1_31' title="bbox 369 3693 1475 3781; baseline 0 -22"><span class='ocrx_word' id='word_1_251' title='bbox 369 3702 428 3760; x_wconf 89' lang='lat' dir='ltr'>etc</span> <span class='ocrx_word' id='word_1_252' title='bbox 474 3694 519 3758; x_wconf 93' lang='lat' dir='ltr'>Et</span> <span class='ocrx_word' id='word_1_253' title='bbox 533 3694 708 3779; x_wconf 89' lang='lat' dir='ltr'>requisitus</span> <span class='ocrx_word' id='word_1_254' title='bbox 723 3693 751 3758; x_wconf 89' lang='lat' dir='ltr'>si</span> <span class='ocrx_word' id='word_1_255' title='bbox 771 3715 916 3781; x_wconf 88' lang='lat' dir='ltr'>unquam</span> <span class='ocrx_word' id='word_1_256' title='bbox 938 3701 1011 3779; x_wconf 90' lang='lat' dir='ltr'>post</span> <span class='ocrx_word' id='word_1_257' title='bbox 1033 3693 1133 3758; x_wconf 88' lang='lat' dir='ltr'>finem</span> <span class='ocrx_word' id='word_1_258' title='bbox 1156 3693 1249 3758; x_wconf 91' lang='lat' dir='ltr'>illum</span> <span class='ocrx_word' id='word_1_259' title='bbox 1271 3695 1475 3780; x_wconf 85' lang='lat' dir='ltr'>presentauit</span> 
     </span>
    </p>
   </div>
   <div class='ocr_carea' id='block_1_4' title="bbox 368 3795 1476 4299">
    <p class='ocr_par' dir='ltr' id='par_1_5' title="bbox 368 3795 1476 4299">
     <span class='ocr_line' id='line_1_32' title="bbox 368 3795 1476 3884; baseline 0.001 -23"><span class='ocrx_word' id='word_1_260' title='bbox 368 3818 537 3882; x_wconf 86' lang='lat' dir='ltr'>personam</span> <span class='ocrx_word' id='word_1_261' title='bbox 561 3795 603 3861; x_wconf 87' lang='lat' dir='ltr'>ad</span> <span class='ocrx_word' id='word_1_262' title='bbox 629 3797 764 3861; x_wconf 88' lang='lat' dir='ltr'>eandem</span> <span class='ocrx_word' id='word_1_263' title='bbox 788 3798 957 3864; x_wconf 90' lang='lat' dir='ltr'>ecclesiam</span> <span class='ocrx_word' id='word_1_264' title='bbox 981 3796 1022 3862; x_wconf 92' lang='lat' dir='ltr'>de</span> <span class='ocrx_word' id='word_1_265' title='bbox 1044 3797 1265 3883; x_wconf 81' lang='lat' dir='ltr'>Lerdingtona</span> <span class='ocrx_word' id='word_1_266' title='bbox 1286 3795 1366 3861; x_wconf 92' lang='lat' dir='ltr'>dicit</span> <span class='ocrx_word' id='word_1_267' title='bbox 1389 3797 1476 3884; x_wconf 87' lang='lat' dir='ltr'>quod</span> 
     </span>
     <span class='ocr_line' id='line_1_33' title="bbox 369 3898 1476 3986; baseline 0 -21"><span class='ocrx_word' id='word_1_268' title='bbox 369 3923 434 3965; x_wconf 89' lang='lat' dir='ltr'>non</span> <span class='ocrx_word' id='word_1_269' title='bbox 449 3900 527 3986; x_wconf 88' lang='lat' dir='ltr'>quia</span> <span class='ocrx_word' id='word_1_270' title='bbox 540 3898 706 3985; x_wconf 86' lang='lat' dir='ltr'>predictus</span> <span class='ocrx_word' id='word_1_271' title='bbox 721 3901 860 3965; x_wconf 88' lang='lat' dir='ltr'>Thomas</span> <span class='ocrx_word' id='word_1_272' title='bbox 881 3901 945 3966; x_wconf 85' lang='lat' dir='ltr'>fuit</span> <span class='ocrx_word' id='word_1_273' title='bbox 967 3909 1145 3986; x_wconf 88' lang='lat' dir='ltr'>perpetuus</span> <span class='ocrx_word' id='word_1_274' title='bbox 1165 3899 1305 3964; x_wconf 75' lang='lat' dir='ltr'>nicasius</span> <span class='ocrx_word' id='word_1_275' title='bbox 1328 3899 1476 3965; x_wconf 87' lang='lat' dir='ltr'>eiusdem</span> 
     </span>
     <span class='ocr_line' id='line_1_34' title="bbox 369 4003 1475 4092; baseline -0.002 -22"><span class='ocrx_word' id='word_1_276' title='bbox 369 4004 501 4070; x_wconf 89' lang='lat' dir='ltr'>ecclesie</span> <span class='ocrx_word' id='word_1_277' title='bbox 516 4013 551 4069; x_wconf 91' lang='lat' dir='ltr'>et</span> <span class='ocrx_word' id='word_1_278' title='bbox 566 4003 608 4068; x_wconf 89' lang='lat' dir='ltr'>ad</span> <span class='ocrx_word' id='word_1_279' title='bbox 622 4003 817 4091; x_wconf 90' lang='lat' dir='ltr'>peticionem</span> <span class='ocrx_word' id='word_1_280' title='bbox 833 4005 935 4092; x_wconf 86' lang='lat' dir='ltr'>ipsius</span> <span class='ocrx_word' id='word_1_281' title='bbox 949 4003 1101 4091; x_wconf 92' lang='lat' dir='ltr'>Episcopi</span> <span class='ocrx_word' id='word_1_282' title='bbox 1111 4003 1260 4090; x_wconf 87' lang='lat' dir='ltr'>permisit</span> <span class='ocrx_word' id='word_1_283' title='bbox 1271 4025 1347 4068; x_wconf 91' lang='lat' dir='ltr'>cum</span> <span class='ocrx_word' id='word_1_284' title='bbox 1363 4011 1475 4068; x_wconf 89' lang='lat' dir='ltr'>tenere</span> 
     </span>
     <span class='ocr_line' id='line_1_35' title="bbox 369 4107 1476 4196; baseline -0.002 -22"><span class='ocrx_word' id='word_1_285' title='bbox 369 4116 440 4173; x_wconf 86' lang='lat' dir='ltr'>tcta</span> <span class='ocrx_word' id='word_1_286' title='bbox 457 4109 528 4174; x_wconf 87' lang='lat' dir='ltr'>uita</span> <span class='ocrx_word' id='word_1_287' title='bbox 549 4131 615 4174; x_wconf 83' lang='lat' dir='ltr'>sua</span> <span class='ocrx_word' id='word_1_288' title='bbox 672 4109 716 4174; x_wconf 88' lang='lat' dir='ltr'>Et</span> <span class='ocrx_word' id='word_1_289' title='bbox 738 4109 816 4196; x_wconf 86' lang='lat' dir='ltr'>quie</span> <span class='ocrx_word' id='word_1_290' title='bbox 837 4109 1001 4196; x_wconf 86' lang='lat' dir='ltr'>predictus</span> <span class='ocrx_word' id='word_1_291' title='bbox 1024 4107 1218 4174; x_wconf 84' lang='lat' dir='ltr'>Godehidus</span> <span class='ocrx_word' id='word_1_292' title='bbox 1240 4107 1322 4172; x_wconf 90' lang='lat' dir='ltr'>obiit</span> <span class='ocrx_word' id='word_1_293' title='bbox 1344 4107 1476 4172; x_wconf 86' lang='lat' dir='ltr'>seisitus</span> 
     </span>
     <span class='ocr_line' id='line_1_36' title="bbox 368 4209 1476 4299; baseline 0 -23"><span class='ocrx_word' id='word_1_294' title='bbox 368 4211 408 4277; x_wconf 92' lang='lat' dir='ltr'>de</span> <span class='ocrx_word' id='word_1_295' title='bbox 431 4213 577 4298; x_wconf 89' lang='lat' dir='ltr'>predicta</span> <span class='ocrx_word' id='word_1_296' title='bbox 598 4213 723 4299; x_wconf 86' lang='lat' dir='ltr'>capella</span> <span class='ocrx_word' id='word_1_297' title='bbox 737 4221 775 4279; x_wconf 90' lang='lat' dir='ltr'>ut</span> <span class='ocrx_word' id='word_1_298' title='bbox 796 4211 982 4299; x_wconf 85' lang='lat' dir='ltr'>pertinente</span> <span class='ocrx_word' id='word_1_299' title='bbox 1006 4212 1048 4276; x_wconf 88' lang='lat' dir='ltr'>ad</span> <span class='ocrx_word' id='word_1_300' title='bbox 1063 4211 1230 4276; x_wconf 87' lang='lat' dir='ltr'>ecclesiam</span> <span class='ocrx_word' id='word_1_301' title='bbox 1254 4209 1294 4276; x_wconf 95' lang='lat' dir='ltr'>de</span> <span class='ocrx_word' id='word_1_302' title='bbox 1317 4213 1476 4278; x_wconf 86' lang='lat' dir='ltr'>Stoctona</span> 
     </span>
    </p>
   </div>
   <div class='ocr_carea' id='block_1_5' title="bbox 399 4381 1244 4503">
    <p class='ocr_par' dir='ltr' id='par_1_6' title="bbox 399 4381 1244 4503">
     <span class='ocr_line' id='line_1_37' title="bbox 399 4381 1244 4445; baseline -0.002 -11"><span class='ocrx_word' id='word_1_303' title='bbox 399 4386 408 4418; x_wconf 93' lang='lat'>¹</span> <span class='ocrx_word' id='word_1_304' title='bbox 425 4386 455 4434; x_wconf 78' lang='lat' dir='ltr'>A.</span> <span class='ocrx_word' id='word_1_305' title='bbox 467 4385 498 4436; x_wconf 87' lang='lat' dir='ltr'>D.</span> <span class='ocrx_word' id='word_1_306' title='bbox 514 4385 684 4435; x_wconf 78' lang='lat' dir='ltr'>uas-1145.</span> <span class='ocrx_word' id='word_1_307' title='bbox 974 4383 985 4414; x_wconf 81' lang='lat'><em>²</em></span> <span class='ocrx_word' id='word_1_308' title='bbox 1002 4381 1244 4445; x_wconf 77' lang='lat' dir='ltr'>Eyreol1218-9.</span> 
     </span>
     <span class='ocr_line' id='line_1_38' title="bbox 399 4450 557 4503; baseline 0.025 -4"><span class='ocrx_word' id='word_1_309' title='bbox 399 4451 409 4482; x_wconf 81' lang='lat'>²</span> <span class='ocrx_word' id='word_1_310' title='bbox 426 4450 557 4503; x_wconf 84' lang='lat' dir='ltr'>Benediot.</span> 
     </span>
    </p>
   </div>
   <div class='ocr_carea' id='block_1_6' title="bbox 0 0 1647 5234">
    <p class='ocr_par' dir='ltr' id='par_1_7' title="bbox 0 0 1647 5234">
     <span class='ocr_line' id='line_1_39' title="bbox 0 0 1647 5234; baseline 0 0"><span class='ocrx_word' id='word_1_311' title='bbox 0 0 1647 5234; x_wconf 95' lang='lat' dir='ltr'> </span> 
     </span>
    </p>
   </div>
  </div>
 </body>
</html>
