3308 5226
364 441 428 504 628
573 451 892 512 nicaenenses.
917 437 1010 513 1233,
1032 451 1095 500 aa.
1120 435 1256 504 17-18.

363 627 539 715 Adington’
555 651 618 715 que
634 636 730 694 uacat
746 635 784 693 ut
799 627 927 704 dicitur,
943 627 1036 693 cuius
1050 627 1297 696 aduocacionem
1313 627 1475 694 Ricardus

361 731 402 796 de
435 731 632 798 Wateruilla
660 733 780 797 clamat
810 755 923 797 uersus
953 733 1117 798 Abbatem
1142 735 1183 800 de
1214 721 1364 820 Suleby¹.¹
1405 731 1475 813 Qui

362 831 455 896 uenit
470 841 504 896 et
519 833 599 898 dicit
614 833 700 919 quod
715 833 815 898 assisa
828 832 949 897 nonde
969 833 1057 898 fiori¹
1077 834 1156 920 quia
1175 835 1320 922 predicte
1339 832 1477 898 ecclesie

361 958 426 1000 non
441 947 537 1001 uacet
552 935 630 1022 quie
643 937 712 1022 ipse
728 945 761 1001 et
776 934 910 1000 eeclesia
921 957 980 1000 sua
991 936 1177 1002 habuemnt
1188 961 1260 1004 eam
1275 938 1317 1003 ad
1328 936 1476 1023 proprios

361 1062 438 1104 usus
452 1062 473 1104 a
487 1047 633 1125 tempore
649 1038 749 1124 Regis
765 1039 807 1104 H.
823 1039 879 1104 ani
894 1039 934 1106 11
950 1040 1044 1105 annis
1059 1041 1176 1128 elapsis
1192 1051 1227 1106 et
1242 1064 1279 1106 eo
1294 1039 1444 1127 amplius.

426 1144 470 1208 Et
490 1142 649 1208 Ricardus
669 1142 762 1207 uenit
782 1151 816 1206 et
836 1142 917 1208 dicit
937 1144 1024 1229 quod
1044 1145 1179 1212 ecclesia
1196 1146 1253 1210 illa
1274 1153 1379 1222 uacat,
1395 1143 1476 1229 quia

359 1269 473 1311 reuera
488 1246 621 1332 quidam
640 1246 804 1310 Alnathus
819 1245 973 1332 Papillu'⁸
989 1247 1105 1312 habuit
1119 1247 1366 1312 aduoeacionem
1381 1247 1474 1311 illam

359 1350 408 1414 ita
422 1350 509 1435 quod
523 1349 616 1414 dedit
631 1351 799 1416 eeclesiam
814 1350 905 1415 illam
926 1349 1056 1416 cuidam
1079 1352 1222 1416 Mertino
1243 1353 1272 1417 le
1288 1351 1475 1417 Lumbarde

360 1455 417 1540 qui
446 1455 537 1519 illam
561 1455 671 1518 tenuit
697 1454 737 1519 de
763 1454 847 1519 dono
871 1454 973 1540 ipsius
1002 1456 1149 1534 Alnathi,
1175 1465 1210 1521 et
1239 1464 1351 1543 postea
1380 1454 1476 1519 uenit
1580 1519 1581 1522 ,

284 1631 286 1634 ,
360 1556 527 1621 Alnathus
557 1565 592 1620 et
621 1555 713 1620 dedit
736 1565 863 1620 terram
894 1557 985 1622 illam
1015 1557 1057 1623 ad
1086 1581 1184 1644 quam
1215 1557 1387 1623 aduocatio
1416 1557 1477 1621 illa

360 1655 523 1742 pertinuit
537 1654 666 1720 cuidam
683 1654 822 1719 Ricardo
835 1653 876 1719 de
892 1655 978 1746 Peck
999 1664 1034 1720 et
1054 1656 1209 1722 Matillidi
1229 1657 1323 1722 uxori
1345 1657 1416 1722 eius
1439 1664 1476 1720 et

361 1767 540 1825 tenuerunt
555 1767 675 1824 terram
691 1760 780 1824 illam
796 1767 868 1824 tota
883 1760 954 1824 uita
974 1759 1144 1846 utriusque
1166 1783 1278 1826 eorum
1303 1759 1476 1826 ueniente*

361 1865 469 1930 adhuc
498 1863 644 1950 predicto
675 1862 825 1940 1110101110,
855 1871 890 1928 00
920 1872 993 1948 post
1023 1872 1160 1929 mortem
1190 1866 1334 1951 ipsorum
1363 1865 1476 1930 tenuit

362 1967 503 2054 quedam
526 1967 667 2046 Isabelle
696 1966 764 2030 filia
785 1966 939 2058 ipsorum
952 1966 1082 2032 Ricardi
1104 1977 1139 2032 et
1163 1969 1336 2034 Matillidis
1354 1977 1476 2033 terram

363 2074 462 2149 illam,
478 2081 513 2138 et
527 2072 599 2158 ipsa
613 2081 727 2158 postea
746 2080 851 2158 nupta
871 2072 934 2136 fuit
955 2073 1090 2160 Hugoni
1108 2074 1149 2138 de
1171 2075 1365 2140 Wateruilla
1387 2074 1477 2161 patri

364 2176 458 2241 istius
474 2175 614 2252 aiendi,
629 2183 664 2240 et
678 2175 718 2239 de
734 2198 799 2261 qua
813 2175 900 2240 idem
916 2176 1016 2263 Hugo
1032 2177 1148 2242 habuit
1168 2177 1267 2242 istum
1288 2177 1476 2255 Ricardum,

364 2288 399 2344 et
414 2303 454 2345 ea
467 2281 595 2345 racione
610 2280 690 2344 dicit
705 2280 951 2345 aduocationem
971 2280 1061 2344 illam
1084 2289 1118 2345 et
1142 2282 1414 2367 presentationem
1433 2281 1477 2345 ad

366 2408 441 2450 eum
456 2385 629 2470 pertinere,
645 2394 680 2449 et
699 2383 780 2450 dicit
801 2385 888 2470 quod
910 2385 997 2449 idem
1020 2385 1182 2450 Martinus
1204 2385 1289 2450 uixit
1312 2392 1382 2450 tota
1405 2385 1478 2450 uita

365 2487 468 2573 ipsius
483 2487 642 2574 Hugonis,
655 2489 716 2552 ete.

433 2593 477 2656 Et
491 2591 603 2656 Abbas
618 2592 711 2656 uenit
726 2601 761 2656 et
776 2591 855 2657 dicit
870 2592 956 2678 quod
976 2591 1140 2678 predictus
1154 2592 1316 2657 Martinus
1331 2614 1396 2656 non
1411 2591 1477 2656 fuit

337 2727 339 2730 ·
367 2695 443 2760 inde
473 2695 536 2760 nisi
564 2694 715 2772 uicarius,
745 2703 779 2760 et
794 2737 796 2741 -
809 2695 904 2780 quod·v
924 2695 1088 2780 predictus
1124 2695 1276 2760 Amathus
1311 2694 1403 2760 dedit
1441 2703 1477 2759 et

367 2799 524 2864 concessit
553 2798 664 2863 domui
694 2821 750 2864 sue
781 2798 960 2884 predictam
990 2799 1235 2864 aduocationem
1249 2825 1250 2829 ¹
1265 2821 1322 2884 per
1350 2807 1476 2863 certam

332 2917 336 2924 '
368 2927 460 2970 suam
476 2925 574 2989 quam
590 2904 711 2990 profert
734 2912 769 2967 ct
790 2926 853 2990 que
871 2911 1013 2992 testatur
1036 2904 1121 2990 quod
1141 2904 1233 2968 dedit
1247 2903 1284 2968 ¹ei
1305 2901 1475 2968 ecclesiam

226 3051 229 3057 -
368 3008 458 3072 illam
481 3016 541 3073 etc.
586 3007 712 3072 Profert
735 3007 837 3072 eciam
860 3016 981 3073 cartam
1004 3007 1143 3094 predicti
1165 3008 1295 3074 Ricardi
1319 3007 1360 3073 de
1387 3007 1474 3072 Peck
1591 3023 1597 3032 '

368 3132 540 3196 perquam
556 3109 614 3174 dat
634 3117 669 3174 et
688 3110 859 3174 confirmat
877 3110 924 3176 eis
946 3111 1067 3176 donum
1090 3111 1179 3176 illud
1225 3111 1351 3176 Profert
1370 3111 1475 3176 eciam

367 3225 491 3281 cartam
507 3216 658 3302 Episcopi
674 3217 706 3282 S.
723 3218 872 3303 Hugonis
888 3217 1136 3283 Lincolniensis⁵
1157 3241 1219 3304 que
1239 3218 1408 3283 confirmat
1428 3219 1476 3284 eis

368 3321 536 3385 ecclesiam
560 3321 650 3386 illam
676 3321 718 3386 de
747 3321 831 3387 dono
854 3323 992 3408 predicti
1014 3323 1152 3388 Alnathi
1173 3323 1209 3388 in
1230 3324 1374 3410 proprios
1397 3347 1477 3389 usus

369 3424 559 3490 habendam.
605 3425 731 3490 Profert
760 3426 862 3492 eciam
893 3436 1015 3493 cartam
1043 3429 1193 3515 Episcopi
1216 3430 1387 3494 Willelmi⁰
1411 3452 1476 3515 que

368 3527 519 3592 similiter
532 3528 702 3593 confirmat
717 3529 763 3593 eis
778 3531 951 3602 ecclesiam
960 3531 1058 3598 illam.
1096 3533 1221 3597 Profert
1235 3533 1336 3598 eciam
1352 3540 1476 3597 certam

339 3665 340 3668 ¹
370 3629 516 3696 Sauerici
530 3631 694 3716 quondam
709 3631 937 3710 Archidiaooni
952 3635 985 3698 N
987 3636 1232 3702 orhantonensrs
1251 3660 1314 3723 que
1335 3645 1480 3702 testatur

368 3733 479 3820 qnod
469 3756 539 3818 lpse
554 3735 687 3800 admisit
701 3737 867 3802 Abbatem
882 3739 923 3804 de
939 3740 1062 3828 Suleby
1076 3741 1118 3806 ad
1137 3741 1304 3807 ecclesiam
1324 3742 1414 3808 illam
1435 3743 1478 3876 ad

369 3840 645 3925 presentationem
660 3841 799 3926 predicti
813 3844 961 3910 Alnachi.

435 3943 479 4007 Et
509 3943 668 4009 Ricardus
697 3945 778 4010 dicit
807 3949 893 4034 quod
923 3959 1013 4015 carta
1041 3951 1179 4016 Alnathi
1208 3952 1239 4016 ei
1268 3973 1382 4017 nocere
1413 3976 1478 4017 non

368 4046 477 4124 debet,
493 4047 571 4132 quia
584 4069 699 4112 reuera
713 4048 800 4114 idem
815 4051 1086 4139 Alnathusprius
1096 4054 1230 4120 dederat
1245 4055 1323 4140 ipsis
1338 4055 1479 4120 Ricardo

367 4149 420 4214 del
443 4149 530 4213 Peck
553 4157 588 4213 et
611 4149 767 4216 Matillidi
788 4161 909 4248 terram
932 4155 1021 4221 illam
1044 4157 1205 4244 adquam
1228 4158 1400 4224 aduoeeeio
1422 4160 1482 4225 illa

402 4283 518 4347 ι1811111
549 4283 695 4350 0011110011)
696 4291 750 4350 ton,
782 4288 894 4340 Monast.
979 4292 1078 4345 ⁴(terr.
1092 4296 1203 4356 uiuente,
1217 4295 1248 4344 0

368 4299 1326 4444 1016071101.161111101186-1000,

400 4411 495 4466 ’0011Ι
510 4415 644 4465 nosceta
654 4419 830 4481 1110110011·μο
979 4422 1122 4474 ⁶Willr'am
1133 4425 1162 4474 01
1171 4424 1253 4484 Β10111.
1266 4426 1439 4478 laos-1206.

399 4451 747 4544 ’Μοη1111.111010....1611901
832 4491 833 4495 ’
