3308 5226
360 431 424 494 640
664 443 806 504 num,
829 443 894 492 nn.
921 430 1013 504 1234,
1035 443 1100 494 aa
1125 432 1174 494 18.

360 615 453 680 Dom.
478 615 578 702 Regis
600 614 703 700 cepit¹
724 613 800 678 iude
821 614 953 699 explete
972 613 1014 678 ad
1036 615 1217 680 ualenciem
1237 639 1263 680 v.
1288 617 1354 694 sol„
1374 617 1468 680 etde

360 719 505 805 predicto
520 719 660 784 Radulfo
675 718 842 783 descendit
857 718 914 782 ius·
923 726 1009 782 terre
1023 718 1111 783 illius
1126 719 1255 784 cuidam
1270 721 1293 786 J
1294 720 1416 786 ohanni
1431 729 1468 784 ut

361 823 427 887 filio
442 830 477 886 et
492 821 602 887 heredi
618 821 707 886 etde
723 821 868 907 predicto
882 821 906 886 J
907 821 1034 886 ohanne
1054 821 1111 886 isti
1131 822 1272 887 Radulso
1295 823 1352 909 qui
1367 823 1469 888 nunc²

360 926 445 1012 petit
460 935 498 990 ut
513 925 580 990 filio
595 934 629 990 et
644 924 764 1002 heredi,
780 933 814 988 et
829 923 916 1010 quod
930 924 997 988 tale
1012 924 1055 988 sit
1069 924 1121 989 ius
1135 947 1231 990 suum
1246 927 1341 990 offert
1356 935 1416 1008 etc

426 1032 469 1096 Et
485 1030 683 1096 Benedictus
698 1030 791 1094 uenit
805 1039 840 1094 et
854 1026 934 1094 dicit
950 1029 1036 1116 quod
1047 1052 1112 1094 non
1124 1030 1223 1096 debet
1234 1031 1264 1096 ei
1275 1031 1468 1119 respondem

360 1135 437 1221 quie
451 1137 531 1200 alias
544 1158 651 1200 coram
667 1134 853 1199 iusticiariis
871 1134 1103 1199 itinerantibus
1121 1144 1204 1221 aput
1222 1135 1414 1200 Wiltoniam
1434 1135 1468 1200 in

360 1261 437 1304 corn
462 1239 587 1304 Wiltes.
611 1239 716 1303 sactus
739 1237 802 1302 fuit
825 1237 899 1302 finis
921 1237 1008 1301 inter
1029 1237 1212 1323 predictum
1235 1239 1416 1304 Robertum
1434 1249 1469 1303 et

360 1341 542 1428 predictum
566 1341 781 1406 Benedictum
804 1340 844 1405 de
867 1340 981 1405 eadem
1003 1347 1092 1405 terre
1115 1341 1202 1405 unde
1224 1341 1382 1427 placitum
1404 1341 1468 1406 fuit

359 1445 446 1509 inter
473 1467 528 1509 eos
557 1444 598 1508 de
628 1442 786 1508 warancis
814 1451 902 1507 carte
932 1441 990 1506 ubi
1026 1442 1113 1507 idem
1151 1443 1310 1508 Radulfus
1340 1444 1467 1508 nullum

359 1548 512 1613 elamium
534 1546 685 1633 apposuit
707 1568 767 1610 nec
789 1545 907 1631 aliquis
929 1567 986 1631 pro
1009 1567 1053 1610 eo.
1099 1546 1217 1610 Postea
1238 1555 1396 1612 testatum
1418 1555 1469 1612 est
1538 1577 1545 1584 ·

360 1676 418 1740 per
431 1653 526 1718 Dom.
540 1652 720 1717 Robertum
735 1650 776 1715 de
793 1649 1011 1737 Lexingtona⁸
1031 1650 1118 1736 quod
1137 1651 1225 1736 apud
1248 1651 1467 1716 Domestriam

360 1757 417 1822 ubi
446 1755 680 1844 cyrographum
712 1755 886 1820 liberatum
917 1754 989 1824 fuit,
1008 1754 1160 1840 apposuit
1189 1755 1274 1820 idem
1307 1755 1467 1820 Redulfus

359 1862 511 1928 clamium
527 1860 646 1942 suum⁴.
691 1861 735 1924 Et
751 1861 823 1926 ideo
839 1859 1037 1925 Benedictus
1052 1860 1139 1925 dicat
1154 1861 1251 1926 aliud
1297 1861 1341 1926 Et
1362 1863 1466 1926 Bene·

358 1967 465 2032 dictus
480 1967 573 2032 uenit
587 1975 621 2030 et
637 1965 782 2031 defendit
802 1965 854 2029 ius
874 1988 970 2030 suum
993 1988 1080 2030 nune
1102 1973 1136 2029 et
1158 1965 1238 2030 alias
1260 1975 1294 2030 et
1313 1966 1466 2031 seisinam

349 2069 460 2154 ,ipsius
475 2069 605 2138 Redulfi
620 2068 675 2134 aui
695 2067 746 2132 sui
764 2076 798 2132 et
818 2067 911 2152 ponit
930 2090 965 2132 se
986 2068 1020 2132 in
1041 2090 1192 2155 magnam
1215 2068 1347 2133 assisam
1371 2069 1465 2134 Dorn

359 2172 467 2259 Regis,
496 2180 531 2237 et
560 2172 645 2258 petit
674 2169 929 2257 recognicionem
959 2169 1029 2234 fieri
1058 2178 1133 2234 uter
1154 2192 1265 2236 eorum
1287 2171 1395 2235 maius
1416 2171 1467 2236 ius

358 2273 477 2339 habeat
503 2274 538 2338 in
567 2282 654 2338 terra
682 2272 747 2350 illa,
777 2281 811 2336 et
839 2271 933 2336 offert
957 2271 1051 2336 Dom.
1084 2271 1168 2358 Regi
1192 2272 1217 2358 j.
1242 2279 1384 2338 marcam
1408 2295 1466 2359 pro

357 2370 506 2443 habenda
521 2377 686 2442 mencione
702 2377 742 2442 de
758 2376 876 2456 seisina
889 2375 1028 2462 predicti
1048 2377 1179 2442 Radulfi
1199 2386 1344 2463 tempore
1366 2379 1467 2466 Regis

357 2485 399 2548 H.
414 2481 495 2548 aui‘.
541 2483 585 2546 Et
599 2482 768 2568 recipitur·
806 2483 851 2546 *Et
868 2481 1065 2548 Benedictus
1079 2483 1173 2570 ponit
1188 2484 1257 2548 loco
1272 2479 1343 2548 etc

423 2586 587 2652 Galfiidus
621 2587 708 2651 filius
737 2587 897 2652 dohannis
926 2586 1014 2650 filius
1049 2587 1201 2673 Hugonis
1237 2587 1322 2673 petit
1352 2610 1466 2652 uersus

255 2711 301 2740 ¹⁰¹2
357 2689 499 2756 Priorem
529 2691 569 2756 de
601 2692 631 2757 S.
663 2691 892 2778 Fredeswyda⁰
921 2691 1000 2777 xiiij.
1031 2700 1136 2756 certes
1166 2715 1245 2778 quas
1275 2693 1306 2757 ei
1343 2693 1465 2758 iniuste

356 2793 483 2860 detinet
498 2803 537 2859 ut
552 2795 633 2860 dicit
652 2791 755 2882 ⁷qu0d
773 2797 796 2860 J
797 2795 940 2860 ohannes
962 2793 1049 2858 filius
1071 2795 1223 2882 Hugonis
1243 2797 1372 2882 quando
1393 2821 1465 2883 pro-

356 2901 460 2964 iectus
476 2900 539 2964 fuit
558 2900 594 2964 in
614 2909 734 2965 terrem
754 2909 899 2965 sanctam
921 2900 994 2964 illas
1011 2900 1057 2964 ibi
1079 2900 1216 2966 tradidit
1239 2903 1465 2968 custodiendas

356 3012 391 3068 et
405 3003 481 3068 inde
496 3003 646 3090 producit
661 3013 782 3070 sectam
798 3005 1013 3069 sufficientem
1033 3013 1068 3069 et
1087 3005 1174 3091 quod
1196 3006 1315 3071 tradite
1331 3008 1465 3072 fuerunt

356 3107 580 3174 antecessoris⁸
595 3109 713 3174 Prioris
728 3109 784 3194 qui
799 3131 885 3172 nunc
901 3117 951 3172 est
966 3107 1030 3172 scii
1047 3108 1176 3173 cuidam
1193 3109 1328 3196 Symoni
1342 3111 1452 3176 Priori
1488 3194 1490 3196 Ι

422 3214 466 3278 Et
488 3214 579 3278 Prior
598 3236 656 3299 per
673 3221 875 3278 attenuatum
898 3231 993 3276 suum
1017 3212 1110 3276 uenit
1132 3219 1167 3276 et
1188 3212 1335 3278 defendit
1352 3225 1478 3279 contra·

355 3318 463 3404 ipsum
487 3327 522 3383 et
541 3327 663 3384 sectam
683 3316 884 3402 suam'quod
903 3316 995 3381 nulla
1012 3323 1102 3380 carta
1124 3316 1155 3380 ei
1178 3317 1300 3382 tradita
1321 3318 1393 3396 fuit,
1414 3328 1464 3384 set

356 3423 459 3486 nescit
481 3423 515 3486 in
537 3423 677 3487 ueritate
700 3421 727 3485 si
750 3421 860 3506 alique
881 3430 972 3484 carta
993 3419 1116 3484 tradita
1137 3429 1223 3486 esset
1248 3423 1464 3508 predecessori

356 3547 422 3604 suo,
438 3535 472 3591 et
487 3526 572 3611 petit
586 3525 673 3590 diem
689 3524 774 3610 quod
789 3524 890 3610 possit
901 3525 1072 3610 inquirere,
1088 3533 1123 3590 et
1137 3524 1245 3591 habet.
1291 3527 1399 3594 Datus
1414 3537 1464 3593 est
1549 3527 1580 3559 ·“

355 3629 425 3695 dies
440 3638 498 3694 etc
515 3639 549 3694 et
565 3629 729 3695 Galfridus
744 3629 836 3713 ponit
851 3627 918 3692 loco
934 3636 994 3692 etc.

234 3757 307 3820 333·
420 3734 532 3798 Assisa
546 3733 638 3798 uenit
650 3732 854 3818 recognitum
864 3732 892 3795 si
902 3732 925 3796 J
927 3731 1069 3796 ohannes
1082 3732 1168 3796 filius
1177 3733 1266 3797 Petri
1281 3736 1464 3800 auunculus

233 3853 303 3892 m
356 3838 501 3904 Dionisie
516 3837 581 3902 filie
598 3835 755 3900 Willelmi
770 3843 804 3899 et
825 3835 964 3920 Agnetis
987 3836 1101 3901 sororis
1118 3837 1188 3902 eius
1211 3838 1318 3902 uxoris
1339 3839 1412 3905 Ade
1434 3841 1463 3906 le

193 3915 299 4048 diffie
312 3960 342 4047 {2
355 3941 509 4029 Moingne
525 3940 588 4005 fuit
603 3939 733 4004 scisitus
747 3937 782 4002 in
802 3937 962 4002 dominico
982 3961 1040 4002 suo
1061 3947 1100 4004 ut
1119 3940 1160 4004 de
1181 3941 1273 4006 feodo
1295 3941 1336 4007 de
1361 3943 1381 4006 l.
1402 3967 1462 4009 aer.
1503 3971 1506 3975 ·

192 4055 294 4094 dominico

192 4101 342 4196 Ἐκ·
388 4149 627 4228 leoincapienuo.
932 4157 1037 4220 parties.
1075 4159 1177 4210 SesBr.
1192 4160 1280 4211 f.436.

194 4197 330 4282 affl?
387 4231 398 4262 ²
431 4225 675 4290 uicuncropeated.
753 4285 755 4288 ¹
965 4223 1254 4278 ὓΒοεε()ο.Ιιὶὲ.293ιι

194 4289 267 4330 ”¹¹¹2
388 4247 438 4344 ’i
458 4293 535 4358 judge
557 4293 615 4343 who
634 4293 703 4341 went
725 4289 769 4340 tha
788 4289 881 4338 Dorset
964 4287 1097 4338 6Οιίοτᾶ.

356 4360 540 4458 cypsinlttl.
593 4421 599 4434 ι
641 4420 668 4470 Η
706 4419 754 4469 eh·
828 4418 848 4467 h
963 4352 1225 4469 {gupplycttedtcit

311 4517 313 4520 -
356 4491 401 4542 ne
415 4425 634 4553 diditi&
650 4433 880 4536 itud&
963 4433 1232 4536 nstitutum·
