3314 5238
483 445 619 504 maran,
640 444 704 494 an.
731 432 824 508 1231,
845 444 908 494 aa
935 432 984 494 15.
1225 431 1287 492 441

42 596 50 687 l
177 615 262 680 lctur
277 623 312 678 et
328 615 421 701 quod
437 616 523 682 idem
545 617 644 702 Hugo
663 615 841 680 satisfaciat
860 615 892 679 ei
914 614 953 680 de
976 614 1126 702 dampnis
1148 623 1182 680 et
1203 615 1290 700 quod

43 764 50 783 .
177 719 409 784 custodiantur
425 743 537 786 ornnes
552 729 806 808 transgressores.

78 833 132 898 567,
241 821 408 890 Ricardus
425 827 465 890 de
481 825 706 890 Blochesduna
720 825 926 890 athachiatus
948 825 1011 890 fuit
1033 825 1075 890 ad
1097 824 1289 910 responden·
1371 853 1384 882 ο

176 925 253 990 dum
268 927 404 992 Abbati
420 928 460 993 de
475 927 653 1014 Flexlegha
664 949 762 1012 qnare
772 928 948 1012 prostrauit
958 929 1119 1014 quoddam
1134 931 1290 994 fossatum

176 1031 261 1118 quod
291 1031 386 1096 idem
419 1032 531 1096 Abbas
560 1032 600 1096 de
630 1031 765 1096 licencia
792 1031 886 1097 Dom.
917 1033 1017 1118 Reg'm
1046 1033 1172 1098 leuauit
1208 1032 1292 1098 circa

176 1134 310 1198 boscum
328 1135 373 1200 de
391 1135 580 1222 Tunbrugg'
596 1156 694 1220 quem
710 1134 802 1198 Dom.
819 1135 890 1199 Rex
906 1135 936 1199 ei
956 1135 1047 1200 dedit
1067 1144 1102 1200 et
1124 1143 1213 1200 carta
1232 1158 1291 1201 sua

174 1237 389 1304 confirmauit
412 1249 473 1304 etc.
496 1247 530 1302 et
552 1239 639 1304 unde
673 1238 758 1303 idem
786 1237 898 1304 Abbas
920 1238 1000 1304 dicit
1022 1239 1108 1326 quod
1129 1261 1188 1325 per
1216 1263 1289 1326 pro-

173 1343 374 1407 stracionem
407 1343 497 1408 illam
523 1343 738 1408 deterioratus
766 1352 817 1408 est
846 1354 881 1409 et
910 1344 1088 1430 dampnum
1118 1343 1219 1409 habet
1248 1344 1290 1409 ad

174 1443 361 1509 ualenciam
380 1453 440 1510 etc.
458 1453 491 1509 et
506 1445 581 1509 inde
596 1445 745 1530 producit
759 1453 888 1510 sectam.

238 1547 284 1611 Et
313 1548 479 1612 Ricardus
506 1547 598 1613 uenit
622 1557 656 1612 et
678 1548 824 1613 defendit
848 1557 960 1614 contra
981 1549 1088 1635 ipsum
1111 1557 1145 1612 et
1167 1557 1289 1614 sectam

173 1675 265 1716 suam
283 1653 378 1738 quod
395 1653 464 1738 ipse
480 1652 606 1716 nullum
622 1653 777 1716 fossatum
798 1652 975 1739 prostrauit
995 1661 1029 1717 et
1050 1653 1077 1718 si
1091 1662 1289 1739 prostratum

174 1763 222 1818 est
238 1755 301 1820 hoc
317 1763 454 1820 nonest
470 1778 527 1841 per
540 1755 647 1840 ipsum
660 1765 710 1820 set
720 1779 778 1841 per
788 1756 949 1822 Comitem
959 1757 1159 1822 Willelmum
1171 1757 1289 1821 Mares-

174 1858 293 1922 callnm
310 1865 516 1943 prostratum
536 1857 599 1920 fuit
615 1866 649 1921 et
664 1857 739 1922 inde
755 1859 876 1943 profert
892 1858 1002 1922 literas
1018 1858 1156 1924 Comitis
1175 1867 1289 1944 paten-

175 1969 224 2024 tes
239 1968 275 2023 ct
292 1959 513 2024 testificantes
528 1959 613 2045 quod
629 1959 697 2044 ipse
713 1959 851 2024 aduocat
866 1960 1116 2046 prostracionem
1131 1960 1228 2024 illam.

241 2063 287 2126 Et
313 2063 431 2126 Abbas
452 2062 531 2125 dicit
555 2061 642 2146 quod
663 2061 733 2146 ipse
756 2061 914 2126 Ricardus
935 2062 1111 2146 prostrauit
1133 2063 1289 2127 fossatum

175 2166 257 2231 illud
274 2177 310 2231 et
327 2189 391 2253 per
404 2165 654 2252 prostracionem
676 2165 766 2229 illam
788 2165 888 2229 habet
910 2166 1091 2251 predictum
1112 2165 1290 2252 dampnum

176 2281 210 2334 et
224 2270 305 2336 inde
321 2271 419 2358 ponit
441 2293 475 2334 se
496 2291 592 2355 super
614 2269 752 2354 patriam
774 2278 807 2334 et
830 2271 924 2334 offert
947 2271 1039 2334 Dom.
1063 2270 1147 2356 Regi
1169 2294 1219 2335 xx.
1235 2271 1289 2336 sol.

176 2397 233 2460 pro
245 2376 404 2441 habenda
413 2375 623 2461 inquisicione
636 2383 670 2438 et
681 2373 910 2439 admittuntur.
956 2375 999 2438 Et
1014 2374 1086 2439 ideo
1101 2384 1290 2461 preceptum

177 2487 226 2542 est
242 2479 437 2544 uicecomiti
452 2478 538 2564 quod
552 2501 658 2542 coram
673 2500 711 2542 eo
727 2487 761 2542 et
776 2500 881 2542 coram
897 2476 1084 2542 custodibus
1099 2477 1290 2563 placitorum

178 2603 294 2648 corone
319 2581 492 2648 conuenire
513 2581 610 2646 faciat
632 2581 684 2667 xij.
702 2589 736 2645 et
756 2603 814 2666 per
834 2603 944 2646 eorum
965 2591 1202 2649 sacramentum
1223 2592 1292 2660 etc..

178 2687 205 2750 si
234 2685 408 2772 predictus
437 2685 594 2750 Ricardus
621 2685 799 2770 prostrauit
822 2687 977 2750 fossatum
1001 2685 1083 2750 illud
1113 2686 1291 2751 secundum

179 2791 267 2876 quod
291 2789 479 2877 predictum
503 2797 561 2866 est,
576 2799 611 2855 et
632 2790 661 2854 si
682 2791 764 2855 illud
786 2790 971 2876 prostrauit,
993 2791 1089 2876 quale
1111 2791 1290 2876 dampnum

180 2894 267 2959 idem
301 2893 415 2958 Abbas
444 2893 560 2958 habuit
589 2916 647 2980 per
675 2894 925 2980 prostracionom
955 2893 1044 2958 illam
1074 2902 1143 2971 etc,
1173 2903 1208 2958 et
1242 2895 1291 2958 in-

181 2999 397 3083 quisicionem
412 2997 491 3061 scire
507 2997 604 3062 faciat
619 3005 678 3062 etc.
694 3019 753 3082 per
767 2996 878 3061 literas
893 3005 927 3061 et
942 3019 1001 3082 per
1014 2997 1095 3062 duos
1110 3007 1170 3062 etc.

84 3107 93 3120 '
131 3157 137 3169 .
247 3103 371 3168 Sibilla
406 3101 575 3188 Haringod
615 3101 803 3166 athachiata
847 3101 911 3165 fuit
950 3102 992 3167 ad
1032 3102 1291 3188 respondendum

182 3205 329 3270 Henrico
345 3204 411 3268 filio
426 3205 562 3269 Roberti
583 3203 797 3270 Parmentarii
820 3203 961 3269 London'
976 3227 1075 3291 quare
1098 3227 1162 3270 non
1184 3205 1292 3272 reddit

183 3307 213 3372 ei
226 3331 258 3373 c.
274 3307 330 3372 sol.
346 3315 381 3372 et
395 3331 468 3373 xxv.
483 3307 555 3372 den.
572 3329 651 3394 quos
666 3307 697 3371 ei
711 3307 809 3372 debet
821 3315 855 3372 et
870 3307 990 3372 iniuste
1006 3307 1133 3373 detinet
1148 3317 1187 3374 ut
1202 3309 1292 3388 dicit,

183 3420 216 3476 et
232 3412 323 3477 unde
338 3411 426 3476 idem
446 3412 608 3476 Henricus
627 3411 707 3477 dicit
729 3412 815 3498 quod
837 3412 908 3496 ipsa
928 3413 1044 3478 Sibilla
1063 3413 1094 3478 ei
1115 3413 1292 3480 reddidisse

183 3513 301 3580 debuit
316 3515 359 3579 ad
373 3515 493 3579 festum
510 3515 541 3580 S.
558 3515 653 3580 Mich.
670 3516 736 3580 iam
747 3516 804 3602 iiij.
817 3516 910 3581 annis
922 3517 1038 3603 elapsis
1050 3517 1090 3602 xj.
1104 3519 1157 3583 sol.
1171 3541 1249 3604 quos
1261 3519 1292 3584 ei

183 3616 390 3682 acomodauit
405 3625 440 3680 et
455 3639 519 3681 non
529 3617 679 3695 reddidit,
695 3627 729 3682 et
744 3627 891 3705 preterea
905 3619 1082 3706 dicitquod
1094 3629 1201 3686 totum
1213 3623 1290 3687 resi-

184 3722 288 3787 duum
304 3721 336 3786 ei
351 3720 500 3786 debitum
515 3721 579 3786 fuit
593 3721 634 3786 de
654 3723 788 3788 furtiuis
803 3733 837 3788 at
855 3725 1006 3811 pennulis
1027 3748 1106 3811 quas
1122 3726 1153 3790 ei
1167 3749 1292 3792 acomo-

184 3825 293 3890 dnuit¹
309 3831 344 3888 et
359 3824 400 3888 ad
415 3823 598 3909 predictum
610 3825 786 3890 terminum
796 3825 972 3892 reddidisse
982 3827 1097 3892 debuit
1109 3837 1142 3892 et
1152 3851 1217 3893 non
1228 3830 1292 3894 fuit

184 3927 351 3992 redditum
380 3933 414 3990 et
444 3925 520 3990 inde
549 3926 698 4012 producit
727 3937 847 3992 sectam
877 3937 911 3993 et
933 3927 1020 4014 quod
1041 3927 1189 3994 debitum
1211 3929 1293 3995 illud

185 4041 319 4118 captum
346 4031 410 4096 fuit
435 4051 495 4115 per
515 4052 648 4094 manum
670 4031 773 4118 ipsius
796 4031 910 4096 Sibille
932 4041 966 4096 et
988 4056 1052 4097 non
1075 4056 1133 4119 per
1158 4057 1292 4099 manum

186 4133 339 4199 Nicholai
355 4132 524 4219 Heringod
539 4133 601 4197 uiri
616 4133 676 4210 sui,
685 4142 719 4198 et
730 4135 813 4199 bene
824 4133 904 4198 dicit
919 4135 1005 4220 quod
1019 4145 1190 4222 postquam
1205 4135 1291 4201 idem

187 4239 367 4305 Nicholaus
382 4237 435 4302 uir
448 4259 526 4302 suus
539 4237 716 4323 perfectus'
732 4231 795 4302 fuit
810 4237 845 4304 in
861 4246 979 4302 ternam
995 4247 1139 4304 sanctam
1155 4239 1292 4306 intrauit

219 4425 228 4458 ¹
246 4424 398 4478 acomodurc.
418 4425 445 4471 to
461 4421 532 4480 land;
549 4429 670 4483 mutuare,
687 4427 714 4472 to
764 4423 855 4484 flncry.

187 4491 291 4542 burron.
318 4485 478 4550 Apparently
488 4485 578 4538 sibilla
587 4485 714 4539 hiredher
797 4489 807 4520 ²
824 4489 895 4539 Corr.
906 4487 1039 4552 profectur.
