3314 5238
28 1689 29 1694 ¹
140 1669 208 1726 tota
228 1661 400 1728 aduooecio
422 1662 587 1748 pertineat
607 1661 650 1726 ad
671 1661 790 1747 ipsum,
811 1659 1060 1726 Consideretum
1081 1660 1241 1747 est-quod
1254 1675 1336 1760 paupert

442 455 580 518 nissen,
602 455 667 505 nn.
691 441 786 517 1231,
808 453 871 505 An.
896 441 945 507 15.
1178 443 1242 508 409

146 622 351 710 primogenita
371 631 408 688 et
430 621 532 688 Dera¹
555 630 662 688 totum
687 621 739 688 ius
761 621 848 708 quod
873 621 1060 688 habuerunt
1085 622 1121 690 in
1142 621 1242 688 aduo-
1255 638 1407 688 mermes

145 727 267 792 cerione
287 725 433 813 predicte
456 726 588 792 eoelesie
611 724 769 812 Magistro
791 725 957 790 Willelmo
979 725 1046 790 filio
1070 725 1242 792 Absolonis

144 829 234 894 fratri
255 829 347 894 istius
369 829 510 894 Walteri
529 828 622 894 errius
646 827 740 892 heres
762 827 831 914 ipse
851 835 903 892 est
924 849 982 913 per
1003 839 1109 894 cartes
1131 851 1243 894 earum

144 955 222 1018 quas
239 933 356 1018 profert
371 941 485 1018 etque
500 931 561 996 hoo
575 939 747 1010 testantur,
762 939 798 996 et
812 930 898 1018 petit
917 930 1076 996 iudicium
1096 931 1124 997 si
1146 953 1244 1018 super

145 1037 202 1102 hoe
216 1037 331 1102 debeat
345 1036 454 1102 eidem
468 1036 613 1102 Johanni
626 1035 826 1122 respondem

205 1141 247 1206 Et
274 1141 442 1207 Johannes
467 1142 524 1229 qui
549 1149 600 1208 est
624 1141 710 1206 infra
732 1147 856 1206 etatem
879 1138 962 1205 bene
986 1139 1134 1206 oonoedit
1157 1138 1244 1226 quod

142 1245 299 1331 predictus
321 1245 383 1312 Ino
405 1246 522 1312 habuit
547 1246 605 1332 iiij.
623 1267 744 1312 sorores
766 1254 801 1311 et
823 1244 910 1332 quod
932 1244 984 1310 et'
1006 1267 1069 1330 que
1091 1243 1243 1309 obierunt
1255 1253 1403 1340 gfflffl·

142 1350 207 1414 sine
229 1349 346 1415 herede
371 1349 413 1415 de
437 1373 481 1428 se,
505 1357 555 1416 set
578 1349 679 1414 nichil
704 1347 847 1413 ostendit
870 1347 957 1434 quod
979 1355 1050 1413 tota
1071 1346 1383 1435 aduoeaoio2„‚¹¹¹;,*‚','„⁸„¹3⁸

141 1453 296 1539 pertinere
310 1454 431 1520 debeat
445 1455 487 1521 ad
506 1455 622 1541 ipsum
668 1453 713 1518 Et
726 1453 800 1518 ideo
814 1451 893 1538 quia
906 1459 957 1518 est
971 1452 1055 1518 inira
1069 1459 1192 1518 etatem
1207 1459 1243 1516 et
1254 1441 1407 1528 flsssiffiiffl

141 1581 202 1622 non
227 1567 335 1646 potest
356 1559 550 1646 respondere
571 1558 614 1624 ad
635 1565 740 1624 eartas
761 1579 822 1622 nec
845 1556 989 1622 ostendit
1010 1555 1133 1643 aliquid
1155 1555 1242 1643 quod
1254 1533 1365 1620 chheim

1254 1627 1406 1668 numerum
1464 1667 1467 1674 ,

1339 1722 1399 1762 neri

140 1765 341 1830 consenciant
355 1766 391 1830 in
405 1765 557 1831 clericum
573 1772 607 1829 et
621 1763 715 1830 illum
731 1762 890 1849 Episcopo
905 1771 1102 1848 presentent,
1117 1771 1151 1829 et
1166 1787 1241 1828 eum
1253 1767 1406 1854 ggfflgifflw

141 1867 300 1934 Johannes
323 1867 365 1933 ad
389 1876 513 1934 etatem
533 1867 719 1954 peruenerit
738 1865 932 1952 respondeat
946 1866 988 1932 ad
1002 1875 1115 1946 cartas,
1129 1876 1164 1934 et
1178 1867 1242 1933 nisi
1253 1861 1407 1956 mnia

141 1972 412 2058 uelit-eonsentire
429 1971 677 2038 Consideratum
693 1969 845 2057 estquod
864 1991 930 2034 non
949 1969 1181 2056 respondeatur
1199 1973 1242 2038 ad
1253 1957 1406 2042 dmm

140 2075 233 2140 breue
258 2075 337 2162 quia
365 2075 535 2140 ostendere
563 2097 629 2140 non
656 2081 766 2161 potest
794 2095 855 2139 neo
884 2073 1027 2139 ostendit
1055 2073 1143 2161 quod
1172 2083 1244 2141 tota

27 2203 29 2222 ·
140 2178 306 2245 aduoeaeio
319 2179 485 2266 adipsum
500 2178 671 2266 pertineat.

199 2284 319 2349 durate
339 2283 441 2370 xxiiij.
462 2283 505 2349 ad
526 2281 784 2349 conuineendum
806 2282 860 2367 xij.
876 2281 970 2347 uenit
991 2283 1198 2369 recognitum
1216 2283 1245 2348 si
1298 2289 1364 2329 Μ

142 2387 296 2452 Ranulfus
326 2387 419 2452 Brito
448 2396 484 2452 et
507 2387 667 2452 Ernaldus
693 2387 734 2454 de
758 2387 949 2452 Thureuilla
971 2385 1092 2452 iniuste
1117 2395 1152 2452 et
1173 2387 1243 2452 sine

142 2491 254 2556 iudicio
277 2491 527 2556 disaeisinerunt
549 2491 730 2556 Martinum
753 2491 920 2556 Abbatem
945 2490 987 2556 de
1013 2490 1244 2557 Manendene⁴

141 2593 299 2660 delibero
321 2601 510 2660 tenemento
533 2617 591 2660 suo
614 2593 649 2659 in
675 2593 851 2660 Ohaffunte
874 2603 948 2681 post
974 2594 1042 2661 ult'.
1088 2597 1132 2661 Et
1155 2596 1242 2663 unde

141 2699 197 2784 ipsi
210 2699 373 2764 Ranulfus
393 2707 428 2764 et
447 2699 624 2764 Ernaldus⁵
639 2707 821 2786 queruntur
835 2699 922 2785 quod
941 2700 997 2788 xij.
1012 2700 1170 2767 iuratores
1185 2701 1242 2789 qui

141 2803 223 2886 prius
243 2803 439 2868 iurauerunt
460 2802 577 2867 falsum
600 2803 747 2868 fecerunt
769 2812 1018 2870 sacramentum.
1064 2805 1109 2868 Et
1130 2805 1242 2872 Abbas

140 2905 213 2970 dicit
238 2905 327 2992 quod
352 2905 517 2991 predictus
543 2906 703 2971 Ranulfus
727 2905 835 2972 adhue
864 2907 896 2973 ei
924 2909 1080 2974 desoroiet
1108 2909 1161 2996 vij.
1186 2911 1241 2978 sol.
1254 2933 1406 3020 neppam

140 3009 280 3074 redditus
305 3031 386 3094 quos
411 3009 481 3095 ipse
505 3017 584 3074 tune
609 3011 815 3096 recuperauit
838 3035 897 3098 per
920 3014 1054 3079 assisam
1079 3014 1170 3079 illam
1195 3015 1242 3101 [et
1254 2983 1405 3115 :333³th

140 3113 217 3197 petit
238 3111 398 3176 iudicium
418 3111 447 3176 si
466 3111 585 3177 debeat
604 3112 647 3178 ad
666 3113 727 3179 iur’
747 3115 939 3201 respondere
954 3125 1131 3204 antequam
1146 3119 1242 3205 plene
1254 3121 1399 3218 :imm

140 3215 287 3280 seisinsrn
302 3215 388 3280 sicut
403 3215 494 3280 illam
509 3217 753 3305 recuperauit'J.
1122 3249 1128 3268 ¹
1254 3213 1329 3254 '‘¹¹¹²‘'

197 3318 368 3382 Juratores
396 3307 510 3384 dieunt
539 3321 626 3406 quod
654 3321 793 3407 predicti
822 3323 983 3389 Ranulfus
1012 3332 1046 3390 et
1081 3325 1242 3393 Erneldus

139 3419 254 3486 iniuste
278 3427 314 3485 et
339 3420 409 3486 sine
432 3419 553 3487 iudicio
576 3421 822 3488 disseisiuerunt
847 3423 988 3490 eundem
1013 3427 1179 3494 Abbatem
1200 3427 1241 3494 de

139 3527 262 3591 oritura
276 3548 340 3612 que
355 3534 491 3591 uocatur
504 3527 537 3592 la
551 3526 762 3594 Denelande⁸.
808 3528 859 3592 De
873 3528 926 3614 vij.
939 3529 1070 3596 uillenis
1084 3540 1241 3597 eteorum

168 3699 177 3731 ¹
193 3701 307 3750 Mortuis
323 3698 451 3749 oorreoted
467 3699 524 3750 into
541 3701 610 3751 Dera
629 3701 645 3751 b
713 3701 862 3752 oeeesionel
872 3705 1023 3753 annotator.

139 3763 180 3814 the
200 3765 347 3814 omesionnl
368 3769 517 3815 annotator.
549 3766 564 3814 1
585 3715 664 3816 ibini
745 3766 866 3830 ⁸Bythe
878 3767 1025 3819 ooeaaional
1036 3773 1186 3820 annotator.

139 3829 193 3880 that
202 3831 249 3880 the
259 3829 378 3880 mention
394 3829 423 3880 oi
436 3829 545 3880 Matillie
555 3846 608 3882 was
618 3831 663 3882 the
746 3831 757 3866 ⁷
772 3831 890 3882 Inserted
900 3832 934 3895 by
946 3833 989 3883 the
1000 3833 1145 3886 oeoasional
1159 3851 1239 3887 anno-

139 3897 215 3944 Error
225 3893 330 3944 notieed
341 3894 369 3943 in
381 3893 427 3944 the
438 3895 547 3958 margin.
712 3899 783 3946 tator
799 3911 834 3946 on
850 3895 895 3947 the
911 3897 987 3948 inner
997 3898 1108 3962 margin.
1141 3901 1239 3951 hmie

167 3959 252 4010 ²Om.
264 3967 289 4009 ei
300 3961 366 4022 qood
378 3967 402 4009 et
414 3959 446 4024 (i)
625 3997 628 4005 .
713 3961 772 4024 sing
788 3963 848 4012 verb
864 3976 926 4026 may
942 3963 972 4013 be
992 3963 1130 4014 oonoealed
1149 3966 1178 4015 in
1195 3966 1240 4016 the

168 4023 234 4088 'By
261 4024 308 4075 the
335 4024 481 4074 oeeaeional
513 4029 661 4076 annotator.
713 4026 829 4089 binding.
866 4027 922 4077 The
941 4027 1025 4078 Abbot
1046 4033 1160 4092 proteete
1181 4031 1240 4082 that

139 4089 198 4138 Ido
213 4091 261 4140 not
277 4089 355 4139 think
372 4089 432 4139 that
450 4089 495 4140 the
511 4093 592 4140 Error
612 4105 661 4140 ean
712 4094 785 4142 there
802 4092 897 4142 should
912 4093 944 4142 be
960 4108 995 4142 no
1011 4094 1109 4143 atteint
1124 4095 1192 4144 until
1206 4095 1240 4146 he

139 4155 202 4204 refer
217 4158 245 4205 to
262 4154 309 4204 the
325 4154 449 4204 decision.
482 4154 553 4205 John
570 4171 604 4205 on
620 4155 663 4206 hie
712 4155 1239 4225 hasseieinoiellthathereooveredby

140 4235 194 4268 own
210 4219 327 4280 showing
342 4219 366 4270 is
382 4225 429 4270 not
449 4219 557 4270 entitlad
574 4225 602 4271 to
618 4220 663 4271 the
713 4221 758 4271 the
769 4221 861 4271 assiae.

140 4284 374 4334 wholeadvowson.
407 4285 576 4337 Br.r.249b.
745 4287 952 4349 ⁸Thepointoi
966 4287 1127 4352 thisspeoial
1142 4289 1239 4341 verdiet

170 4349 353 4412 ⁴hiineenden,
366 4349 461 4400 Bucks.
484 4349 597 4400 Monesi.
612 4350 663 4400 rol.
713 4350 736 4400 is
763 4354 791 4427 to
816 4352 886 4401 ahew
913 4351 971 4402 that
997 4368 1046 4430 one
1072 4353 1186 4405 Riehard
1213 4357 1241 4406 oi

141 4416 379 4532 G’i'euhrmrru
410 4479 523 4531 naen
557 4481 592 4545 oy
620 4480 664 4531 oa
714 4415 971 4545 iiffyssiffiieiy
982 4417 1123 4542 {indidi}
1136 4425 1172 4535 ⁵2⁰
1181 4421 1239 4536 dii
