3314 5238
495 432 643 491 renum,
666 429 731 482 An.
755 418 933 494 113616.
958 421 1006 484 15.
1236 421 1299 488 447

190 604 367 670 diaconum
393 605 498 672 Buck.
521 605 562 670 (16
585 605 704 692 placito
727 628 827 692 quare
851 607 960 672 tenuit
980 607 1138 692 placitum
1158 605 1193 672 in
1213 607 1301 672 curia

189 707 419 774 cristianitatis
434 708 475 774 dc
490 709 579 794 layco
595 707 687 772 feodo
702 708 804 793 ipsius
818 707 890 772 Ado
911 709 946 774 in
967 708 1170 774 Wendouere
1190 718 1301 774 contra

189 812 459 898 prohibicionem,
475 821 509 877 et
524 835 637 878 uersus
656 813 837 878 Robertum
852 813 1021 878 Decenum
1041 813 1081 878 de
1097 813 1299 880 Wendouere

191 937 293 1000 quare
309 925 442 982 secutus
456 925 506 982 est
520 916 602 981 illud
617 916 705 982 idem
720 917 876 1002 placitum
888 926 1001 982 contre
1011 918 1147 982 candem
1158 919 1299 1004 prohibi·

191 1019 320 1084 cionem
335 1027 397 1084 etc.
444 1020 487 1084 Et
502 1019 565 1104 ipsi
579 1041 645 1084 non
660 1027 823 1084 uenerunt
838 1027 908 1096 etc,
923 1027 957 1084 et
972 1019 1049 1105 quis
1063 1027 1220 1084 testatum
1236 1021 1299 1086 fuit

99 1110 103 1118 ’
191 1121 274 1186 alias
289 1121 377 1208 quod
390 1122 645 1188 Archidiaconus
659 1121 787 1186 nullum
808 1119 924 1186 habuit
939 1120 1057 1186 laicum
1072 1121 1211 1200 feodum,
1225 1122 1298 1186 ideo

192 1227 387 1291 mandatum
416 1227 480 1292 fuit
509 1227 668 1312 Episcopo
698 1223 916 1290 Lincolniensi
946 1225 1032 1312 quod
1069 1227 1188 1292 faceret
1222 1250 1298 1292 eum

191 1329 306 1394 uenire
321 1329 465 1394 adhunc
486 1329 581 1406 diem,
597 1339 631 1394 61
653 1329 831 1414 Episcopus
850 1327 950 1394 nichil
970 1329 1046 1394 inde
1069 1331 1154 1407 fecit,
1170 1339 1204 1394 et
1225 1330 1298 1396 ideo

191 1442 438 1498 summoneatur
453 1434 629 1520 Episcopus
644 1433 730 1520 quod
745 1433 788 1498 sit
800 1442 859 1500 etc.
872 1441 906 1498 et
921 1433 968 1498 ibi
983 1434 1102 1498 habeat
1116 1435 1298 1520 predictum

192 1539 474 1604 Archidiaoonum
520 1539 565 1602 Et
580 1537 657 1624 quia
672 1545 831 1602 testatum
851 1545 901 1601 est
921 1537 1006 1622 quod
1027 1536 1178 1602 Decanus
1198 1538 1299 1604 hebet

192 1643 314 1707 laicum
328 1642 459 1706 feodum
474 1641 510 1706 in
525 1641 729 1706 Wendouere
743 1649 934 1727 preceptum
949 1649 999 1706 est
1013 1641 1197 1706 uicecomiti
1212 1643 1298 1728 quod

191 1744 368 1830 distringat
383 1767 458 1810 eum
473 1767 531 1830 per
545 1753 647 1810 terras
662 1750 697 1810 et
711 1745 828 1809 catalla
842 1743 928 1830 quod
943 1743 987 1808 sit
1001 1743 1043 1809 ad
1057 1744 1143 1809 diem
1156 1744 1248 1810 illum
1264 1755 1299 1810 et
1396 1807 1398 1814 .

192 1849 280 1913 unde
298 1848 475 1914 mandasti¹
490 1848 577 1934 quod
591 1869 656 1912 non
670 1847 788 1912 habuit
807 1847 926 1912 laicum
946 1847 1076 1912 feodum
1091 1857 1125 1912 et
1140 1856 1297 1916 testatum
1400 1851 1404 1859 ’

192 1952 257 2016 fnit
272 1961 332 2017 eto

131 2117 138 2130 ,
257 2055 393 2120 'Emma
407 2077 470 2141 que
486 2055 550 2120 fuit
565 2077 646 2120 uxor
665 2053 892 2122 Η66666ἀ668
907 2054 1057 2120 Scissoris
1077 2055 1163 2140 petit
1184 2078 1297 2122 uersus
1371 2088 1419 2118 mn.

191 2159 378 2224 Johannem
404 2160 510 2224 filium
534 2157 654 2247 Rogeri
678 2160 822 2224 Fesaunt
847 2159 1058 2224 medietatem
1083 2159 1107 2246 j.
1138 2161 1297 2248 mesuagii

192 2286 267 2328 cum
292 2271 375 2348 pert.
401 2262 436 2326 in
464 2261 590 2328 Oxonia
613 2270 653 2326 ut
675 2261 785 2328 dotem
814 2283 907 2325 susm
937 2269 996 2326 eto
1041 2263 1086 2326 Et
1111 2284 1209 2348 super
1237 2263 1297 2331 hoc

193 2368 332 2432 ueniunt
346 2365 462 2434 bollini
477 2365 601 2432 Osonie
617 2375 652 2431 et
667 2366 781 2430 dicunt
800 2365 887 2450 quod
909 2387 1004 2429 nemo
1025 2365 1123 2430 debet
1142 2367 1296 2452 placitare

192 2471 233 2536 de
248 2472 374 2536 tenuris
387 2471 472 2536 infra
488 2471 599 2536 uillam
620 2469 745 2536 Oxonie
763 2478 857 2534 extra
876 2469 989 2534 uillam
1011 2469 1101 2534 illam
1122 2479 1156 2536 et
1178 2479 1297 2556 petunt

192 2575 377 2639 libertatem
407 2595 499 2638 suam
528 2583 563 2638 et
592 2573 715 2638 habent
745 2580 779 2636 et
804 2572 877 2636 idco
901 2571 1025 2636 dictum
1055 2581 1105 2638 est
1135 2574 1181 2638 eis
1211 2575 1297 2660 quod

192 2686 327 2742 teneant
356 2675 462 2742 cidem
491 2678 607 2742 Emme
631 2675 794 2740 iusticiam
820 2674 998 2740 secundum
1028 2676 1296 2742 consuetudinem

191 2782 269 2846 uille
284 2801 343 2846 sue
358 2789 417 2845 etc

126 2947 134 2960 ,
254 2883 363 2952 ⁴Prior
376 2884 418 2950 de
433 2881 648 2970 Wudebrug’⁶
663 2882 880 2948 summonitus
895 2881 959 2946 fuit
979 2882 1021 2948 ad
1036 2883 1295 2969 respondendum

189 2989 283 3054 Dom.
314 2989 399 3075 Regi
428 3011 491 3074 quo
520 2995 663 3053 waranto
693 2988 817 3052 leuauit
847 2987 1007 3073 quoddam
1045 2997 1223 3054 mercatum
1260 2990 1295 3054 in

162 3149 164 3154 .
189 3091 411 3180 Wudebrngg'
426 3092 468 3157 ad
482 3100 714 3157 nocumentum
734 3093 868 3156 mercati
888 3093 982 3158 Dom.
1003 3093 1103 3179 Regis
1125 3093 1165 3158 de
1189 3093 1295 3180 Gypo-

190 3195 275 3274 wico,
291 3206 327 3262 et
350 3197 435 3262 unde
458 3197 572 3262 balliui
594 3196 635 3262 de
658 3195 830 3282 Gypewico
853 3195 909 3282 qui
932 3195 1100 3261 66666161ο
1120 3219 1177 3282 pro
1200 3198 1294 3265 Dom.

191 3299 281 3388 Rege
302 3301 417 3366 dicunt
440 3301 526 3388 quod
550 3301 696 3388 qualibet
716 3301 768 3365 (116
793 3300 947 3366 Mercurii
966 3301 1095 3386 quando
1115 3311 1293 3370 mercatum

190 3415 240 3471 est
257 3407 348 3492 apud
368 3407 578 3493 Gypewicum
597 3406 632 3470 in
655 3406 736 3471 uilla
757 3405 852 3472 Dom.
874 3405 975 3491 Regis
997 3413 1090 3470 tenet
1112 3406 1181 3491 ipse
1204 3407 1295 3472 Prior

189 3520 370 3576 mercatum
388 3510 422 3575 in
442 3511 588 3597 predicta
608 3511 689 3574 uilla
708 3509 749 3576 de
764 3510 985 3596 Wudebrugff
1006 3509 1092 3574 unde
1115 3521 1293 3578 mercatum

187 3613 229 3678 (16
260 3612 432 3698 Gypewico
455 3612 686 3676 deterioratum
710 3619 761 3676 est
786 3619 845 3676 etc
872 3633 930 3697 per
953 3609 1040 3696 quod
1068 3634 1133 3676 non
1158 3623 1294 3698 possunt

187 3717 349 3782 sustinere
363 3716 490 3782 firmam
505 3716 598 3782 Dom.
616 3716 724 3802 Regis.
1096 3777 1101 3787 ,

253 3820 298 3884 Et
320 3820 412 3884 Prior
432 3819 526 3884 uenit
548 3827 582 3882 61
603 3817 749 3882 defendit
769 3815 855 3902 quod
874 3817 943 3902 ipse
964 3817 1089 3881 nullum
1113 3827 1292 3884 mercatum

187 3923 312 3988 leuauit
327 3931 378 3988 set
393 3923 492 4009 Hugo
508 3921 625 3986 Ruffus
639 3919 721 3986 illud
736 3919 861 3984 leuauit
876 3929 910 3984 et
925 3919 1041 3984 habuit
1052 3919 1135 3984 illud
1146 3921 1291 3986 leuatum

187 4048 246 4111 per
270 4034 337 4090 tres
362 4047 462 4091 annos
487 4033 564 4090 ante
590 4033 727 4090 mortem
752 4046 854 4101 suam,
877 4031 911 4088 61
933 4023 1008 4087 inde
1031 4022 1147 4088 habuit
1169 4033 1291 4090 cartam

219 4199 228 4232 ¹
245 4201 387 4260 mandauit,
399 4197 430 4250 B.
765 4195 873 4248 Suffolk.

219 4264 274 4313 ²13.
286 4279 323 4314 m.
336 4265 358 4315 6.
796 4261 967 4325 ο66666166,
984 4261 1015 4311 Β.
1048 4263 1115 4314 Note
1131 4263 1185 4314 this
1202 4265 1293 4314 66661

218 4329 434 4444 6661·

219 4431 405 4522 ‘Eudemum
423 4459 455 4512 Β.
493 4457 663 4521 Woodbridgc
685 4458 713 4509 in
764 4457 971 4508 marhetsecBr.
984 4457 1002 4507 f.
1015 4459 1071 4508 235.
1239 4410 1255 4457 g
