3260 5218
339 403 380 466 14
522 415 651 464 sssrsu
673 414 746 462 nuo
768 413 920 474 rmurrr,
943 412 1006 460 nn.
1033 399 1126 474 1219,
1149 414 1212 462 nn.
1237 401 1265 462 3.

334 584 503 648 nedictum
519 583 582 648 suit
597 583 752 648 intereos
773 583 806 646 in
827 583 941 646 eodem
964 582 1121 648 comitatu
1144 592 1178 648 et
1201 582 1287 669 quod
1308 581 1441 646 interim

333 687 404 753 fieri
433 689 552 752 feceret
587 687 754 751 recordum
791 687 878 752 illius
915 687 1041 772 loquele
1079 687 1113 750 in
1151 687 1247 772 pleno
1284 686 1442 751 comitatu

334 791 511 856 secundum
540 790 627 876 quod
656 790 797 856 deducta
825 789 888 854 fuit
918 789 1005 854 inter
1030 811 1084 853 eos
1110 797 1144 853 et
1170 789 1336 853 reconlum
1361 786 1443 851 illud

334 897 468 962 haberet
492 919 598 960 coram
624 895 809 960 iusticiariis
832 917 891 980 per
914 903 1053 980 quatuor
1076 893 1198 958 milites
1223 917 1263 957 ex
1286 892 1364 977 ipsis
1385 891 1442 976 qui

334 1000 464 1066 recordo
486 997 534 1062 illi
556 997 774 1061 interfuerunt
796 997 838 1062 ad
858 996 945 1062 diem
965 996 1058 1060 illum
1079 1004 1241 1060 uenerunt
1259 995 1443 1059 Willelmus

336 1102 375 1166 de
401 1101 567 1176 Colcuilla,
591 1101 792 1164 Herebertus
814 1101 854 1164 de
878 1101 994 1177 Froill',
1019 1101 1126 1164 Adam
1149 1101 1188 1164 de
1216 1099 1383 1164 Portesera
1408 1107 1443 1162 et

335 1205 498 1272 Henricus
515 1205 555 1268 de
574 1203 755 1266 Wudcoots
776 1211 826 1268 set
846 1225 911 1266 non
933 1203 1079 1266 tulerunt
1094 1202 1270 1278 recordum,
1284 1211 1334 1266 set
1348 1224 1442 1287 prece

336 1308 481 1393 parcium
511 1315 545 1370 et
575 1306 697 1372 domini
727 1306 974 1372 wintoniensis¹
1004 1306 1138 1391 ponitur
1167 1306 1294 1391 loquela
1322 1305 1380 1369 illa
1408 1305 1443 1368 in

335 1419 518 1496 respectum
549 1433 649 1494 usque
680 1409 715 1474 in
744 1409 920 1475 crastinum
952 1409 1146 1474 Animarum
1176 1409 1263 1472 idem
1293 1408 1362 1472 dies
1392 1417 1442 1472 est

336 1516 432 1579 datus
462 1513 608 1598 partibus
634 1521 668 1576 et
694 1521 834 1598 quatuor
859 1513 1018 1577 militibus
1041 1513 1076 1580 in
1101 1514 1204 1578 banco
1229 1513 1330 1577 etad
1356 1512 1442 1576 diem

336 1617 428 1682 illum
448 1617 603 1680 allocetur
623 1617 793 1680 comitatui
813 1617 899 1702 quod
919 1639 983 1682 non
1004 1617 1151 1682 tulerunt
1170 1617 1337 1682 recordum
1359 1616 1443 1680 sicut

336 1722 367 1786 ei
382 1729 572 1806 preceptum
588 1720 650 1784 fuit
666 1729 726 1786 etc.

339 2163 532 2229 PLAOITA
583 2162 707 2227 APUD
760 2161 1222 2227 WESTMONASTERIUM
1280 2165 1311 2228 A
1365 2165 1444 2229 DIE

426 2267 603 2331 PASCHE
640 2267 690 2330 IN
731 2266 800 2330 XV.
839 2266 945 2330 DIES
981 2266 1113 2330 ANNO
1151 2267 1295 2332 REGNI
1332 2269 1371 2334 R.
1401 2270 1443 2333 H.

427 2370 600 2435 TEROIO.

277 2649 283 2662 ,
404 2589 601 2676 ¹Burgenses
621 2590 661 2654 dc
684 2589 906 2676 Scnrdeburgo
924 2600 1105 2676 queruntur
1126 2592 1212 2676 quod
1233 2592 1348 2658 balliui
1369 2591 1447 2656 uille

265 2693 281 2722 ¹·
340 2694 380 2758 de
399 2695 542 2758 Eborsco
563 2694 684 2758 iniuste
707 2695 840 2779 capiunt
860 2695 902 2758 ab
923 2696 969 2759 eis
985 2696 1183 2760 tholomeum
1199 2707 1311 2761 contra
1325 2705 1446 2761 cartam

341 2799 440 2885 Regis
458 2799 593 2863 Henrici
615 2821 713 2884 quam
735 2799 858 2863 habeut
881 2807 915 2863 et
936 2809 1047 2864 contra
1067 2809 1189 2864 certam
1210 2801 1333 2864 domini
1348 2801 1448 2888 Regis

340 2901 499 2966 Johannis
523 2924 586 2986 que
612 2901 781 2965 confirmat
807 2901 854 2965 eis
879 2901 1047 2966 libertates
1077 2925 1156 2988 quas
1186 2903 1256 2966 Rex
1287 2903 1448 2967 Henricus

340 3014 435 3090 pater
458 3027 534 3068 suus
560 3005 607 3068 eis
631 3004 795 3080 concessit,
819 3004 941 3068 scilicet
966 3005 1052 3090 quod
1076 3006 1219 3071 habeant
1241 3029 1352 3072 omnes
1374 3031 1447 3072 con-

341 3107 530 3172 suetudines
551 3116 585 3170 et
606 3106 774 3170 libertates
794 3114 828 3169 et
851 3106 1051 3191 quietancias
1072 3108 1202 3172 easdem
1224 3132 1304 3194 quas
1326 3109 1449 3174 hebent

341 3211 517 3298 burgenses
541 3211 629 3275 ciues
653 3209 693 3274 de
720 3210 862 3274 Eboraco
888 3232 946 3295 per
967 3219 1071 3274 totam
1095 3221 1213 3276 terram
1236 3236 1336 3290 suam,
1362 3215 1449 3278 unde

339 3315 428 3379 idem
454 3315 631 3400 burgenses
657 3313 842 3389 ostendunt,
866 3313 952 3398 quod
981 3313 1044 3398 ipsi
1074 3337 1132 3399 per
1160 3325 1282 3379 cartem
1312 3317 1450 3402 predicti

341 3419 441 3504 Regis
461 3419 596 3482 Hernici
617 3420 749 3482 fuerunt
769 3417 832 3502 ipsi
853 3418 957 3503 quieti
978 3419 1018 3483 de
1040 3419 1191 3484 tholoneo
1206 3443 1333 3508 semper
1348 3444 1449 3508 usque

341 3523 383 3587 ad
398 3531 527 3607 tempus
542 3520 699 3584 Willclmi
715 3520 898 3585 Stitteuille
912 3521 969 3606 qui
984 3520 1047 3584 fuit
1062 3521 1241 3587 uicccomes
1262 3533 1296 3588 et
1316 3525 1373 3610 qui
1392 3547 1451 3612 per

342 3626 410 3690 uim
431 3624 518 3710 cepit
539 3624 580 3688 ab
601 3623 647 3688 eis
667 3623 865 3700 tholoneum,
880 3623 928 3686 ita
945 3623 1031 3708 quod
1045 3623 1218 3710 aliquando
1232 3636 1305 3712 post
1321 3637 1450 3714 tempus

342 3751 438 3792 suum
467 3750 526 3813 per
557 3735 747 3812 preceptum
784 3725 907 3790 domini
944 3727 1043 3813 Regis
1079 3741 1352 3816 recupereuerunt
1388 3732 1451 3818 ipsi

375 3959 384 3990 ¹
401 3957 457 4008 'l'he
471 3957 563 4022 bishop
578 3959 607 4008 of
616 3957 786 4016 winchester,
797 3959 873 4008 Peter
923 3961 962 4008 ter
979 3959 1001 4008 is
1018 3973 1052 4008 on
1069 3959 1114 4009 the
1129 3975 1200 4010 seme
1215 3977 1287 4024 pege,
1300 3961 1377 4012 deted
1388 3961 1451 4012 esth

344 4023 509 4075 desRoches.
924 4024 1104 4074 Mcrch1200.
1140 4026 1195 4075 Tho
1212 4027 1322 4076 citizens
1339 4028 1368 4076 of
1382 4027 1451 4076 York

376 4089 387 4122 ²
403 4089 526 4146 Bructon,
538 4087 556 4138 l.
571 4089 602 4138 56
614 4089 638 4146 b,
650 4087 698 4137 hes
713 4102 729 4137 n
745 4088 806 4150 long
822 4087 872 4138 dis·
923 4088 989 4138 have
1001 4104 1016 4138 c
1027 4093 1103 4150 grant
1115 4091 1144 4139 of
1154 4091 1197 4140 the
1208 4092 1279 4153 right
1288 4097 1315 4142 ιο
1325 4091 1384 4141 take
1392 4093 1448 4152 toll,

236 4207 242 4218 ,
345 4153 449 4203 cussion
460 4153 545 4204 which
557 4168 639 4202 seems
651 4159 678 4202 ιο
689 4153 721 4202 be
736 4153 873 4215 suggested
924 4153 969 4203 the
981 4153 1114 4214 burgesses
1125 4155 1154 4203 ol
1164 4156 1341 4218 Socrborough
1350 4171 1366 4206 s
1374 4161 1451 4218 grant

345 4219 380 4282 by
401 4218 455 4268 this
482 4233 557 4274 css03
585 4218 632 4268 but
658 4218 692 4268 he
719 4233 810 4267 names
837 4233 872 4267 no
923 4219 953 4268 of
972 4219 1086 4267 freedom
1108 4219 1175 4269 from
1198 4221 1260 4279 toll;
1278 4221 1362 4270 which
1381 4221 1404 4270 is
1423 4227 1451 4272 to

346 4299 445 4334 nomes.
474 4283 608 4332 TheYorlr
621 4281 873 4344 chsrterisprinted
923 4283 1040 4345 premii?
1073 4284 1216 4347 According
1230 4288 1258 4334 ιο
1272 4286 1385 4336 Brocton
1401 4287 1451 4348 pri·

346 4350 375 4398 in
386 4349 445 4398 Rot.
458 4347 528 4397 Cart.
541 4348 559 4398 l.
572 4349 604 4397 lo
615 4348 669 4397 end
679 4347 703 4397 is
716 4347 794 4398 dated
810 4347 873 4398 25th
924 4349 992 4412 ority
1003 4349 1032 4397 ol
1042 4349 1120 4398 seisin
1131 4349 1183 4399 will
1196 4365 1328 4402 orercome
1342 4350 1452 4414 priority

347 4413 437 4463 March
449 4414 520 4462 1200.
547 4412 601 4462 The
614 4413 789 4474 Scarborough
801 4412 873 4463 char·
924 4413 952 4461 ol
962 4413 1071 4463 churtcr.
