3260 5218
378 453 615 515 monarchis,
639 453 703 505 an.
728 441 821 517 1219,
844 455 907 504 aa
931 441 1026 504 3-4.
1212 437 1252 502 65

152 623 333 704 Traffordia,
356 627 490 692 Martini
513 628 544 691 le
567 628 654 704 Bret,
677 625 807 692 Radulfi
829 626 870 691 de
892 627 1045 712 Veronny
1063 634 1097 690 et
1120 623 1255 689 Henrici

151 721 205 786 lilii
219 724 371 811 Hugonis
385 727 443 812 qni
458 735 653 790 amonentur
667 734 726 792 etc
738 733 838 811 ponat
849 725 1028 790 nicecomes
1041 725 1121 790 alios
1136 724 1255 811 legales

151 831 182 890 et
193 825 350 894 discretos
364 838 423 895 etc
439 853 499 916 per
513 852 594 916 qnos
607 829 724 894 melius
739 837 798 894 etc

98 981 103 995 .
211 931 333 999 ¹Maria
346 957 410 1019 que
432 934 496 999 fuit
516 957 597 998 uxor
618 934 770 999 Nicholei
791 934 905 998 Duket
926 933 1113 998 athachiata
1128 933 1191 997 fuit
1213 930 1255 998 nd

150 1035 407 1119 respondendum
421 1037 560 1102 Ricardo
575 1037 616 1101 de
630 1037 858 1102 Wimbeldona
872 1045 906 1101 et
922 1035 1063 1103 Oristine
1078 1036 1170 1100 uxori
1185 1035 1255 1100 eius

150 1159 243 1222 quare
257 1149 374 1206 contra
388 1141 640 1227 prohibicionem
655 1141 778 1206 domini
793 1140 893 1228 Regis
907 1149 1019 1205 secuta
1033 1147 1083 1204 est
1098 1140 1255 1226 placitum

151 1235 181 1300 in
208 1239 300 1304 curia
330 1241 560 1306 cristianitatis
587 1241 628 1305 de
657 1239 739 1304 laico
768 1241 860 1306 feodo
889 1240 1032 1325 ipsorum
1061 1239 1191 1304 Ricardi
1221 1246 1255 1302 ct

151 1341 287 1408 Gristine
303 1344 339 1409 in
351 1345 528 1422 Londonia,
540 1344 627 1409 unde
638 1345 701 1430 ipsi
713 1343 870 1410 Ricardus
881 1353 915 1408 et
927 1344 1070 1410 Gristina
1080 1344 1255 1408 ostendunt

150 1447 230 1532 qnod
244 1471 305 1534 per
320 1450 381 1514 hoc
396 1451 483 1536 quod
498 1450 569 1536 ipsa
579 1449 679 1514 traxit
691 1471 744 1514 eos
759 1449 794 1515 in
808 1448 966 1535 placitum
980 1448 1016 1512 in
1030 1449 1156 1534 prefata
1166 1446 1256 1512 curia

150 1559 256 1614 contra
270 1561 332 1616 etc.
348 1551 537 1617 deteriorati
552 1560 629 1616 sunt
644 1560 677 1616 et
692 1551 870 1637 dompnum
886 1551 1008 1616 hahent
1023 1551 1065 1616 ad
1075 1549 1255 1614 ualenciam

151 1675 216 1720 xxm
246 1678 290 1722 m
322 1665 357 1722 et
391 1657 468 1722 inde
497 1656 680 1743 producunt
709 1664 830 1723 sectam
859 1655 1073 1721 sufficientem
1101 1678 1165 1741 que
1196 1655 1255 1721 hoc

151 1767 294 1826 testatur.

211 1865 255 1930 Et
277 1865 386 1931 Mario
406 1865 499 1930 uenit
522 1873 556 1930 ct
578 1863 723 1930 defendit
742 1871 855 1929 contra
874 1885 929 1928 eos
948 1869 982 1928 et
1002 1873 1114 1929 contra
1135 1871 1256 1928 sectam

152 1987 238 2031 suam
252 1968 342 2054 quod
363 1989 530 2053 nunquam
550 1975 662 2032 contra
683 1965 936 2051 prohibicionem
951 1987 1010 2030 nec
1025 1973 1099 2051 post
1113 1965 1256 2051 prohibi-

153 2069 271 2136 cionem
283 2073 315 2137 ei
327 2073 447 2137 factam
458 2079 570 2136 secuta
581 2071 644 2136 fuit
657 2071 814 2157 placitum
825 2069 962 2134 incuria
975 2069 1199 2134 cristianitatis
1215 2070 1256 2134 de

153 2173 228 2238 laico
244 2175 338 2240 feodo
354 2183 413 2240 etc
429 2175 514 2239 sicut
528 2174 618 2239 curia
634 2173 885 2239 considerauerit
907 2173 993 2259 quod
1015 2173 1186 2238 defendere
1201 2173 1257 2238 de-

153 2277 232 2354 bent,
246 2289 297 2344 set
313 2301 428 2344 reuera
449 2278 532 2343 bene
554 2277 717 2363 cognoscit
738 2277 825 2363 quod
840 2285 952 2342 secuta
973 2285 1023 2342 est
1044 2277 1202 2363 placitum
1222 2277 1256 2340 in

154 2382 273 2466 prefata
288 2383 379 2448 curia
389 2381 430 2448 de
446 2389 642 2446 testamento
657 2377 809 2446 Nicholai
823 2382 986 2468 quondam
997 2381 1061 2446 uiri
1072 2381 1123 2446 sui
1135 2381 1256 2446 scilicet

154 2484 191 2548 de
204 2485 330 2550 catellis
345 2485 462 2572 legatis
477 2492 511 2549 et
526 2484 646 2550 nonde
661 2484 741 2550 laico
757 2485 855 2550 feodo.

214 2588 257 2653 Et
273 2589 433 2654 Ricardus
447 2595 482 2652 ct
498 2587 640 2654 Cristina
654 2587 767 2653 dicunt
783 2587 869 2673 quod
890 2588 961 2674 ipsa
975 2588 1095 2654 iniuste
1110 2589 1256 2658 defendit
1269 2602 1409 2689 melpom-

156 2692 235 2774 quod
251 2715 319 2756 non
341 2701 455 2756 secuta
475 2698 525 2755 est
547 2691 704 2776 placitum
726 2699 838 2757 contra
859 2691 1112 2776 prohibicionem
1133 2692 1256 2757 domini
1269 2661 1392 2782 fflfggfflg

156 2793 256 2882 Regis,
271 2795 352 2881 quia
372 2793 546 2880 aliquando
567 2794 698 2859 fuerunt
718 2793 841 2858 iudices
863 2794 1003 2858 conuicti
1025 2795 1066 2859 de
1088 2795 1148 2859 hoc
1170 2795 1256 2881 quod
1269 2787 1411 2876 ξξῃξξξῑῶξξ

156 2904 327 2961 tenuenmt
341 2896 500 2982 placitum
515 2895 650 2961 incuria
664 2896 887 2962 cristianitatis
898 2896 939 2976 de
954 2897 1035 2961 laico
1048 2897 1139 2962 feodo
1150 2919 1255 2961 coram
1269 2881 1409 2968 llillffill

1269 2978 1320 3017 lum.
1329 2981 1350 3016 ct
1357 2976 1385 3014 nd

157 3001 280 3065 consilio
306 2999 430 3065 domini
454 3000 555 3087 Regis
580 3007 614 3065 et
640 3000 717 3086 quie
742 3023 807 3065 non
832 3008 1009 3086 potuerunt
1039 3009 1118 3065 tunc
1145 3009 1256 3066 tenere
1269 3023 1373 3062 nuaram

1269 3070 1388 3109 estimatum

157 3101 306 3184 placitum
328 3102 371 3168 de
393 3111 487 3180 terra,
509 3125 568 3168 nec
596 3103 668 3189 ipsa
693 3103 793 3189 sequi,
815 3104 961 3168 fecerunt
990 3103 1054 3189 ipsi
1083 3105 1257 3190 quamdam
1270 3117 1421 3203 {gifflgffllgss

158 3205 392 3271 estimacionem
414 3205 455 3270 de
477 3201 564 3270 terra
584 3205 642 3270 illa
661 3205 745 3270 sicut
766 3205 888 3290 precise
908 3213 1016 3290 posset
1036 3207 1143 3284 uendi,
1164 3216 1197 3271 et
1217 3207 1257 3271 dc
1270 3211 1398 3296 33}ssle

158 3309 208 3374 illa
225 3311 436 3376 estimatione
458 3310 546 3375 illius
567 3319 652 3375 terre
675 3319 786 3375 secuta
808 3318 857 3374 est
879 3309 950 3395 ipsa
971 3310 1127 3396 placitum
1147 3318 1259 3376 contra

158 3415 403 3498 prohibicionem
419 3424 453 3480 et
467 3414 543 3480 inde
558 3415 707 3501 producit
722 3423 843 3480 sectam
858 3415 1079 3481 sufficientem.

215 3519 410 3586 Concordati
432 3525 510 3583 sunt
531 3541 589 3604 per
610 3518 777 3583 licenciam
798 3519 923 3584 consilii
943 3520 1066 3585 domini
1089 3519 1204 3608 Regis⁸
1224 3531 1258 3586 et

159 3631 201 3688 est
214 3623 384 3688 concordia
399 3623 474 3688 talis
485 3623 570 3708 quod
585 3623 657 3709 ipsa
671 3624 775 3689 Maria
789 3625 914 3690 remisit
926 3625 972 3690 eis
988 3633 1095 3690 totum
1110 3625 1161 3690 ius
1172 3625 1258 3711 qnod

158 3722 266 3790 habuit
281 3725 318 3790 in
332 3726 413 3791 uilla
426 3725 466 3790 de
482 3725 638 3791 Mordona
652 3735 687 3792 et
705 3728 739 3792 in
754 3729 938 3794 molendino
953 3752 1027 3793 cum
1042 3729 1258 3815 pertinenciis,

159 3839 188 3894 et·
198 3831 275 3917 xiiij.
288 3853 361 3896 acre
371 3829 457 3916 prati
467 3829 502 3894 in
515 3830 692 3918 Hauering’
704 3855 778 3897 cum
792 3833 1000 3919 pertinenciis
1012 3843 1180 3898 remanent
1195 3834 1258 3919 ipsi

186 4011 195 4044 ¹
211 4013 353 4072 A.1n1e;
375 4013 406 4062 Β.
418 4027 454 4062 m.
467 4013 507 4062 14.
732 4010 829 4062 chettel
845 4027 883 4062 we
899 4026 944 4062 arc
960 4013 1077 4076 alluding
1092 4017 1121 4064 to
1136 4029 1152 4064 a
1168 4014 1259 4064 fiction

186 4077 277 4128 ’'l'his
300 4093 381 4128 seems
403 4080 431 4128 to
453 4077 484 4128 bc
506 4092 522 4128 a
547 4080 617 4128 most
641 4077 681 4127 in·
732 4077 762 4126 ot
782 4077 826 4127 the
847 4078 1029 4130 ecelesiastica
1051 4082 1139 4129 courts
1161 4080 1190 4129 of
1215 4079 1260 4130 the
1377 4086 1381 4094 '

159 4142 277 4205 forestim
285 4145 396 4220 attempt
406 4143 436 4192 of
445 4143 490 4193 the
501 4143 581 4194 Gourt
593 4143 680 4192 Chris·
732 4141 876 4192 thirteenth
890 4146 1004 4206 century.
1040 4143 1092 4193 For
1108 4149 1259 4195 testament-

159 4206 210 4256 nan
219 4210 248 4257 to
258 4207 352 4258 extend
362 4211 399 4258 rts
413 4207 577 4272 jurisdiction
588 4208 642 4258 and
652 4208 681 4258 in
731 4221 777 4269 ary
784 4221 908 4270 purposes
915 4223 931 4258 a
939 4211 1005 4258 term
1013 4207 1035 4258 is
1042 4209 1118 4271 quasi
1126 4211 1259 4269 catallum,

158 4272 227 4322 effect
237 4277 265 4322 to
276 4273 397 4324 sanction
412 4272 512 4323 desiset
527 4273 556 4322 of
570 4273 633 4322 land
647 4273 681 4336 by
731 4276 778 4321 not
789 4271 884 4322 laicum
895 4273 1009 4324 feodum.

158 4339 311 4388 c‘notionnl
321 4337 530 4388 conversion’of
544 4337 608 4387 lond
624 4337 682 4388 into
764 4336 842 4396 ³810,
869 4339 904 4396 A;
943 4354 990 4404 prr
1022 4340 1153 4391 licenciam
1185 4341 1260 4391 iacti·

157 4415 256 4467 money.
288 4403 416 4468 Probably
430 4401 507 4452 when
523 4407 552 4452 ct
566 4403 620 4452 this
631 4401 682 4466 day
731 4404 877 4466 cicriomm,
889 4403 918 4454 B.

157 4467 456 4531 wonythataterm
479 4467 682 4530 olyeorsisa

240 4585 273 4632 n.
1154 4577 1172 4636 5
