3260 5218
341 429 360 490 8
646 443 797 508 rnuurv,
819 443 884 494 nn.
909 432 1002 506 1218,
1025 445 1089 496 aa.
1113 433 1141 496 2.

339 613 416 698 quia
430 621 506 678 sunt
522 612 562 677 de
579 613 718 678 Baronia
732 613 772 679 de
789 615 1038 680 Berchamstede
1060 625 1094 681 et
1114 640 1179 682 non
1199 627 1276 684 sunt
1296 619 1336 684 de
1356 619 1457 684 feodo

174 709 311 806 {Jssr'ffl
340 714 476 779 Comitis
491 715 647 780 Willelmi
662 739 721 781 nec
737 717 860 802 aliquid
880 717 979 781 habet
1001 718 1117 783 Comes
1138 719 1172 784 in
1192 721 1328 786 seruicio
1344 723 1397 786 uel
1413 723 1453 786 in

338 819 497 884 dominico
521 843 580 884 nec
606 820 729 906 aliquid
755 821 831 885 inde
858 821 1000 906 pertinet
1026 823 1067 887 ad
1097 826 1278 890 manerium
1308 827 1348 892 de
1378 827 1452 914 Ag-

337 923 524 986 modcsham
539 931 574 986 et
589 923 661 987 ideo
677 923 809 988 uidetur
823 924 854 988 ei
869 925 955 1010 quod
970 925 1067 990 dehet
1083 929 1284 1012 respondere.

404 1028 447 1091 Et
466 1028 582 1093 Comes
601 1029 680 1092 dicit
699 1029 785 1114 quod
803 1038 887 1092 terre
910 1029 964 1093 ille
987 1039 1064 1093 sunt
1086 1030 1120 1094 in
1143 1032 1393 1118 Agmodesham,
1412 1042 1450 1098 et

340 1129 425 1214 petit
449 1129 524 1194 inde
552 1130 659 1194 uisum
687 1132 807 1197 habent.
860 1131 940 1196 Dies
965 1131 1062 1196 datus
1092 1143 1142 1196 est
1169 1134 1216 1198 eis
1245 1135 1280 1198 in
1308 1136 1450 1200 crastino

337 1230 530 1295 Animarum
559 1241 594 1296 et
623 1232 755 1296 interim
784 1233 976 1318 respondeat
1013 1233 1053 1297 de
1091 1235 1331 1321 Agvnodesham
1368 1238 1448 1322 qnia

337 1343 495 1400 testatum
511 1344 560 1399 est
576 1336 662 1421 qnod
678 1343 761 1400 terre
778 1335 832 1400 ille
844 1358 908 1398 non
920 1345 997 1400 sunt
1009 1336 1049 1400 de
1061 1337 1140 1403 uilla
1152 1339 1192 1402 dc
1204 1340 1445 1425 Agmcdesham

336 1461 396 1504 nec
411 1439 451 1503 de
467 1439 685 1524 pertinenciis,
700 1439 793 1502 uenit
809 1447 842 1502 et
858 1440 1049 1524 respondeat
1065 1442 1183 1527 etipse
1199 1444 1291 1507 uenit
1307 1453 1340 1508 et
1360 1445 1446 1530 petit

337 1539 445 1604 nisum
460 1540 580 1604 habeat
595 1540 679 1604 sicut
694 1540 763 1604 dies
783 1540 879 1604 datus
900 1550 950 1605 est
971 1541 1018 1606 eis
1038 1542 1072 1606 in
1093 1544 1232 1610 crastino
1252 1546 1445 1610 Animarum

338 1651 398 1709 etc.
414 1651 448 1707 et
463 1642 594 1708 interim
610 1643 685 1708 etc¹

238 1752 267 1816 9.
403 1745 536 1810 'Jurata
550 1745 643 1810 uenit
658 1747 863 1833 recognitum
877 1771 916 1812 ex
937 1771 1093 1814 consensu
1113 1751 1258 1835 parcium
1280 1751 1307 1814 si
1329 1752 1446 1816 mulier

210 1834 275 1940 ω.
337 1873 400 1936 que
416 1851 562 1936 nupserit
577 1850 674 1914 alicui
689 1860 762 1936 post
777 1851 944 1916 decessum
960 1853 1057 1938 primi
1072 1853 1135 1920 uiri
1150 1855 1204 1919 sui
1220 1878 1278 1940 per
1293 1857 1398 1942 legem
1410 1866 1445 1921 et

175 1928 302 2062 {lt‘l'lill
337 1955 602 2020 consuetudinem
640 1955 762 2020 Kantie
800 1956 925 2020 amittit
962 1957 1071 2022 dotem
1110 1959 1149 2023 de
1187 1968 1374 2024 tenemento
1404 1961 1444 2024 de

196 2034 263 2062 Μ
291 2025 323 2070 φ’
338 2059 559 2126 Gauelekinde
575 2061 661 2146 quod
676 2060 739 2125 fuit
754 2061 851 2146 primi
866 2061 929 2125 uiri
944 2063 1004 2138 sui,
1019 2063 1088 2127 siue
1103 2063 1174 2149 ipsa
1194 2064 1346 2128 habuerit
1369 2065 1443 2128 inde

336 2166 487 2231 saisinam
502 2175 575 2252 post
590 2167 756 2232 decessum
772 2167 867 2251 primi
882 2165 946 2230 uiri
960 2166 1011 2230 sui
1026 2167 1095 2232 siue
1111 2162 1184 2232 noni

401 2271 424 2334 J
426 2279 570 2336 aratores
596 2269 710 2334 dicunt
733 2269 818 2355 quod
841 2269 889 2334 ita
911 2292 969 2354 per
991 2269 1096 2356 legem
1119 2278 1154 2334 et
1176 2271 1443 2336 consuetudinem

338 2373 460 2437 Kantie
475 2373 601 2436 amittit
616 2372 734 2436 mulier
748 2372 858 2436 dotem
874 2372 914 2436 de
938 2380 1126 2436 tenemento
1147 2373 1187 2438 de
1211 2374 1444 2450 Gauelekinde,

335 2474 405 2538 siue
420 2475 491 2560 ipsa
505 2473 656 2538 habuerit
672 2473 822 2538 saisinam
838 2474 906 2538 siue
923 2497 987 2538 non
1002 2484 1036 2539 et
1052 2476 1153 2540 eciam
1169 2477 1197 2540 si
1208 2476 1345 2541 inuenta
1359 2487 1444 2542 esset

336 2601 410 2642 curn
440 2575 579 2663 quodam
609 2576 688 2655 aire,
718 2587 753 2641 et
782 2578 918 2642 haberet
947 2578 987 2643 de
1018 2602 1056 2642 eo
1078 2579 1245 2656 infantem,
1275 2580 1443 2646 amitteret

335 2679 453 2742 dotem.

401 2781 648 2848 Consideratnm
668 2790 717 2846 est
740 2783 824 2868 quod
849 2783 923 2847 Sab'
943 2783 1043 2848 nichil
1065 2783 1181 2870 capiat,
1196 2794 1231 2848 et
1249 2785 1388 2850 Thomas
1409 2794 1443 2850 et

335 2887 501 2952 Johannes
515 2886 590 2951 inde
606 2887 674 2950 sine
691 2887 750 2951 die.

399 2989 607 3076 ’Preceptum
624 2991 686 3055 fuit
698 2992 881 3056 uicocomiti
893 2993 977 3078 quod
991 2992 1126 3058 haberet
1138 3017 1243 3059 coram
1259 2995 1442 3062 iusticiariis

276 3111 281 3122 ·
334 3093 420 3179 apud
444 3094 768 3158 Westmonasterium
799 3095 990 3159 Gaufridum
1021 3097 1230 3161 Aurifabrum
1254 3098 1441 3163 auditurum

333 3195 622 3260 consideracionem
653 3197 739 3260 curie
770 3197 810 3260 de
841 3197 901 3260 hoc
923 3199 1007 3282 quod
1031 3198 1100 3283 ipse
1127 3221 1186 3282 per
1215 3200 1376 3264 maliciam
1407 3209 1441 3264 et

334 3297 509 3361 salsitatem
532 3307 678 3383 apertam
699 3299 775 3362 fecit
798 3299 952 3363 disseisiri
973 3300 1154 3364 Robertum
1177 3302 1216 3366 de
1240 3303 1383 3390 Basingh
1400 3303 1440 3366 de

334 3401 438 3464 trihus
453 3401 538 3465 hidis
553 3411 638 3466 terre
654 3411 688 3466 et
704 3402 838 3466 dimidio
853 3425 926 3466 cum
948 3404 1157 3488 pertinenciis
1177 3405 1211 3467 in
1232 3406 1442 3492 Baggcshec'‚

333 3506 419 3570 unde
435 3506 522 3570 idem
538 3505 713 3572 (laufridus
728 3507 903 3572 Aurifaber
918 3509 996 3572 tulit
1016 3509 1116 3574 breue
1138 3509 1261 3574 domini
1281 3511 1381 3597 Regis
1401 3511 1440 3575 de

365 3743 376 3778 ²
393 3744 476 3794 There
492 3743 514 3792 is
530 3743 654 3806 probably
669 3758 739 3794 some
751 3743 862 3794 mistahe
913 3743 1081 3793 Michaelmas
1099 3744 1130 3792 A.
1148 3743 1180 3792 R.
1199 3745 1272 3793 3-4.
1307 3743 1361 3793 The
1378 3744 1442 3794 land

333 3810 394 3860 here
404 3810 453 3858 due
466 3813 491 3858 to
503 3809 553 3858 bed
564 3810 680 3872 copying.
912 3809 961 3858 has
977 3809 1040 3858 been
1057 3809 1189 3858 recovered
1206 3809 1238 3871 by
1255 3809 1359 3872 Geoffry
1373 3811 1440 3859 from

367 3875 377 3906 ⁹
394 3873 457 3923 This
479 3889 536 3923 ceso
558 3874 659 3923 decides
680 3875 720 3923 for
741 3874 778 3924 all
800 3875 863 3924 time
912 3874 1008 3924 Bobert
1027 3874 1056 3922 in
1074 3889 1090 3923 a
1107 3874 1165 3923 urit
1185 3875 1214 3923 of
1233 3874 1311 3935 right,
1330 3875 1376 3924 but
1395 3874 1439 3924 the

335 3941 394 3990 that
416 3941 444 3988 in
465 3939 601 4000 gavelkind
623 3939 685 3988 land
706 3939 751 3988 the
772 3940 862 3990 widow
911 3940 1046 4002 julgment
1060 3939 1083 3988 is
1097 3939 1212 3988 reversed
1228 3955 1263 3989 on
1280 3939 1324 3988 the
1340 3939 1440 4001 ground

334 4007 401 4054 loses
420 4005 504 4053 dower
526 4005 559 4066 by
576 4019 592 4053 a
612 4003 706 4053 second
727 4005 861 4067 marriage.
913 4005 971 4054 thet
982 4005 1077 4054 Robert
1089 4020 1141 4054 was
1154 4011 1200 4054 not
1209 4004 1270 4067 duly
1278 4004 1439 4054 summoned.

336 4071 391 4119 The
406 4070 497 4118 earlier
512 4069 677 4131 proceedings
692 4069 720 4117 in
736 4070 757 4117 it
768 4069 820 4118 will
832 4071 862 4119 be
913 4070 976 4118 This
988 4070 1010 4118 is
1021 4069 1116 4131 proved
1131 4070 1162 4130 by
1174 4085 1208 4118 an
1224 4069 1401 4118 examinatior
1412 4071 1440 4118 ol

335 4134 416 4184 found
428 4135 507 4183 below
515 4149 610 4195 among
619 4133 662 4182 the
673 4137 784 4182 extracta
795 4135 862 4184 from
912 4135 956 4184 the
973 4135 1069 4183 several
1085 4149 1193 4195 persons
1206 4135 1263 4182 who
1280 4149 1322 4183 are
1339 4134 1396 4184 said
1412 4139 1439 4184 to

335 4200 724 4250 therollofMiclraelmasl217.
748 4199 861 4247 Braoton
911 4199 976 4248 have
999 4199 1151 4248 summoned
1173 4199 1243 4258 him;
1261 4198 1322 4261 they
1341 4199 1373 4248 do
1393 4203 1440 4248 not

335 4267 398 4316 cites
409 4265 430 4313 it
442 4280 476 4314 on
486 4265 504 4313 l.
515 4266 561 4313 308
573 4264 597 4320 b,
608 4263 660 4313 end
672 4265 862 4325 anonymouely
912 4279 985 4326 agree
1004 4279 1033 4313 as
1050 4269 1077 4313 to
1094 4263 1138 4312 the
1154 4263 1228 4314 laets.
1263 4265 1325 4312 Part
1341 4264 1370 4313 of
1387 4263 1440 4312 this

335 4347 369 4380 on
381 4331 399 4379 l.
412 4332 467 4380 313.
501 4331 537 4378 As
549 4333 575 4378 to
587 4328 631 4377 the
642 4329 764 4389 meaning
775 4329 803 4377 ol
818 4329 862 4378 the
912 4329 1045 4378 extractis
1058 4331 1129 4389 quite
1145 4329 1270 4390 illegible;
1288 4328 1342 4377 thie
1358 4344 1440 4377 seems

334 4395 462 4453 niominal
473 4399 535 4443 note
546 4394 558 4441 I
570 4408 613 4442 am
626 4397 672 4442 not
683 4395 789 4445 certain.
912 4395 961 4444 due
973 4399 1000 4444 to
1011 4393 1148 4443 deliberate
1155 4393 1207 4442 and
1215 4398 1319 4443 wauton
1328 4408 1439 4443 erasure.

367 4462 377 4493 ³
394 4460 467 4509 Cited
478 4459 511 4522 by
523 4460 644 4516 Brocton,
657 4459 675 4507 f.
685 4459 740 4520 336,
754 4473 783 4507 as
794 4460 861 4508 from
