3212 5230
339 455 402 519 396
647 466 789 529 nrum,
811 465 875 514 no.
902 452 994 527 1231,
1016 465 1079 515 nn
1106 454 1153 516 15.

339 640 402 705 nisi
418 662 493 705 eum
508 639 727 726 cquieteuerit
741 639 826 704 infre
840 639 964 704 Pascha
979 639 1064 726 quod
1079 639 1120 705 de
1135 639 1230 704 terris
1244 647 1279 704 et
1294 638 1335 704 de
1351 639 1453 704 catel-

339 745 379 810 lis
393 743 555 830 ipsorum¹
572 744 769 830 ubicumque
790 743 912 809 fuerint
933 745 1014 809 fient
1029 744 1155 810 denarii
1169 745 1218 809 illi
1232 753 1267 809 et
1282 744 1456 808 solusntur

338 848 471 934 capitali
492 847 631 925 domino,
654 856 688 912 et
710 869 769 933 per
794 847 930 912 eandem
957 847 1123 934 pleninsm
1149 849 1338 934 menucspit
1366 847 1454 934 quod

338 952 401 1017 nisi
416 951 553 1038 predicti
568 974 597 1016 x.
613 951 667 1016 soi
681 951 909 1036 persoluentur
923 951 1028 1016 eidem
1045 952 1178 1017 Herueo
1192 952 1276 1016 inire
1291 961 1353 1017 etc.
1365 951 1454 1038 quod

338 1057 438 1122 simili
460 1056 555 1121 modo
577 1057 659 1120 fient
680 1055 806 1120 denarii
827 1055 876 1120 ilii
898 1055 939 1122 de
964 1057 1059 1122 terris
1082 1066 1117 1122 et
1141 1057 1266 1122 catellis
1287 1057 1455 1144 ipsorom¹

338 1163 516 1228 secundum
538 1162 626 1248 quod
647 1161 830 1248 predictum
853 1169 904 1226 est
926 1159 1022 1226 'fient
1044 1160 1124 1226 dicti
1145 1162 1269 1228 denarii
1289 1172 1325 1228 et
1345 1163 1454 1227 eidem

339 1267 472 1332 Herueo
486 1266 714 1351 persoluentur
722 1263 739 1330 ⁸.

281 1432 287 1444 ,
405 1367 567 1455 Margeria
586 1368 654 1432 filie
674 1367 805 1433 Osberti
824 1389 883 1454 per
902 1375 1104 1432 attornstum
1125 1391 1220 1433 suum
1236 1369 1323 1455 petit
1339 1391 1454 1433 uersus

340 1471 534 1557 Margeriam
559 1491 622 1555 que
650 1469 713 1533 fuit
739 1491 821 1532 uxor
847 1469 978 1534 Osberti
1004 1469 1043 1533 de
1071 1469 1286 1556 Duningtons
1311 1493 1366 1534 xx.
1393 1491 1453 1534 scr:

340 1583 424 1640 terre
440 1583 475 1639 et
494 1574 605 1639 dimid.
626 1581 660 1638 ct
682 1573 816 1638 terciam
838 1581 965 1658 partem
982 1573 1007 1660 j.
1024 1575 1201 1638 molendini
1223 1597 1297 1639 cum
1320 1582 1404 1660 pert.
1421 1574 1456 1637 in

340 1677 562 1765 Duningtons,
586 1687 622 1743 et
645 1700 759 1742 uersus
788 1677 964 1742 Ricardum
995 1678 1172 1742 Psuncefot
1198 1679 1251 1765 xij.
1276 1701 1340 1744 scr.
1369 1689 1455 1742 terre

340 1807 414 1849 cum
429 1791 510 1869 pert
526 1783 561 1847 in
577 1781 691 1848 eadem
706 1783 795 1861 uilla,
809 1791 844 1848 ct
858 1805 972 1848 uersus
987 1783 1182 1848 Mauricium
1198 1781 1394 1849 Underdun’
1409 1782 1455 1868 iij

340 1911 400 1954 scr.
424 1897 509 1954 terre
535 1909 610 1953 cum
634 1895 715 1974 pert
738 1887 774 1952 in
796 1887 909 1952 eadem
932 1888 1020 1964 uilla,
1042 1897 1077 1952 et
1099 1911 1212 1953 uersus
1238 1889 1350 1974 piures
1376 1887 1456 1952 elios

340 1995 449 2080 plures
475 2000 577 2057 terres
604 1999 639 2056 et
664 1991 811 2057 redditus
834 2000 873 2056 ut
899 1991 950 2057 ius
975 2014 1071 2056 suum
1095 1999 1156 2057 etc.
1181 1990 1267 2056 unde
1292 1991 1367 2076 ipsa
1393 1989 1456 2055 fuit

340 2098 375 2162 in
397 2095 516 2162 seisinc
538 2104 683 2182 tempore
706 2097 806 2184 Regis
828 2095 959 2160 Ricardi
981 2104 1020 2160 ut
1041 2095 1082 2160 dc
1103 2093 1196 2160 feodo
1215 2103 1250 2159 et
1270 2095 1354 2172 iure,
1369 2094 1454 2181 ospi-

341 2199 424 2266 endo
439 2207 499 2264 ete

406 2303 450 2368 Et
465 2298 647 2388 Mergens*
662 2308 696 2365 et
711 2299 869 2366 Ricardus
884 2309 918 2365 et
933 2323 1044 2366 omncs
1058 2301 1115 2366 elii
1131 2299 1269 2366 ueniunt
1281 2307 1316 2364 et
1331 2305 1454 2363 nocent

340 2405 486 2472 indeed
512 2413 692 2470 warantum
718 2405 853 2469 Petrum
879 2405 983 2470 filium
1010 2404 1142 2470 Osberti
1167 2403 1225 2490 qui
1247 2425 1383 2490 presens
1406 2411 1456 2467 est

341 2521 376 2577 et
398 2510 549 2576 omnibus
566 2509 790 2575 warentizeuit
813 2518 848 2574 et
869 2509 1017 2574 defendit
1038 2510 1089 2574 ius
1111 2509 1213 2596 ipsius
1235 2507 1400 2594 Morgerie
1421 2515 1455 2572 et

343 2623 450 2680 totum
465 2622 500 2678 et
515 2613 595 2678 dicit
611 2611 697 2698 quod
711 2611 781 2698 ipse
797 2621 917 2677 terram
932 2613 1022 2678 illem
1038 2612 1138 2678 habet
1152 2621 1191 2677 ut
1207 2613 1294 2677 tilius
1309 2621 1346 2677 et
1362 2611 1454 2676 heres

344 2719 474 2785 Osberti
489 2717 591 2805 patris
606 2717 657 2782 sui
672 2724 707 2781 et
721 2725 760 2781 ut
775 2716 864 2780 illam
880 2739 943 2803 que
958 2717 990 2782 ei
1009 2716 1176 2782 descendit
1196 2716 1266 2781 iure
1289 2715 1454 2780 heredita-

343 2822 391 2887 rio
406 2831 441 2886 et
460 2821 548 2886 unde
568 2828 663 2906 puter
684 2841 762 2884 suus
785 2819 848 2884 fuit
873 2819 1003 2884 seisitus
1026 2819 1062 2884 in
1085 2819 1245 2884 dominico
1267 2841 1326 2883 suo
1352 2827 1392 2883 ut
1415 2817 1455 2882 de

344 2928 436 2993 feodo
451 2937 486 2992 et
500 2928 571 2992 iure
587 2935 732 3013 tempore
748 2927 848 3014 Regis
865 2927 1025 3013 Stephani
1040 2935 1075 2992 et
1095 2935 1166 2992 toto
1187 2935 1334 3012 tempore
1355 2925 1456 3012 Regis

345 3031 480 3096 Henrici
498 3031 553 3095 sui
574 3039 608 3096 et
631 3031 832 3116 temporibus
854 3031 954 3117 Regis
976 3029 1107 3095 Ricardi
1129 3039 1164 3095 et
1186 3039 1332 3116 tempore
1357 3029 1456 3116 Regis

344 3135 368 3200 J
368 3135 503 3199 ohannis
518 3135 584 3198 fere
599 3155 701 3220 usque
717 3133 759 3198 ed
773 3143 911 3198 mortem
931 3134 1031 3222 Regis
1046 3135 1068 3199 J
1070 3133 1206 3199 ohannis
1221 3143 1256 3199 et
1270 3133 1359 3198 uude
1375 3133 1456 3198 obiit

345 3239 475 3304 seisitus
491 3247 636 3325 tempore
652 3237 752 3325 Regis
766 3239 798 3304 J.

410 3343 455 3406 Et
470 3341 645 3428 Mergerio⁵
660 3341 741 3406 dicit
756 3341 842 3428 qnod
853 3351 940 3407 terra
950 3341 1007 3407 illa
1021 3341 1100 3407 dato
1113 3343 1178 3406 fuit
1192 3341 1227 3406 in
1242 3341 1453 3429 maritagium

346 3468 420 3511 cum
447 3467 486 3510 ea
511 3445 639 3509 cuidem
665 3445 762 3509 Petro
791 3444 832 3509 de
862 3445 962 3510 Parco
976 3445 1048 3532 ,qui
1077 3453 1198 3510 ter-mm
1226 3444 1316 3509 illem
1346 3445 1455 3510 tenuit

345 3547 501 3634 quamdiu
517 3546 603 3611 uixit
617 3546 652 3611 in
666 3546 876 3633 maritagium
892 3569 966 3612 cum
984 3570 1024 3612 ee
1042 3555 1077 3612 et
1099 3555 1172 3634 post
1191 3557 1329 3612 mortem
1353 3548 1454 3634 ipsius

346 3650 435 3715 Petri
451 3647 583 3714 nubsit‘
597 3649 668 3735 ipse.
682 3648 811 3713 cuidam
823 3649 987 3714 Willelmo
1003 3649 1069 3714 filio
1085 3650 1216 3716 Osberti
1231 3649 1288 3736 qui
1303 3650 1453 3714 similiter

346 3753 581 3818 terramillam
608 3753 716 3818 tenuit
740 3762 791 3818 set
814 3761 960 3840 tempore
990 3753 1167 3819 senectutis
1193 3753 1295 3840 ipsius
1322 3753 1454 3819 Osberti

345 3857 507 3944 patrissui
517 3879 631 3923 reuera
641 3857 734 3922 uenit
745 3857 832 3923 idem
845 3857 1002 3923 Osbertus
1014 3866 1048 3922 et
1059 3857 1099 3922 de
1111 3857 1219 3945 grecie
1231 3865 1382 3944 receptus
1392 3857 1453 3922 fuit

346 3961 381 4026 in
392 3970 511 4026 terram
522 3961 612 4024 illem
624 3969 659 4026 et
670 3960 760 4024 illem
772 3959 925 4026 exhib...'
937 3968 971 4024 et
986 3959 1109 4024 ibidem
1124 3959 1206 4024 obiit
1221 3967 1255 4024 et
1270 3982 1335 4024 non
1350 3960 1452 4025 aliter.

379 4095 483 4146 1¹Sio.
518 4095 573 4144 The
589 4093 665 4144 lsnds
682 4093 736 4144 sud
751 4093 831 4156 goods
849 4095 877 4145 ot
959 4093 1043 4144 'The
1051 4093 1122 4144 word
1130 4093 1204 4144 looks
1212 4094 1264 4144 like
1272 4096 1452 4149 eutitianam·

347 4159 447 4211 Gilbert
459 4159 511 4210 end
522 4161 551 4209 oi
560 4159 602 4208 his
614 4163 702 4222 sursty
713 4173 742 4209 or
753 4159 873 4210 streties.
926 4161 1030 4209 exhibeo
1053 4174 1114 4222 moy
1135 4174 1213 4209 mesn
1236 4164 1264 4209 to
1291 4164 1408 4222 support,
1427 4163 1453 4207 to

380 4225 419 4259 Η
435 4225 551 4288 Perhsps
568 4224 640 4274 these
657 4225 740 4274 words
756 4239 801 4275 ere
820 4225 872 4276 dis·
926 4225 1022 4287 supply
1043 4225 1107 4274 with
1130 4224 1303 4285 necessrium
1332 4224 1453 4287 probably

346 4289 456 4342 locsted.
927 4289 1019 4339 Orbert
1030 4304 1084 4340 was
1095 4289 1210 4339 received
1227 4305 1256 4339 es
1272 4304 1288 4339 s
1304 4293 1390 4352 guest,
1408 4289 1452 4339 but

379 4357 390 4388 ⁴
407 4355 517 4404 Tenent.
925 4354 970 4404 the
983 4355 1085 4417 copyist
1101 4354 1146 4404 did
1162 4359 1210 4405 not
1228 4355 1392 4405 understand
1409 4354 1452 4403 the

378 4421 389 4518 z
406 4419 580 4536 gemsndsnt.
924 4434 1039 4482 passage.

425 4499 456 4535 ro.
