3276 5234
490 473 627 536 sisinn,
649 471 717 523 Au.
741 457 836 535 1227,
857 473 920 523 sn.
944 461 992 522 11.
1227 461 1289 524 195

175 667 210 710 se
231 645 267 710 in
287 667 445 731 magnam
466 645 600 710 essissm
621 644 716 710 Dom.
737 643 845 732 Regis,
869 651 904 708 et
926 643 1012 730 petit
1034 643 1289 730 recognieionem

177 749 256 826 fieri,
268 757 385 814 utrum
399 749 473 836 ipse
488 749 608 815 debeat
622 749 784 835 predictos
798 756 902 814 sectos
917 748 1088 834 sicutipse
1108 747 1220 833 exigit,
1235 747 1288 812 uel

178 853 348 940 sicutipse
363 853 539 940 cognoscit,
554 853 634 918 dicit
653 852 757 918 eciem
777 851 864 938 quod
885 851 927 918 de
947 851 1160 918 subdecennis
1179 850 1291 916 nullus

179 955 276 1020 homo
289 957 406 1021 uenire
419 955 529 1020 debet

245 1059 290 1122 Et
317 1059 500 1145 Episcopus
524 1058 604 1124 dicit
628 1058 715 1144 quod
738 1057 858 1124 iniuste
882 1057 943 1122 hoc
966 1057 1055 1134 dicit,
1079 1055 1157 1143 quia
1178 1075 1291 1120 omues

181 1171 252 1226 tarn
278 1161 321 1226 de
347 1161 564 1226 subdecennis
590 1183 688 1247 quam
714 1161 755 1226 de
781 1160 975 1248 capitalibus
1000 1159 1151 1224 decennis
1177 1158 1290 1224 uenire

112 1337 113 1340 Ἴ
181 1265 305 1329 debent
320 1265 363 1330 ad
378 1265 489 1329 omnia
503 1263 672 1328 hundredo
685 1287 743 1350 per
756 1287 887 1342 annum,
899 1272 950 1328 set
964 1285 1078 1328 reuera
1087 1261 1292 1326 reuenirent

181 1369 246 1433 nisi
264 1368 308 1432 sd
329 1368 396 1433 duo
415 1367 667 1454 lsgehundreda,
688 1376 722 1432 et
742 1389 783 1433 ne
803 1367 846 1433 ad
865 1369 930 1434 slis
951 1367 1121 1432 hundreda
1140 1367 1291 1431 uenirent
1416 1365 1420 1378 ’

182 1471 247 1536 nisi
270 1479 404 1536 tantum
424 1479 493 1536 tres
513 1471 660 1536 homines
677 1479 712 1536 et
731 1472 922 1558 prepositus,
941 1472 1040 1537 finem
1064 1473 1210 1537 feserunt
1233 1491 1294 1556 per

181 1597 307 1639 annum
333 1597 392 1660 per
413 1575 438 1660 j.
465 1597 614 1652 marcam,
639 1582 674 1638 et
699 1574 740 1639 de
765 1575 823 1640 illc
845 1597 955 1640 marco
978 1575 1042 1640 fuit
1066 1575 1233 1660 episcopus
1257 1581 1292 1638 et

182 1688 402 1744 antecessores
424 1679 477 1743 sui
496 1679 599 1744 seisiti
622 1701 680 1765 per
702 1679 743 1745 lx.
770 1702 881 1757 annos,
899 1687 934 1744 et
955 1679 1015 1744 hoc
1035 1681 1129 1744 offert
1148 1679 1293 1766 probare,

182 1782 271 1847 unde
293 1781 376 1846 dicit
395 1781 483 1867 qnod
502 1782 538 1846 in
555 1781 722 1846 hundredo
741 1782 797 1847 illo
816 1782 886 1847 fieri
905 1781 1003 1848 debet
1023 1783 1114 1848 uisus
1127 1783 1168 1848 de
1184 1785 1293 1849 fisnco

181 1889 292 1975 plegio
307 1887 349 1952 de
365 1893 437 1951 toto
451 1887 595 1951 manerio
609 1887 674 1951 illo.

249 1993 294 2056 Et
310 1991 498 2058 Gilebertus
515 1991 696 2078 dicitquod
715 1992 861 2056 seruiens
879 1989 1041 2056 hundredi
1060 1991 1172 2056 uenire
1193 1991 1292 2057 debet

182 2097 218 2160 in
240 2095 389 2160 manerio
410 2094 468 2159 illo
492 2103 527 2159 et
550 2094 658 2159 uisum
682 2095 786 2159 lacere
805 2094 847 2159 de
867 2095 975 2159 franco
994 2093 1112 2181 plegio,
1133 2101 1168 2158 et
1187 2095 1292 2159 faeere

183 2208 290 2265 scetes
320 2199 406 2263 sicut
435 2198 619 2284 predictum
648 2207 707 2277 est,
736 2207 787 2264 set
816 2222 882 2263 non
910 2199 975 2264 clio
1004 2198 1107 2264 modo.
1151 2198 1204 2263 De
1236 2198 1294 2263 illc

183 2327 294 2370 marco
317 2304 399 2369 dicit
422 2303 510 2390 quod
532 2326 646 2369 reuera
668 2325 837 2390 nunquam
862 2303 953 2368 illem
978 2301 1079 2379 dedit,
1102 2309 1154 2367 set
1179 2323 1294 2367 reuera

184 2417 334 2494 tempore
347 2430 412 2494 qno
427 2408 607 2472 manerium
621 2407 705 2472 illud
724 2408 789 2472 fnit
810 2407 845 2470 in
864 2429 964 2472 manu
984 2406 1198 2470 firmmiomm
1208 2405 1293 2471 bene

185 2520 295 2598 potest
310 2533 381 2576 esse
396 2511 482 2597 quod
497 2512 629 2577 firmarii
644 2511 804 2576 dederunt
819 2511 910 2576 illem
924 2533 1074 2588 marcam,
1090 2518 1125 2576 et
1140 2509 1225 2598 quod
1245 2511 1295 2576 ita

186 2617 230 2680 sit
253 2615 397 2702 ponunt²
419 2637 454 2680 se
474 2638 571 2702 super
590 2617 739 2682 iuratam.
784 2617 829 2680 Et
849 2617 1027 2702 Episcopus
1047 2615 1205 2682 similiter.
1250 2615 1295 2680 Et

188 2719 265 2783 ideo
277 2719 339 2782 fiat
353 2718 430 2782 inde
445 2718 561 2796 inmte,
581 2727 615 2784 et
635 2720 748 2784 ueniet
768 2719 930 2784 dominica
949 2727 1027 2784 ante
1046 2717 1293 2784 Ascensoionem

186 2821 323 2886 Domini
337 2821 380 2885 cd
400 2821 692 2906 recognoscendum
713 2823 742 2886 si
764 2822 911 2886 homines
930 2821 971 2886 de
993 2821 1137 2908 predicto
1151 2821 1296 2886 monerio

185 2925 350 2991 dederunt
364 2927 495 2992 balliuis
509 2927 647 3013 predicti
662 2927 824 2992 hundredi
838 2949 937 2992 unam
952 2949 1092 2992 mercem
1103 2947 1295 3012 perannum

185 3051 245 3114 pro
259 3029 461 3093 relaxneione
476 3029 620 3114 predicte
635 3038 731 3107 secte,
747 3038 781 3094 et
795 3029 910 3116 persio
921 3029 1022 3116 quod¹
1033 3029 1176 3093 facerent
1187 3027 1295 3092 uisum

186 3133 227 3197 de
242 3133 354 3196 frenco
367 3133 476 3219 plegio
489 3133 525 3197 in
545 3133 691 3219 predicto
709 3134 854 3198 manerio
874 3133 915 3198 de
935 3133 1121 3198 hominibus
1141 3132 1198 3218 qui
1217 3139 1295 3196 sunt

185 3237 222 3302 in
235 3235 451 3300 subdecennis
464 3235 553 3301 unde
567 3245 636 3314 etc,
651 3237 706 3302 uel
720 3259 793 3302 non
838 3237 945 3324 Capta
958 3246 1008 3303 est
1022 3237 1156 3303 iurcte⁸.

128 3389 136 3402 .
252 3340 455 3405 ‘willelmus
473 3340 514 3406 de
534 3341 697 3429 Hoberge,
717 3342 880 3408 Robertns
900 3343 941 3408 de
962 3343 1092 3420 Welles
1113 3341 1296 3408 Rendullus

187 3445 230 3511 de
248 3445 397 3524 Fsssrtis,
412 3455 447 3511 et
470 3446 653 3513 Rendulfus
673 3448 759 3513 filius
779 3447 937 3514 Willelmi
959 3447 999 3514 de
1019 3447 1220 3514 Pebbenesse
1237 3446 1295 3531 iiij.

188 3549 312 3614 milites
331 3549 423 3614 missi
437 3549 478 3614 de
492 3552 649 3616 comitatu
665 3551 797 3616 Essexie
811 3573 870 3638 per
883 3560 1072 3638 preceptum
1087 3551 1180 3616 Dom
1195 3551 1297 3638 Regis

189 3675 297 3717 coram
327 3652 514 3719 iusticiariis
541 3655 577 3718 in
605 3655 715 3719 Bcnco
743 3677 818 3720 cum
847 3656 977 3720 recordo
1006 3663 1041 3719 et
1069 3654 1189 3719 iudicio
1210 3652 1296 3739 quod

189 3757 313 3822 factum
343 3765 395 3822 est
423 3757 458 3822 in
488 3758 601 3823 eodem
636 3757 794 3823 comitatu
831 3757 919 3823 inter
953 3758 1154 3823 Willelmum
1191 3757 1296 3822 filium

189 3859 322 3924 Ricardi
341 3867 511 3946 petentem
533 3868 567 3925 et
586 3861 767 3926 Robertum
791 3860 832 3925 de
856 3860 1039 3946 Wymbisse
1063 3867 1231 3924 tenentem
1254 3857 1296 3924 de

189 3962 230 4026 lx
256 3962 341 4026 seris
364 3969 450 4026 terre
474 3985 549 4026 cum
572 3963 781 4048 pertinenciis
803 3963 839 4028 in
862 3963 1053 4048 Wymbisse‚
1076 3969 1239 4028 uenerunt
1262 3970 1297 4026 et

188 4066 381 4132 detulerunt
400 4067 568 4132 recordum
588 4076 623 4132 et
641 4068 799 4133 iudicium
819 4067 902 4133 illud
920 4067 1088 4137 reductum
1110 4067 1145 4132 in
1162 4064 1297 4152 scripto⁰

188 4169 250 4234 sub
274 4170 338 4235 hec
364 4170 477 4249 forms,
502 4170 657 4236 uidelicet
683 4171 769 4258 quod
793 4179 867 4258 post
893 4171 1014 4236 multos
1039 4170 1108 4236 dies
1134 4177 1169 4236 et
1192 4168 1298 4234 multa

218 4303 228 4336 ¹
244 4305 320 4356 corr.
329 4307 416 4368 pouit.
770 4303 877 4368 Bishop.
907 4303 939 4354 B.

216 4368 450 4434 ’qundrepestcd
803 4369 862 4419 ιΒ.
874 4371 945 4418 m.3.

215 4435 228 4468 ⁸
244 4435 302 4486 The
325 4435 413 4496 jurors
435 4405 484 4498 siy
500 4433 560 4486 thst
581 4434 627 4485 the
645 4435 721 4485 mark
803 4434 889 4486 ⁵0m.
900 4435 1068 4486 redacturum
1078 4435 1180 4498 scripto,
1191 4433 1223 4487 B.

182 4499 230 4553 lus
240 4501 309 4564 long
320 4501 388 4552 been
397 4498 473 4564 psid;
484 4499 620 4564 iudgment
627 4501 668 4550 lor
675 4501 721 4550 the

1105 4601 1211 4664 let-2
