3314 5238
507 421 656 482 (11111111,
679 421 744 468 nn.
770 407 948 480 113111,
974 409 1023 469 15.
1255 410 1318 472 463

205 587 297 652 cione
323 595 567 654 autecessorum
590 589 692 674 ipsius
714 588 872 654 Willelmi
894 589 935 656 de
958 589 1182 678 Metingeham
1204 591 1235 656 ei
1257 614 1319 658 wa·

208 689 367 754 rentizare
383 713 449 754 non
465 689 592 755 (1611611.

273 794 317 858 Et
333 794 521 860 Willelmus
535 794 575 859 de
592 793 815 880 Metingcham
831 794 911 860 dicit
925 794 1012 881 quod
1031 796 1131 860 debet
1153 796 1319 862 611161611-

210 897 308 962 tizare
330 899 411 984 quia
436 899 524 964 idem
550 898 736 963 Gilebertus
758 906 809 963 est
831 897 865 962 in
887 898 1006 964 seisina
1027 899 1068 964 de
1090 899 1240 987 homagio
1262 924 1320 966 suo

210 1009 244 1065 et
258 1002 396 1067 seruicio
411 1011 446 1068 et
460 1003 542 1068 bene
556 1002 701 1068 defendit
713 1003 799 1088 quod
810 1025 893 1068 auus
907 1025 985 1068 suus
996 1025 1163 1089 nunquam
1175 1005 1321 1070 feoffauit

212 1127 310 1170 auum
340 1105 481 1192 predicti
503 1105 660 1170 Willclmi
682 1105 713 1170 lc
736 1105 876 1190 Enueys'
898 1113 933 1169 61
955 1105 1031 1170 inde
1053 1106 1146 1192 ponit
1167 1129 1201 1172 so
1224 1129 1321 1194 super

211 1210 359 1295 patriam.
405 1209 449 1274 Et
464 1210 610 1296 quesitus
633 1210 661 1274 si
683 1209 803 1274 habeat
824 1217 947 1276 sectam
967 1210 1021 1274 uel
1042 1210 1131 1275 aliud
1151 1210 1193 1276 ad
1213 1221 1319 1276 osten-

211 1314 355 1380 dendum
370 1313 439 1390 hoc,
454 1312 535 1377 dicit
550 1312 636 1398 quod
652 1335 723 1377 nou

275 1419 320 1483 Et
335 1418 522 1483 Gilchertus
542 1418 601 1482 hoc
624 1426 731 1482 totum
746 1416 892 1482 defendit
912 1425 962 1482 set
982 1418 1145 1504 cognoscit
1161 1419 1247 1504 quod
1270 1428 1320 1484 est

211 1521 306 1587 homo
320 1545 400 1586 suus
414 1531 464 1586 set
485 1521 525 1585 de
545 1521 609 1585 alio
629 1528 824 1586 tenemento,
869 1521 914 1584 Et
936 1521 1014 1607 quia
1033 1522 1120 1587 idem
1136 1522 1319 1588 Willelmus

211 1625 250 1691 de
266 1626 491 1713 Metingeham
507 1626 606 1690 nichil
627 1625 771 1690 ostendit
786 1625 872 1711 quod
892 1625 936 1690 sit
956 1625 1052 1690 homo
1074 1626 1212 1711 predicti
1231 1626 1318 1691 Gile-

210 1729 295 1794 berti
321 1729 363 1794 dc
387 1738 574 1794 tenemento
597 1729 662 1806 illo,
686 1737 720 1792 et
746 1737 894 1814 preterea
918 1728 1017 1793 nichil
1043 1729 1185 1795 ostendit
1208 1739 1320 1796 contra

209 1836 317 1920 ipsum
338 1835 540 1900 Willelmum
563 1835 594 1899 16
617 1833 756 1918 Enucys'
772 1833 859 1919 quod
881 1829 1098 1898 antecessores
1119 1833 1222 1919 ipsius
1237 1835 1318 1899 Wil-

209 1937 299 2002 lelmi
321 1937 352 2002 16
375 1935 513 2023 Enueys'
534 1959 599 2000 non
621 1944 729 2000 essent
747 1935 871 2000 feoffati
892 1935 934 1999 ab
956 1958 1018 2000 auo
1040 1935 1142 2022 ipsius
1161 1937 1319 2002 Willelmi

208 2042 248 2108 de
261 2040 495 2127 Metingeham‚
507 2047 542 2104 61
554 2047 622 2102 tam
635 2037 821 2102 Gilebertus
832 2060 930 2122 quam
940 2038 1124 2103 Willelmus
1135 2039 1165 2104 le
1178 2040 1318 2126 Enueys’

209 2153 408 2233 cognoscunt
430 2143 515 2230 quod
541 2165 623 2207 auus
644 2141 746 2228 ipsius
770 2141 927 2206 Willelmi
951 2141 990 2206 de
1018 2142 1242 2230 Metingeham
1268 2144 1316 2208 in-

209 2248 395 2315 cumbrauit
410 2246 587 2333 predictam
600 2255 719 2310 terram
731 2243 880 2309 donando
892 2267 963 2309 eam
975 2267 1037 2310 auo
1047 2245 1149 2331 ipsius
1160 2245 1317 2312 W'illclmi

210 2354 239 2419 le
260 2352 409 2438 Enueys',
425 2359 459 2415 et
476 2349 563 2415 idem
583 2350 764 2414 Willelmus
783 2348 884 2413 nichil
905 2349 1047 2413 ostendit
1067 2349 1102 2412 in
1120 2353 1316 2417 contrarium

209 2465 331 2523 cartam
344 2455 398 2520 uel
410 2454 508 2529 aliud,
520 2453 767 2520 Consideratum
780 2451 927 2537 estquod
940 2452 1123 2517 Willelmus
1134 2454 1164 2517 le
1177 2455 1316 2541 Enueys'

209 2559 415 2646 recuperauit
427 2557 578 2623 seisinam
590 2579 682 2622 suam
694 2579 807 2622 uersus
818 2557 1018 2622 Willelmum
1030 2557 1071 2622 de
1083 2559 1316 2646 Metingeham‚

210 2675 244 2732 ct
266 2663 451 2728 Willelmus
473 2661 514 2726 de
541 2660 764 2747 Metingeham
788 2660 823 2725 in
847 2661 1064 2727 misericordia
1087 2667 1122 2728 61
1144 2664 1241 2728 faciat
1266 2687 1315 2730 es-

210 2769 374 2834 cambium
389 2767 431 2832 ad
446 2765 628 2832 ualenciam
643 2763 787 2851 predicto
802 2766 932 2843 Jacobo,
942 2775 976 2831 61
988 2767 1174 2832 Gilebcrtus
1185 2768 1316 2854 quietus

210 2871 250 2937 de
265 2869 430 2934 warentia

151 3037 159 3051 ,
274 2975 454 3040 Nicholaus
472 2971 512 3037 de
528 2971 661 3037 Verdun
680 2994 737 3058 per
755 2980 957 3036 ottomatum
980 2995 1075 3036 suum
1096 2973 1181 3059 petit
1203 2995 1316 3039 uersus
1391 2989 1417 3020 ¹¹0

209 3079 373 3146 Andream
404 3078 445 3143 de
472 3075 684 3142 Bradeshulla
705 3076 795 3162 xliiij.
819 3077 891 3142 den.
913 3077 1059 3142 redditus
1081 3101 1155 3143 cum
1177 3087 1259 3164 pert.
1281 3079 1316 3144 in

211 3183 425 3249 Bradeshulla
439 3189 478 3244 ut
492 3181 544 3244 ius
559 3203 654 3245 suum
670 3189 704 3245 et
720 3180 865 3244 utillum
881 3181 1044 3245 redditum
1060 3181 1095 3244 in
1110 3203 1207 3267 quem
1229 3181 1316 3246 idem

209 3289 358 3354 Andreas
379 3309 443 3350 non
467 3286 567 3350 habet
588 3285 768 3372 ingressum
790 3283 853 3348 nisi
870 3305 928 3369 per
943 3284 1116 3349 Ricardum
1135 3285 1176 3350 de
1192 3285 1316 3350 Kaum-

212 3391 292 3456 uilla
306 3400 341 3456 et
357 3389 567 3454 Eustachiam
583 3411 716 3453 uxorem
732 3387 802 3452 eius
817 3386 874 3472 qui
889 3395 1008 3452 temam
1030 3387 1118 3452 illam
1140 3397 1317 3454 tenuerunt

211 3495 245 3559 in
268 3493 378 3558 dotem
401 3491 503 3577 ipsius
523 3490 698 3555 Eustochio
714 3490 754 3554 de
770 3489 853 3554 dono
873 3488 975 3574 ipsius
990 3488 1113 3554 Thome
1129 3489 1169 3556 de
1191 3492 1315 3557 Kaum-

211 3597 310 3662 uilla²
325 3595 433 3660 fratris
447 3594 656 3682 primogeniti
671 3593 773 3680 ipsius
788 3592 939 3658 Nicholai
960 3601 994 3656 61
1014 3593 1111 3678 primi
1132 3593 1196 3660 uiri
1216 3595 1317 3681 ipsius

211 3697 388 3764 Eustachie
404 3705 464 3761 etc.

276 3803 321 3867 Et
346 3801 495 3866 Andreas
518 3800 612 3866 uenit
635 3809 670 3864 et
690 3799 838 3864 defendit
863 3799 914 3864 ius
937 3821 1033 3863 suum
1059 3807 1093 3863 61
1123 3799 1202 3864 dicit
1231 3799 1317 3885 quod

211 3915 303 3972 tenet
317 3914 437 3970 terram
452 3927 549 3991 quam
566 3905 665 3970 habet
680 3905 714 3968 in
730 3903 844 3968 eadem
859 3903 939 3968 uilla
953 3911 987 3968 et
1002 3902 1165 3968 redditum
1177 3903 1217 3968 dc
1233 3903 1316 3968 dono

211 4010 349 4098 predicti
369 4009 522 4074 Nicholai
541 4009 582 4073 de
602 4007 736 4072 Verdun
754 4029 812 4092 per
829 4015 952 4071 cartam
972 4027 1064 4070 suam
1080 4028 1177 4091 quam
1196 4006 1317 4091 profert

211 4125 329 4201 etque
351 4122 494 4178 testatur
511 4112 596 4198 quod
618 4111 710 4176 dedit
732 4109 888 4175 concessit
910 4117 945 4173 et
967 4107 1171 4173 confirmauit
1186 4107 1316 4172 Andree

243 4271 252 4302 ¹
269 4269 313 4318 Br.
327 4269 345 4316 1.
356 4268 411 4318 391.
790 4261 825 4326 (1)
842 4260 956 4310 Thomas
972 4259 1003 4309 de
1020 4256 1131 4316 Ve'rdon,
1149 4257 1184 4320 (2)
1202 4259 1316 4308 Richard

242 4332 397 4395 ²Probably
414 4331 455 4380 lor
471 4331 501 4380 de
519 4331 669 4379 Kaumuillc
688 4341 738 4377 one
789 4327 821 4376 de
838 4327 971 4376 camville.
1005 4325 1086 4388 Dugd
1107 4325 1201 4374 Boron.
1222 4325 1271 4375 vol.
1291 4327 1313 4385 1,

212 4399 304 4448 should
321 4397 383 4448 md
402 4397 432 4445 dc
453 4397 561 4444 Verdun.
596 4393 739 4444 Eustochio
790 4407 815 4455 p.
828 4393 884 4441 628.

212 4464 338 4525 daughter
355 4463 384 4512 of
403 4461 504 4511 Gilbert
520 4461 611 4509 Basset
628 4459 739 4508 married
