3212 5230
375 483 439 548 324
677 493 818 557 nrnssr,
840 493 906 544 sn.
930 477 1023 554 1230,
1046 493 1109 546 ns.
1133 480 1182 544 14.

374 670 450 736 dere
470 667 559 736 eliud
574 668 661 736 dicet
678 677 713 736 et
727 668 924 736 sufficienter
944 666 1157 757 respondebit.
1203 667 1310 734 Datus
1328 671 1380 732 est
1400 667 1481 732 etc¹

375 773 415 839 de
430 771 591 839 audiendo
605 771 724 839 iudicio
739 795 805 839 suo.

254 885 326 950 394.
439 877 642 968 ''Willelmus
656 875 768 940 Abbes
784 875 815 941 S.
832 874 953 940 Albeni
973 872 1189 940 summonitus
1204 871 1268 937 fuit
1287 871 1329 937 ed
1351 894 1481 959 respon-

175 1029 180 1036 ·
256 985 321 1026 ΜΦ
374 977 517 1046 dendum
538 977 701 1044 Willelmo
727 977 793 1042 filie
817 977 949 1042 Redulfi
972 999 1072 1064 qnare
1095 975 1249 1041 deforciet
1275 975 1306 1040 ei
1324 975 1349 1062 j.
1375 999 1478 1042 ceruc.

214 1087 364 1129 mm
374 1091 459 1148 terre
474 1105 548 1149 cum
567 1090 648 1168 pert.
663 1082 697 1147 in
720 1081 890 1147 Stenmere
906 1103 970 1168 que
992 1087 1043 1146 est
1064 1080 1116 1146 ius
1138 1087 1173 1146 et
1194 1078 1358 1145 hereditas
1379 1079 1482 1166 ipsius

214 1135 321 1175 thlslmo
328 1136 355 1175 de

213 1181 532 1269 Eggfflwillelmi
553 1185 593 1250 de
613 1207 678 1272 qua
700 1193 787 1250 terre
805 1184 893 1250 idem
911 1184 1024 1250 Abbes
1045 1184 1080 1249 in
1102 1184 1192 1250 curie
1208 1184 1308 1273 Regis
1329 1207 1388 1271 per
1407 1207 1481 1248 eon-

212 1239 287 1409 {ffiifl
302 1287 358 1363 Ἥ
374 1289 603 1356 sidereciouem
618 1289 762 1354 eiusdem
778 1289 865 1354 curie
878 1288 1081 1375 recuperauit
1093 1287 1271 1353 custodiam
1284 1295 1322 1352 ut
1333 1287 1483 1374 capitalis

213 1370 523 1466 middin-dominus
543 1392 627 1458 feodi
647 1393 735 1457 illius
756 1415 869 1458 uersus
891 1391 1071 1458 Henricum
1092 1391 1255 1456 Buchcint
1275 1399 1355 1457 tunc
1375 1399 1481 1456 custo-

212 1463 363 1504 wlodomirus

211 1510 327 1598 Ἓξ
373 1496 448 1561 dem
463 1495 607 1574 eiusdem
623 1495 780 1560 Willelmi
795 1517 833 1560 eo
849 1495 935 1582 quod
949 1495 972 1561 J
973 1495 1116 1560 ohannes
1131 1495 1312 1560 auunculus
1331 1517 1410 1560 suus
1425 1495 1483 1581 qui

211 1604 363 1692 gpffiffi
374 1607 452 1664 tunc
467 1599 530 1663 fuit
545 1598 709 1684 proximus
723 1599 817 1663 heres
831 1607 870 1663 ιιι
884 1597 1054 1664 dicebatur
1068 1599 1233 1685 profectus
1243 1599 1308 1663 fuit
1322 1598 1357 1663 in
1372 1606 1483 1684 partes

211 1699 362 1786 ffiffssbffl·
372 1701 601 1767 transmarinas
622 1709 656 1766 et
676 1701 770 1766 modo
792 1701 874 1766 obiit
896 1709 935 1766 ut
957 1699 1077 1766 dicitnr
1099 1709 1133 1766 et
1155 1701 1242 1766 unde
1264 1701 1351 1766 idem
1367 1701 1482 1766 Abbns

210 1791 356 1834 ''mm''
371 1803 501 1870 distulit
515 1804 648 1870 reddere
663 1805 694 1870 ei
709 1804 859 1870 seisinem
875 1826 968 1869 suem
983 1803 1120 1891 eoquod
1134 1805 1176 1870 eb
1187 1804 1350 1891 aliquibus
1361 1805 1484 1870 dicitur

372 1909 459 1996 quod
485 1909 528 1974 sit
553 1908 724 1974 bastardus
749 1909 876 1974 desicut
900 1909 988 1974 idem
1014 1909 1127 1975 Abbes
1154 1909 1189 1974 in
1218 1910 1308 1975 curie
1334 1909 1483 1996 predicte

371 2011 513 2078 reddidit
542 2011 648 2077 eidem
674 2011 838 2078 Willelmo
864 2011 961 2077 eliam
992 2021 1110 2078 terrem
1140 2021 1180 2078 ιιι
1208 2013 1275 2078 filio
1305 2022 1339 2078 et
1369 2012 1482 2078 heredi

371 2115 509 2203 predicti
529 2115 660 2180 Redulfi
679 2115 782 2202 petris
804 2115 856 2180 sui
871 2115 978 2182 fietris
999 2117 1137 2204 predicti
1154 2116 1314 2182 Johennis
1336 2125 1372 2182 et
1393 2116 1482 2181 unde

260 2245 311 2298 [ιι]
371 2219 458 2285 idern
481 2218 677 2306 {Willemus
706 2219 854 2306 queritur
878 2219 963 2307 quod
993 2220 1158 2306 predictus
1186 2219 1298 2286 Abbes
1327 2219 1481 2286 seisinam

371 2347 464 2390 suem
480 2325 511 2390 ei
525 2325 646 2390 iniuste
662 2323 818 2390 deforciet
827 2324 845 2390 ⁴.

436 2431 482 2496 Et
496 2430 608 2496 Abbes
619 2453 678 2518 per
688 2431 711 2497 J
711 2430 872 2496 ohannem
884 2429 924 2496 de
937 2429 1120 2496 Shelfordin
1130 2431 1223 2496 uenit
1234 2439 1269 2496 et
1280 2433 1482 2520 recognoscit

372 2535 523 2601 seisinem
543 2558 635 2601 suem
655 2533 696 2600 de
714 2534 861 2621 predicte
880 2543 966 2600 terre
986 2543 1025 2600 ιιι
1039 2535 1080 2600 de
1102 2535 1250 2602 custodie
1271 2543 1310 2601 ut
1332 2537 1483 2624 capitalis

373 2638 522 2704 dominus
536 2637 621 2704 feodi
643 2659 756 2702 uersus
778 2637 958 2703 Henricum
980 2637 1144 2702 Buckoint
1166 2638 1223 2725 qui
1246 2647 1325 2704 tunc
1348 2661 1382 2704 se
1404 2640 1483 2705 fecit

373 2742 540 2809 custodem
562 2740 700 2829 predicti
722 2739 879 2806 Willelmi
903 2749 937 2806 et
959 2741 1046 2828 qnod
1071 2749 1185 2828 postea
1206 2741 1349 2807 reddidit
1372 2743 1480 2808 eidem

372 2847 536 2912 Willelmo
551 2847 649 2912 aliem
669 2855 788 2912 terrem
809 2846 895 2911 unde
917 2855 1011 2933 peter
1029 2869 1108 2912 suus
1129 2845 1211 2912 obiit
1233 2847 1363 2913 seisitus
1386 2857 1426 2914 ut
1441 2849 1482 2914 de

373 2951 465 3017 feodo
482 2951 567 3016 sicut
581 2951 648 3016 filio
669 2958 704 3015 et
726 2949 838 3014 heredi
859 2973 918 3015 suo
940 2958 974 3015 et
994 2950 1134 3016 libenter
1151 2951 1299 3016 concedit
1319 2959 1354 3016 et
1374 2952 1484 3018 reddit

374 3056 405 3121 ei
419 3055 571 3121 seisinem
585 3077 680 3120 suem
700 3053 811 3120 snluo⁵
833 3053 979 3140 predicto
998 3055 1022 3120 J
1022 3055 1142 3120 ohenni
1155 3055 1191 3120 si
1207 3055 1341 3122 redierit
1364 3057 1486 3124 seisine

373 3183 433 3226 sue
447 3159 516 3224 sine
531 3159 650 3246 placito
665 3165 700 3224 et
715 3157 866 3224 similiter
879 3159 969 3224 seluo
983 3159 1054 3224 iure
1069 3159 1250 3226 cuiuslibet.

439 3261 483 3327 Et
504 3286 601 3350 super
623 3263 682 3330 hoc
704 3263 798 3329 uenit
820 3263 1004 3330 Willelmus
1026 3265 1113 3331 filius
1138 3265 1270 3331 Rieerdi
1299 3265 1339 3332 de
1371 3268 1484 3334 Graue

373 3374 408 3432 et
429 3365 613 3454 dicitquod
635 3375 722 3434 terre
742 3369 800 3434 ille
813 3367 912 3434 debet
934 3369 1055 3434 reuerti
1077 3369 1119 3435 ed
1141 3369 1249 3457 ipsum
1271 3393 1329 3458 pro
1349 3370 1482 3438 defectu

374 3471 501 3537 heredis
514 3471 555 3538 de
570 3472 715 3559 predicto
725 3474 865 3540 Redulfo
877 3475 954 3562 quia
964 3475 1027 3541 iste
1038 3475 1223 3542 Willelmus
1238 3486 1289 3542 est
1300 3476 1483 3544 bastardus.
1573 3479 1575 3488 ’

374 3577 418 3641 Ει
433 3575 510 3663 quie
524 3577 614 3642 curie
632 3579 818 3645 recordetur
831 3580 919 3667 quod
938 3579 1026 3646 idem
1041 3580 1227 3647 Willelmus
1242 3581 1329 3646 filius
1348 3581 1483 3647 Redulfi

373 3679 437 3743 fuit
459 3679 494 3744 in
516 3680 634 3746 seisine
655 3680 696 3746 de
719 3689 805 3746 terre
826 3683 882 3748 illa
904 3684 1033 3772 quendo
1056 3683 1168 3750 Abbes
1190 3686 1395 3772 recuperauit
1419 3687 1483 3752 sei-

374 3783 477 3849 sinem
492 3784 533 3850 de
546 3793 632 3851 term
642 3785 700 3852 ille
709 3795 748 3851 ut
760 3788 907 3872 capitalis
917 3789 1067 3855 dominus
1078 3789 1163 3855 feodi
1174 3813 1287 3856 uersus
1299 3791 1483 3856 Henricum

374 3887 538 3953 Buckoint
552 3889 610 3976 qui
627 3913 661 3954 se
681 3889 759 3956 fecit
777 3890 942 3956 custodem
965 3901 1003 3958 ut
1024 3892 1208 3979 predictum
1231 3901 1281 3959 est
1295 3893 1485 3962 willelmus

374 3992 461 4060 filius
490 3994 621 4060 Ricnrdi
651 4018 716 4061 non
745 4003 855 4083 potest
883 3995 1029 4063 dedicere
1059 3997 1211 4064 seisinem
1247 3999 1345 4064 illem.
1395 3999 1484 4066 Gon—

407 4137 417 4170 ¹
434 4137 489 4190 The
506 4138 557 4203 dey
576 4138 651 4203 given
670 4139 694 4191 is
715 4139 810 4192 Esster
828 4139 901 4192 three
983 4143 994 4175 ⁴
1009 4143 1125 4195 Willinm
1138 4143 1182 4195 the
1193 4145 1308 4210 pleintiff
1318 4162 1379 4210 says
1394 4151 1421 4199 ιο
1436 4149 1482 4200 his

375 4203 466 4254 weeks.
950 4207 1008 4258 lord
1023 4209 1068 4259 the
1083 4210 1176 4270 Abbot,
1188 4210 1246 4261 Yon
1261 4211 1328 4262 heve
1344 4211 1420 4275 given
1437 4230 1482 4266 me

407 4269 464 4320 Ἀ.
477 4283 513 4319 m.
525 4271 566 4320 25.
951 4272 1175 4326 sddnesheirto
1190 4291 1235 4340 my
1246 4276 1339 4337 iether,
1350 4293 1409 4328 now
1420 4280 1480 4343 give

407 4333 556 4394 ’Bronton
576 4335 595 4385 1.
612 4336 669 4396 418,
686 4336 750 4387 cites
769 4337 824 4388 this
839 4351 900 4388 cese
950 4353 992 4389 me
1009 4338 1088 4389 seisin
1106 4355 1136 4389 es
1152 4341 1210 4392 heir
1228 4347 1256 4392 ιο
1273 4357 1318 4406 my
1333 4345 1419 4406 uncle,
1438 4345 1482 4396 for

373 4399 427 4452 end
449 4403 529 4451 states
550 4399 605 4450 this
631 4401 695 4452 rulo.
740 4402 795 4453 The
822 4418 899 4454 neme
949 4419 1001 4468 you
1011 4404 1077 4456 heve
1087 4405 1215 4458 admitted
1225 4407 1437 4474 mylegitimecy.

373 4469 510 4518 Enormerc
522 4467 898 4519 seemstoerisefromemis·
982 4471 1060 4522 'Sic

373 4531 480 4595 reading
491 4531 520 4582 oi
529 4533 658 4583 Statim
669 4533 698 4584 in
709 4533 754 4584 the
765 4537 828 4585 text.
