3308 5226
363 425 427 496 ott
569 441 808 510 ,mensurnas
830 439 895 492 sn.
920 427 1014 508 1232,
1036 441 1098 493 an
1124 426 1261 496 16-17.

361 621 454 680 toust
476 615 633 701 placitum
656 616 691 680 in
712 614 802 681 curis
823 613 1047 680 cristianitatis
1068 613 1110 680 (ιθ
1125 613 1223 700 iuyoo
1249 613 1341 679 feodo
1360 613 1471 700 ¹ipsius
1577 676 1579 683 .

361 715 492 782 Radulfi
507 718 542 783 in
557 718 818 784 Dikeleswurthc
833 726 945 783 contra
959 726 1020 800 ctc.
1058 718 1102 782 Et
1116 716 1271 782 officium¹
1286 739 1353 781 non
1367 716 1471 792 uenit,

361 828 397 886 ot
418 819 598 886 uicecomes
619 821 790 886 mandauit
804 821 891 908 quod
908 821 1043 887 clericus
1063 829 1114 886 est
1135 829 1171 886 et
1191 844 1257 886 non
1279 820 1380 886 habet
1402 820 1470 905 loy-
1519 889 1525 898 ,

361 945 436 988 cum
465 923 596 988 feodum
625 946 684 1010 per
713 924 798 1010 quod
828 924 979 1012 distringi
1008 932 1124 1010 potest.
1170 925 1214 988 Et
1242 923 1316 988 idco
1341 923 1472 988 mand*

362 1026 521 1113 Episcopo
536 1027 735 1092 Norwicensi
750 1027 836 1114 quod
852 1027 949 1092 facist
964 1051 1040 1092 eum
1055 1027 1168 1092 uenire
1183 1027 1218 1092 in
1234 1027 1304 1093 Oct.
1320 1027 1403 1092 ctc'

426 1129 629 1194 ‘Josoeiinus
657 1129 885 1194 Bathoniensis
909 1130 1087 1216 Episcopus
1110 1130 1232 1216 optulit
1254 1152 1288 1194 se
1310 1129 1391 1216 iiijc.
1413 1129 1468 1194 die

249 1299 314 1330 m
362 1255 475 1299 uorsus
496 1234 654 1300 Thomam
681 1232 825 1298 Priorem
855 1234 1107 1299 Bathoniensem
1130 1233 1173 1300 (ιθ
1196 1235 1317 1321 placito
1338 1257 1389 1300 xx.
1412 1234 1468 1298 sol.

361 1338 508 1404 redditus
522 1346 557 1404 et
571 1361 631 1403 coc.
643 1337 889 1404 (ιιθιιιιοθοιιιιιιΙ
903 1338 979 1403 solis
993 1338 1029 1402 in
1045 1338 1217 1424 Kyhauen’
1232 1338 1267 1403 in
1282 1359 1360 1404 com.
1371 1337 1468 1404 Suht.

361 1449 397 1508 et
411 1440 452 1507 (ιθ
466 1441 586 1528 placito
601 1441 689 1528 quod
710 1441 826 1507 reddat
848 1441 879 1507 si
902 1442 1015 1508 uillam
1037 1441 1078 1506 (ιθ
1096 1441 1278 1507 Lincumba
1297 1463 1372 1506 cum
1387 1447 1470 1527 pert.

363 1553 398 1612 ct
427 1545 540 1612 uillam
570 1544 611 1610 (ιθ
641 1545 745 1611 Forde
774 1553 809 1610 ct
839 1568 939 1612 unam
969 1567 1070 1612 corun
1102 1553 1187 1611 terre
1217 1569 1292 1611 cum
1321 1553 1402 1633 pert
1433 1545 1469 1610 in

362 1649 553 1734 Hnmptona
567 1655 601 1713 ct
616 1648 729 1713 uillam
750 1647 932 1714 Glouerne⁸
947 1669 1021 1714 cnm
1043 1655 1125 1736 pert.
1140 1648 1176 1714 in
1197 1671 1275 1714 com.
1292 1649 1469 1714 Sumersot

361 1773 425 1838 que
447 1752 567 1838 clamat
588 1751 677 1817 θθθθ1
701 1753 834 1818 ecclesis
856 1774 923 1830 sue,
945 1759 980 1818 st
1001 1753 1035 1816 in
1060 1774 1158 1838 quam
1175 1751 1266 1817 idem
1289 1753 1380 1818 Prior
1402 1773 1469 1818 non

361 1853 462 1920 habet
484 1853 665 1942 ingressum
682 1855 747 1919 nisi
767 1877 826 1942 per
848 1854 1086 1940 prodecessores
1106 1853 1209 1940 ipsius
1233 1855 1385 1941 Episcopi
1408 1863 1469 1922 sto.

360 1957 418 2044 qui
432 1965 542 2023 terras
555 1957 717 2044 prodictus
737 1966 772 2024 ct
791 1957 955 2024 redditum
974 1957 1169 2040 dimissnmt
1190 1959 1468 2044 predecessoribus

242 2068 246 2075 '
359 2059 499 2146 predicti
528 2060 647 2126 Prioris
676 2060 746 2126 sins
775 2083 907 2126 assensu
933 2059 1069 2146 capituli
1095 2060 1268 2126 Wcllsnsis
1298 2061 1379 2128 etc'⁸
1423 2064 1469 2129 Et

360 2161 481 2250 primo⁹
495 2185 559 2228 non
574 2163 677 2240 uenit,
693 2170 744 2228 sot
758 2162 838 2228 alias
849 2163 927 2227 facit
942 2162 1023 2230 duos
1037 2169 1218 2228 sttornatos
1233 2186 1371 2249 quorum
1383 2187 1468 2229 unus

361 2288 448 2332 nuno
469 2288 504 2332 so
526 2266 674 2344 sssonint,
697 2273 731 2331 st
753 2265 837 2330 alter
858 2287 924 2330 non
947 2266 1128 2352 comparuit
1154 2289 1214 2332 noc
1236 2289 1270 2332 sc
1292 2267 1469 2333 sasoniamt

361 2373 432 2443 etc,
448 2373 482 2430 st
496 2364 593 2430 datus
608 2364 673 2430 fuit
688 2364 719 2430 ei
733 2363 803 2430 dies
817 2363 852 2428 in
866 2364 976 2430 banco.
1023 2365 1066 2430 Et
1081 2364 1153 2430 ideo
1170 2373 1255 2432 terre
1270 2375 1306 2432 ot
1320 2366 1469 2432 redditus

361 2468 533 2556 capiantur
557 2468 593 2534 in
622 2491 754 2533 manum
785 2467 879 2533 Dom.
904 2467 1005 2554 Regis
1033 2491 1092 2556 per
1120 2469 1285 2550 defaltum,
1314 2477 1349 2536 et
1378 2471 1471 2536 Prior

360 2579 606 2638 summoneatur
620 2571 708 2657 qnod
721 2571 765 2636 sit
780 2593 800 2636 a
813 2570 867 2635 (ιιθ
882 2579 943 2636 etc.
953 2570 974 2603 ¹⁰

426 2674 475 2742 ¹¹J
475 2675 619 2742 ohannes
630 2675 671 2740 (ιθ
684 2676 800 2740 Karun
814 2674 900 2762 petit
915 2697 1028 2740 uersus
1038 2675 1062 2741 J
1062 2675 1223 2742 ohannem
1233 2675 1337 2741 filium
1350 2677 1470 2764 sty-

361 2779 408 2846 sis
424 2803 521 2867 quem
536 2780 703 2846 Johannes
717 2779 759 2845 (ιθ
774 2779 927 2845 Lstcbur'
942 2788 977 2845 et
990 2779 1161 2845 Aunfelisa
1174 2801 1256 2844 uxor
1270 2779 1342 2846 eins
1351 2790 1471 2848 uocant

360 2883 606 2950 rad-warantum
627 2883 675 2948 sis
697 2882 803 2948 war’¹¹
825 2905 853 2948 x.
872 2905 934 2948 aer.
955 2890 1040 2948 terre
1063 2891 1098 2948 et
1112 2883 1193 2950 duas
1214 2907 1276 2950 scr.
1291 2884 1380 2950 bosci
1394 2908 1469 2950 cum

359 2994 442 3074 pert.
458 2986 494 3052 in
509 2986 721 3072 Shiringtona
735 2993 774 3050 ut
789 2985 841 3050 ius
855 3007 951 3050 suum
967 2993 1026 3052 etc.

427 3091 472 3156 Et
487 3112 600 3156 uersus
614 3089 638 3154 J
638 3089 798 3154 ohannem
813 3087 854 3154 (ιθ
871 3089 1058 3176 Concloghn
1070 3098 1105 3154 ct
1116 3089 1325 3156 Soolssticam
1336 3115 1469 3158 uxorem
1537 3083 1542 3094 '

361 3195 432 3260 cius
453 3218 534 3281 quos
556 3193 723 3260 Johannes
747 3193 787 3258 (ιθ
811 3193 963 3258 Latebur'
991 3193 1192 3280 etpredicta
1217 3196 1365 3261 Anfslisa
1388 3219 1471 3261 uxor
1553 3188 1557 3198 ’

361 3297 432 3363 θιιιθ
461 3305 580 3363 uocant
609 3297 651 3362 ad
673 3305 862 3374 warantum,
884 3303 919 3382 et
948 3296 1006 3383 qui
1035 3297 1082 3362 sis
1103 3299 1324 3378 warantizant,
1346 3323 1376 3366 rc
1406 3323 1470 3366 scr.

361 3406 446 3465 torre
470 3407 505 3464 st
528 3399 609 3464 duas
630 3421 695 3464 sor.
717 3398 805 3464 bosci
826 3421 901 3464 cum
923 3407 1005 3485 pert.
1025 3399 1060 3463 ιιι
1080 3399 1195 3464 cadem
1215 3401 1296 3467 uilla
1314 3402 1399 3468 sicut
1418 3403 1472 3468 ius

360 3525 456 3568 suum
472 3511 532 3568 etc
550 3503 637 3568 undo
652 3503 786 3590 quidam
801 3503 986 3568 Willelmus
1006 3502 1046 3568 (ιθ
1066 3504 1182 3570 Ksrun
1196 3514 1379 3572 antecessor
1392 3529 1473 3572 suus

360 3603 424 3670 fuit
445 3604 576 3690 saisitus
597 3605 633 3670 in
654 3605 815 3670 dominico
838 3628 896 3671 sno
920 3613 960 3670 ut
985 3605 1027 3671 (ιθ
1050 3607 1144 3672 feodo
1169 3617 1205 3673 st
1228 3608 1298 3674 iure
1325 3617 1471 3696 tempore

360 3709 404 3796 Η.
422 3708 523 3796 Regis
544 3709 600 3776 sui
621 3709 715 3776 Dom.
738 3710 839 3798 Regis
861 3710 1018 3796 capiendo
1040 3711 1116 3777 inde
1139 3713 1271 3799 expleta
1291 3713 1334 3778 ad
1353 3715 1472 3780 walen·

360 3813 443 3880 ciam
458 3811 534 3878 dim.
549 3835 665 3891 marce,
679 3821 715 3878 et
732 3813 773 3878 (ιθ
788 3812 934 3900 predicto
947 3814 1113 3880 Willelmo
1128 3815 1295 3882 descondit
1310 3815 1362 3882 ius
1383 3825 1471 3883 term

393 3939 404 3974 ¹
420 3940 491 3992 Gorr.
507 3942 628 4004 officialis
635 3959 645 4000 ,·
663 3940 735 4004 offid.
746 3940 778 3993 B.
938 3941 1035 4005 Abbcy,
1048 3942 1162 4006 Monust.
1173 3943 1223 3995 (οι
1235 3944 1260 4002 2,
1272 3957 1298 4006 p.
1312 3943 1372 3994 256.

392 4004 559 4067 'monuwa
573 4007 603 4058 Β.
971 4007 1082 4070 ⁷Snppl
1110 4011 1159 4068 ius,
1170 4008 1202 4058 B.

393 4069 562 4120 ¹Br.s.443.
766 4100 770 4106 ·
971 4069 1050 4122 'For
1104 4073 1109 4084 '
1146 4073 1205 4124 vrit
1226 4072 1255 4124 of
1274 4073 1471 4136 ontrysssBr.
1521 4124 1525 4132 ,

393 4134 561 4186 ‘amun
939 4136 1027 4188 tm.

393 4199 616 4250 ‘Theomnnook
632 4201 656 4250 is
672 4215 689 4250 a
704 4215 828 4251 messuro.
862 4201 889 4251 It
971 4201 1208 4260 ”ComPnoaR

362 4265 385 4314 is
401 4263 459 4314 said
475 4265 533 4316 thot
555 4265 600 4316 tho
621 4265 692 4316 word
713 4265 736 4316 is
758 4268 788 4316 οι
807 4266 888 4317 cultio
971 4266 994 4301 ³⁰
1009 4267 1132 4327 Bronton,
1140 4269 1160 4318 f.
1169 4267 1251 4329 stab,
1259 4267 1467 4322 numisma

362 4344 511 4444 Ἥκω
527 4395 557 4445 ιθ
571 4393 728 4462 mosmos.
745 4395 777 4445 n.
809 4395 846 4446 ss
862 4399 890 4445 (ο
973 4331 1124 4448 iiiii
1131 4401 1178 4462 qus
1189 4395 1226 4449 eo
1236 4401 1394 4460 wasme,
1406 4400 1438 4452 Β.

362 4457 434 4509 these
455 4459 532 4509 lands
559 4475 602 4510 θθθ
629 4465 739 4512 account
765 4461 794 4510 of
819 4461 889 4514 Both
