3360 5236
350 394 414 456 512
555 401 795 461 ,urcsssiuas
819 399 883 448 an.
909 385 1002 458 1231,
1025 398 1087 446 aa
1113 385 1247 448 15-16.

348 581 434 667 quod
458 603 522 645 non
546 579 645 644 debet
669 578 700 642 ei
722 575 798 642 inde
822 573 1014 660 respondere
1039 595 1098 637 nec
1121 572 1294 637 seruicium
1319 571 1402 636 illud
1425 572 1454 635 ei

347 686 451 750 faeere
471 681 581 770 quod¹
603 703 718 748 reuera
743 679 876 766 quidam
898 685 1081 742 antecessor
1101 675 1203 762 ipsius
1224 676 1344 763 Rogeri
1366 674 1456 740 dedit

348 794 574 852 tenementum
599 784 682 850 illud
708 784 749 849 de
775 805 839 869 quo
869 781 1043 846 seruicium
1069 779 1151 844 illud
1177 779 1302 866 petitur
1327 777 1454 843 cuidem

348 889 503 955 Matillidi
525 889 599 954 auie
621 887 724 974 ipsius
747 885 923 950 Petronille
945 883 981 948 in
1000 883 1210 970 maritagium
1225 891 1260 948 et
1280 883 1351 968 ipsa
1366 891 1455 946 tene·

347 1000 495 1058 mentum
510 991 591 1056 illud
607 999 678 1056 tota
692 990 764 1054 uita
778 1011 838 1054 sua
852 987 962 1052 tenuit
977 987 1099 1073 absque
1117 987 1205 1051 omni
1220 985 1355 1052 seruicio
1370 983 1455 1070 quod

347 1096 423 1161 inde
438 1096 567 1171 faceret,
582 1100 620 1160 ct'
631 1101 705 1180 post
720 1116 792 1158 eam
809 1093 956 1180 Rogerus
971 1091 1058 1156 filius
1073 1113 1151 1156 suus
1165 1089 1247 1154 illud
1262 1088 1372 1154 tenuit
1387 1095 1457 1152 tota

347 1198 420 1263 uita
432 1220 492 1262 sua
506 1197 627 1283 absque
642 1196 731 1261 omni
746 1195 883 1260 seruicio
898 1194 986 1280 quod
1001 1194 1130 1270 faceret,
1146 1201 1180 1257 et
1195 1192 1266 1278 ipsa
1280 1191 1456 1256 Petronilla

348 1301 457 1368 tenuit
475 1323 577 1387 usque
598 1323 685 1365 nuno
699 1299 769 1364 sine
784 1298 874 1364 omni
887 1297 1033 1376 seruicio,
1047 1305 1082 1362 ct
1097 1296 1183 1362 unde
1199 1297 1284 1382 petit
1298 1295 1455 1360 iudicium

347 1408 374 1472 si
390 1407 507 1472 debeat
522 1406 554 1470 ei
571 1403 745 1470 seruicium
767 1403 872 1468 facere
894 1423 998 1488 usquc
1021 1400 1063 1466 ad
1085 1401 1223 1466 tercium
1246 1399 1408 1476 heredem,
1422 1407 1456 1464 et

348 1509 474 1575 desiout
499 1508 571 1595 ipsa
595 1531 660 1572 non
691 1515 741 1570 est
770 1505 834 1570 nisi
864 1504 1026 1570 secundus
1054 1503 1155 1569 heres
1201 1503 1245 1568 Et
1273 1503 1402 1590 quesita
1430 1503 1457 1568 si

349 1621 574 1678 tenementum
596 1611 678 1677 illud
701 1611 820 1676 debeat
842 1609 1017 1674 seruicium
1033 1609 1174 1675 militare
1189 1609 1266 1674 etsi
1281 1617 1455 1694 antequam

349 1717 464 1782 datum
494 1723 580 1780 esset
605 1714 641 1779 in
667 1713 878 1800 maritagium
905 1713 1025 1778 faceret
1055 1712 1227 1776 seruicium
1257 1712 1398 1776 militare
1424 1720 1458 1776 et

349 1819 445 1907 quale
468 1817 641 1884 seruicium
663 1818 691 1882 si
708 1817 839 1903 aliquod
856 1816 942 1894 fecit,
957 1816 1038 1881 dicit
1053 1815 1139 1902 quod
1154 1815 1237 1881 bene
1252 1815 1355 1880 credit
1370 1814 1456 1902 quod

349 1922 467 1986 debeat
490 1919 664 1985 seruicium
687 1919 828 1984 militare
854 1927 889 1983 et
913 1927 1064 2004 quartam
1088 1927 1215 2004 partem
1236 1918 1261 2004 j
1285 1917 1400 1982 militis
1423 1927 1457 1983 et

188 2051 244 2091 ua·
250 2049 339 2137 ffle
351 2025 437 2112 quod
458 2023 631 2090 seruicium
653 2023 736 2088 illud
756 2023 834 2088 fecit
853 2032 1031 2109 antequam
1046 2023 1161 2088 datum
1176 2031 1262 2087 esset
1276 2022 1312 2086 in
1326 2021 1457 2086 marite·

188 2103 340 2238 Effiffi
351 2129 453 2216 gium,
475 2136 510 2192 et
536 2127 619 2192 bene
643 2125 791 2192 concedit
817 2125 904 2211 quod
926 2126 1061 2192 heredes
1090 2127 1141 2192 sui
1169 2149 1245 2191 oum
1273 2125 1460 2212 peruenerit

188 2237 313 2286 “tfflsuffi
352 2231 542 2298 adtencium
558 2229 711 2296 heredem
726 2229 847 2294 iaciant
862 2229 1036 2294 seruicium
1048 2228 1138 2294 illud
1177 2229 1294 2294 Postea
1307 2228 1460 2315 cognouit

190 2285 301 2323 mutatum

188 2331 306 2426 {ffldff
353 2335 439 2422 quod
464 2335 542 2400 fecit
568 2333 673 2398 eidem
700 2332 828 2420 Rogero
853 2333 894 2398 de
919 2331 1032 2396 eodem
1063 2340 1250 2396 tenemento
1273 2331 1459 2418 homagium

189 2424 457 2510 htfflhmsuum.
503 2438 547 2503 Et
569 2436 646 2522 quis
668 2435 739 2522 ipsa
761 2436 924 2522 cognoscit
948 2435 1036 2521 quod
1059 2435 1136 2500 fecit
1161 2435 1238 2500 inde
1265 2434 1460 2522 homagium,

190 2517 334 2618 ttffitt
355 2540 603 2608 consideratum
625 2549 676 2605 est
696 2539 782 2626 quod
800 2539 871 2624 ipsa
885 2537 1036 2602 decetero
1050 2539 1148 2604 faciat
1164 2537 1268 2603 eidem
1285 2539 1411 2626 Rogero
1426 2545 1461 2602 et

191 2611 327 2745 iffi
353 2645 526 2711 nemaeus
541 2645 609 2710 sus
623 2643 797 2710 seruorum
813 2651 928 2729 quarte
943 2643 1046 2728 parus
1063 2643 1088 2728 j.
1105 2643 1220 2708 mura
1234 2651 1270 2708 et
1284 2641 1461 2710 astruat

355 2748 482 2835 Rogero
496 2747 537 2812 de
552 2747 584 2833 ij.
601 2769 695 2812 marc
711 2768 769 2832 pro
783 2745 961 2832 arreragiis.

234 2875 306 2937 666,
421 2851 533 2916 Abbas
548 2851 588 2916 de
605 2847 829 2936 Peppewella³
843 2849 1052 2914 athachiatus
1067 2849 1131 2913 fuit
1145 2847 1188 2913 ad
1203 2848 1462 2935 respondendum

235 2973 304 3014 trote·
356 2955 499 3022 Hemieo
521 2955 588 3020 filio
610 2953 746 3019 Henrici
767 2953 808 3018 de
830 2954 950 3039 placito
972 2975 1072 3040 quare
1092 2961 1223 3018 secutus
1241 2963 1291 3018 est
1304 2954 1461 3040 placitum

356 3059 391 3124 in
413 3058 503 3124 ouria
524 3055 748 3122 cristianitatis
769 3055 810 3120 de
833 3055 914 3120 laico
936 3055 1029 3120 feodo
1050 3056 1152 3142 ipsius
1171 3057 1308 3122 Henrici
1326 3057 1361 3121 in
1376 3057 1464 3122 Rod-

358 3163 445 3249 linge
474 3171 587 3226 contra
620 3159 874 3246 prohibicionem
904 3167 974 3236 ete,
1004 3168 1039 3224 et
1068 3159 1154 3224 unde
1183 3159 1272 3224 idem
1302 3159 1464 3224 Hem-icus

358 3265 506 3352 queritur
519 3264 606 3351 quod
620 3264 790 3350 inplacitat
805 3286 882 3328 eum
896 3263 937 3328 de
952 3263 1030 3328 dim.
1044 3285 1105 3328 aer.
1121 3265 1207 3349 prati
1222 3263 1309 3328 unde
1324 3263 1463 3328 deterio-

197 3392 318 3442 souquou
357 3379 448 3436 ratus
463 3378 513 3434 est
528 3378 588 3434 etc.
599 3377 633 3434 et
644 3367 731 3433 unde
746 3367 826 3432 dicit
841 3367 1018 3454 quodcum
1034 3366 1069 3432 ui
1083 3390 1143 3434 sua
1156 3368 1336 3454 asportauit
1351 3369 1463 3432 senum

197 3441 341 3526 diffisi·
357 3475 398 3540 de
414 3473 527 3540 eodem
547 3483 640 3560 prato
660 3481 694 3538 ct
715 3473 823 3559 ipsum
847 3473 1033 3538 uerberauit
1055 3481 1090 3538 et
1110 3473 1146 3538 in
1169 3473 1298 3559 prisona
1320 3473 1465 3538 detinuit

196 3533 346 3628 dimi*-
358 3587 409 3645 set
423 3579 547 3643 nullam
562 3586 683 3642 sectam
698 3576 774 3641 inde
789 3576 949 3664 producit.
995 3577 1038 3641 Et
1056 3576 1129 3642 ideo
1152 3577 1399 3644 Consideratum
1414 3586 1466 3643 est

360 3683 446 3770 quod
474 3682 587 3747 Abhas
615 3681 691 3746 inde
717 3681 787 3746 sine
812 3680 865 3744 die
888 3689 924 3744 et
949 3681 1112 3746 Henricus
1133 3681 1167 3746 in
1189 3681 1406 3747 misericordia
1430 3691 1466 3746 et

359 3785 525 3872 perquirat
540 3808 573 3850 se
589 3807 647 3870 per
661 3784 759 3848 breue
775 3783 815 3847 de
831 3805 917 3848 noua
931 3783 1099 3848 disseisina
1113 3784 1141 3848 si
1156 3785 1305 3850 uoluerit.

237 3909 308 3971 666Ι
425 3889 565 3954 Thomas
585 3888 626 3952 de
647 3885 827 3951 Kaunuilla
841 3885 1058 3951 summonitus
1073 3887 1136 3951 fuit
1151 3887 1192 3953 ad
1207 3887 1464 3974 respondendum

244 4008 306 4048 usna
361 3994 463 4062 Priori
478 3991 659 4078 Hospitalis
673 3991 696 4056 J
697 3989 864 4056 erosclime
876 3991 910 4054 in
925 3991 1047 4078 Anglia
1057 3991 1098 4056 de
1113 3993 1233 4078 placito
1247 4016 1346 4078 quere
1361 3993 1465 4080 exigit

362 4101 403 4164 ab
427 4122 465 4164 eo
489 4095 737 4163 consuetudines
762 4104 796 4160 et
822 4095 958 4160 seruicia
984 4118 1046 4182 que
1073 4119 1146 4161 non·
1163 4097 1261 4162 debet
1291 4099 1394 4164 facere
1423 4099 1464 4163 de

394 4285 491 4333 1(ἓοι-τ.
504 4285 573 4347 quia.
970 4283 981 4314 ³
1013 4282 1140 4346 Pipewsll.
1190 4283 1462 4349 Northamptonshire.

393 4351 455 4400 'So
473 4351 593 4410 Braoton,
613 4349 631 4397 i.
654 4349 685 4396 21
706 4347 729 4405 b.
746 4349 786 4407 22,
807 4347 887 4408 citing
939 4348 1053 4397 Monast.
1066 4348 1115 4397 vol.
1128 4349 1151 4408 5,
1166 4363 1191 4412 p.
1203 4350 1261 4398 431.

360 4414 415 4466 this
425 4429 491 4464 osse.
971 4415 982 4444 ⁴
998 4413 1041 4461 Br.
1054 4413 1071 4461 t.
1084 4414 1141 4464 410.
