3360 5236
499 406 639 467 nrnnar,
664 407 726 455 an.
753 391 845 466 1233,
869 407 931 454 nn.
958 391 1005 458 17.
1245 392 1307 458 559

62 581 142 648 731.
268 580 500 648 Herbertusde
518 580 664 644 Alencun
680 577 897 642 summonitus
911 577 975 642 fuit
990 577 1032 643 ad
1049 579 1307 666 respondendum
1352 591 1438 632 suffolk-

202 685 331 750 Jollano
352 683 392 749 de
416 684 542 749 Baalun
565 681 738 747 senescallo
762 679 900 746 Comitis
922 680 1106 746 Britannie¹
1129 683 1169 748 de
1190 683 1309 769 placito

202 789 288 875 quod
317 788 432 854 reddat
462 789 493 853 ei
523 787 693 852 Warinum
724 785 829 850 filium
859 793 894 849 et
931 784 1083 850 heredem
1114 786 1239 851 Warini
1268 785 1308 852 de

203 894 458 980 Bassingburnia
470 893 563 958 cuius
578 891 725 956 custodia
739 889 780 954 ad
801 890 907 975 ipsum
929 891 1073 976 pertinet
1090 890 1217 956 racione
1233 890 1309 955 doni

203 997 339 1063 Comitis
369 997 537 1062 Britannia
567 996 607 1060 de
636 1016 699 1080 quo
729 992 857 1059 Gemite
894 992 981 1058 idem
1012 983 1163 1059 Warinus
1200 995 1309 1060 tenuit

203 1109 321 1166 terram
335 1123 427 1166 suam
442 1123 501 1187 per
515 1098 688 1164 seruicium
704 1096 845 1161 militare
861 1103 919 1162 etc.
1212 1095 1215 1102 ’

267 1207 310 1269 Et
335 1205 516 1270 Herbertus
539 1202 631 1268 uenit
653 1209 688 1266 et
710 1200 789 1266 dicit
812 1200 898 1286 quod
919 1223 985 1266 non
1008 1200 1107 1266 habet
1129 1201 1308 1268 custodiam

202 1309 338 1396 predicti
363 1307 497 1384 Warini,
519 1329 578 1372 nec
602 1305 726 1392 aliquid
753 1305 872 1370 clamat
894 1305 929 1369 in
951 1305 1098 1371 custodia
1120 1329 1179 1372 nec
1200 1307 1307 1393 ipsum

192 1415 301 1480 ‘habet
325 1436 384 1478 neo
410 1413 470 1478 scit
494 1412 552 1477 ubi
578 1411 647 1496 ipse
674 1419 732 1487 est,
758 1431 817 1474 nec
841 1431 984 1494 unquam
1007 1410 1186 1476 custodiam
1207 1411 1310 1498 ipsius

166 1545 170 1554 ·
202 1520 327 1585 Warini
342 1518 479 1584 habuit².

267 1625 310 1689 Et
335 1623 484 1689 Jollanus
514 1621 593 1687 dicit
624 1619 710 1707 quod
733 1619 820 1686 idem
847 1620 1030 1685 Herbertus
1056 1620 1173 1686 habuit
1201 1621 1308 1708 ipsum

201 1727 370 1794 Warinum
385 1727 420 1791 in
434 1734 537 1791 morte
552 1725 654 1812 patris
669 1724 720 1790 sui
740 1732 774 1789 et
795 1731 907 1810 postea
927 1747 985 1811 per
1008 1725 1149 1789 multum
1169 1733 1307 1813 tempus.

202 1837 245 1900 Et
260 1835 441 1901 Herbertus
456 1835 516 1900 hoo
531 1841 638 1899 totum
653 1831 807 1899 defendit.
854 1833 897 1898 Et
917 1833 990 1899 ideo
1011 1833 1124 1900 uadiet
1148 1835 1253 1922 legem
1273 1857 1307 1901 se

202 1941 255 2027 xij.
272 1963 371 2006 manu
387 1948 422 2005 et
439 1939 553 2005 ueniat
574 1962 648 2004 cum
667 1940 739 2026 lege
759 1962 780 2004 a
801 1939 853 2005 die
877 1940 987 2008 Pasch.
1002 1941 1037 2006 in
1059 1964 1087 2008 v.
1103 1941 1306 2028 septimanas.

201 2047 306 2134 Plegii
320 2044 361 2112 de
376 2047 447 2133 lege
463 2045 586 2112 Sewale
601 2044 642 2110 de
658 2045 689 2108 N
692 2052 813 2110 eutona
827 2053 861 2108 et
876 2045 1039 2110 Robertus
1054 2045 1095 2111 de
1112 2043 1294 2132 Stokesby⁸.

24 2127 25 2174 l
142 2209 147 2220 .
266 2149 405 2216 Thomas
419 2149 460 2214 de
476 2147 678 2212 Becher-uilla
692 2147 777 2234 petit
792 2170 906 2213 uersus
922 2148 1104 2214 Walterum
1123 2151 1165 2216 de
1180 2149 1308 2237 Pauilly

202 2253 276 2338 lxxj.
303 2275 426 2318 marcas
452 2260 485 2317 et
511 2251 586 2316 dim.
612 2273 692 2338 quas
718 2251 750 2316 ei
775 2251 874 2317 debet
901 2274 960 2338 per
981 2252 1143 2339 quandam
1168 2277 1307 2320 conuen-

200 2358 324 2422 cionem
339 2357 493 2422 intereos
509 2357 627 2422 factam
642 2357 682 2422 de
703 2355 784 2422 uilla
803 2356 843 2422 de
865 2357 1042 2424 Meautona
1061 2366 1096 2422 et
1116 2357 1156 2423 de
1175 2359 1307 2446 quibus-

200 2460 275 2525 dam
304 2459 377 2524 aliis
406 2459 519 2525 rebus‘
547 2459 588 2524 de
618 2467 750 2525 centum
780 2459 895 2524 marcis
930 2482 1009 2545 quas
1039 2460 1070 2524 ei
1099 2459 1214 2526 debuit
1251 2483 1308 2548 per

158 2595 162 2600 ’
200 2565 377 2652 predictam
397 2565 657 2642 conuencionem‚
678 2573 712 2630 et
734 2565 820 2630 unde
843 2564 980 2652 predicti
1002 2564 1127 2630 denarii
1149 2564 1254 2631 adhuc
1275 2565 1306 2631 ci

198 2677 303 2735 aratro
333 2677 418 2746 sunt,
448 2677 482 2734 et
511 2669 598 2735 unde
628 2670 708 2736 dicit
738 2669 824 2757 quod
861 2693 918 2756 per
954 2670 1178 2736 detencionem
1215 2670 1305 2735 illam

197 2775 411 2840 deterioratos
427 2783 477 2840 est
491 2783 560 2854 etc,
576 2784 610 2840 ct
630 2774 716 2861 quod
737 2775 884 2841 denarios
902 2776 974 2840 illos
994 2776 1025 2840 ei
1047 2774 1162 2840 debuit
1185 2775 1306 2860 profert

198 2876 360 2963 quoddam
375 2877 530 2964 scriptum
546 2878 632 2964 quod
646 2878 707 2942 hoc
722 2886 869 2944 testatur.

264 2981 308 3046 Et
337 2981 501 3046 Walterus
529 3003 588 3067 per
616 2988 818 3048 attornatum
848 3005 944 3048 suum
968 2983 1061 3047 uenit
1084 2990 1118 3047 et
1140 2985 1304 3070 cognoscit

199 3083 284 3172 quod
313 3083 486 3170 aliquando
515 3083 630 3149 debuit
647 3085 693 3148 ·ei
723 3095 854 3151 centum
884 3109 1008 3153 marcas
1039 3107 1098 3172 per
1126 3085 1305 3172 predictam

198 3189 457 3264 conuencionem‚
486 3197 537 3252 set
566 3196 680 3274 postea
708 3191 862 3254 conuenit
895 3191 982 3255 inter
1012 3212 1066 3255 eos
1095 3192 1192 3258 aliter
1220 3193 1306 3277 quod

199 3302 375 3380 posuerunt
390 3315 425 3358 se
440 3293 474 3357 in
489 3292 636 3370 arbitros,
652 3292 701 3357 ita
716 3294 801 3378 quod
818 3293 902 3358 facto
917 3293 1051 3359 arbitrio
1062 3293 1160 3359 soluti
1175 3295 1308 3361 luerunt

200 3399 324 3465 denarii
339 3399 387 3464 illi
402 3399 487 3463 sicut
502 3405 705 3484 compertum
721 3397 793 3475 fuit,
808 3419 910 3484 usque
931 3397 973 3463 ad
992 3397 1100 3484 xxviij.
1122 3421 1253 3477 marces,
1273 3409 1307 3465 et

199 3501 347 3578 remissi⁵,
363 3509 397 3566 et
412 3501 487 3566 inde
503 3501 625 3585 profert
640 3499 797 3586 scriptum
812 3500 914 3586 ipsius
929 3500 1052 3566 Thome
1067 3501 1152 3587 quod
1168 3509 1308 3568 testatur

199 3605 285 3692 quod
298 3605 375 3670 dare
396 3603 511 3668 debuit
531 3602 693 3688 predictas
714 3603 821 3689 xxviij.
844 3625 966 3669 marcas
988 3603 1030 3668 ad
1050 3605 1203 3670 terminos
1221 3605 1308 3670 inter

197 3731 251 3775 eos
265 3716 405 3774 statutos
420 3716 454 3772 et
470 3706 557 3794 quod
572 3707 712 3772 Thomas
723 3707 765 3772 de
777 3707 980 3773 Baskeruilla
994 3706 1109 3772 debuit
1123 3708 1256 3775 reddere
1271 3718 1306 3774 et

197 3809 368 3876 restituere
383 3808 488 3874 filium
511 3829 607 3872 suum
631 3807 796 3894 Rogerum
817 3809 852 3873 in
871 3808 1050 3874 custodiam
1073 3809 1153 3875 dicti
1168 3810 1306 3876 Walteri

81 3903 85 3910 ¹
197 3924 231 3982 et
253 3937 310 4001 per
327 3913 496 3979 consilium
515 3935 610 3978 suum
630 3913 761 3998 operari
808 3913 851 3978 Et
874 3913 951 4000 quia
971 3913 1134 4000 cognoscit
1156 3913 1303 3980 debitum

230 4112 238 4143 ¹
256 4112 330 4161 Peter
341 4110 478 4160 Mauclerc.
808 4110 818 4141 ⁵
835 4109 962 4172 Probably
981 4125 1051 4161 soma
1074 4108 1156 4160 words
1178 4123 1221 4158 are
1243 4109 1302 4160 lost.

229 4177 344 4226 2tribuit
355 4176 389 4238 by
400 4179 546 4225 annotator.
777 4174 924 4238 Secmingly
946 4175 1045 4226 Walter
1066 4191 1118 4227 was
1143 4177 1170 4225 to
1197 4187 1248 4238 pay
1270 4176 1302 4224 28

229 4242 240 4276 ⁸
256 4241 311 4292 The
321 4241 443 4291 collector
453 4239 477 4290 ia
487 4239 592 4302 lookr'ng
604 4239 724 4289 forcsses
775 4239 863 4290 marks
880 4239 934 4290 and
950 4240 996 4291 the
1012 4241 1113 4292 residue
1129 4241 1158 4290 of
1178 4239 1223 4292 tha
1242 4239 1302 4292 debt

196 4309 225 4357 in
236 4306 320 4357 which
331 4321 415 4368 wager
426 4305 453 4355 of
464 4306 513 4355 law
520 4304 544 4354 is
553 4305 607 4356 still
616 4305 722 4367 permis-
775 4319 828 4356 was
838 4305 967 4356 ramitted.
995 4305 1115 4355 Walter'a
1126 4305 1231 4356 dolense
1241 4306 1264 4356 is
1273 4305 1302 4356 in

197 4373 270 4424 sibla.
774 4369 820 4420 the
836 4371 907 4422 main
929 4369 1075 4420 successful
1089 4369 1092 4376 ’
1110 4369 1152 4418 He
1174 4371 1237 4432 only
1253 4370 1301 4420 has

228 4441 240 4471 ⁴
251 4437 435 4500 Thecopyictis
442 4435 722 4498 nbridgingthisentry.
775 4441 802 4486 to
813 4452 864 4498 pay
875 4437 907 4484 28
919 4434 1014 4485 marks.
