3308 5226
477 449 618 510 uratur,
641 447 704 496 nn.
731 435 824 510 1234,
847 447 909 497 Aa.
936 436 983 496 18.
1215 431 1276 494 641

172 630 256 690 terre
272 646 347 690 cum
362 631 442 710 pert.
459 623 494 687 in
510 623 657 688 Benham
673 629 707 687 ct
722 621 854 687 Auilers
874 620 927 686 die
947 628 1007 686 etc.
1023 627 1057 684 et
1073 619 1100 684 si
1115 627 1174 685 etc.
1191 618 1278 686 unde

171 726 358 792 Gilebertus
380 726 466 790 filius
488 725 578 790 Petri
600 726 730 812 xxxviij.
754 748 815 790 scr.
839 724 915 789 inde
935 731 1036 801 tenet,
1057 732 1091 787 et
1111 723 1278 788 Johannes

170 831 258 897 filius
273 831 462 918 Baldcwyni
477 839 511 896 et
526 831 644 896 Anicia
657 854 739 896 uxor
753 830 823 895 eius
838 830 903 916 viij.
924 852 985 896 acr.
1000 836 1035 894 et
1056 829 1178 914 Symon
1192 828 1279 892 filius

170 935 261 1000 Petri
276 935 333 1020 iiij.
349 957 409 1000 acr.
425 933 501 999 inde
517 941 640 1000 tenent.

236 1039 281 1102 Et
303 1038 469 1103 Johannes
491 1045 526 1103 et
548 1037 666 1102 Anicia
687 1037 827 1102 ueniunt
849 1043 883 1102 et
908 1034 1022 1100 dicunt
1051 1031 1138 1120 quod
1163 1040 1279 1098 tenent

169 1140 261 1204 illam
284 1147 404 1205 terram
428 1162 526 1226 quam
548 1139 612 1225 ipsi
634 1147 750 1203 tenent
775 1139 810 1203 in
834 1138 945 1204 dotem
971 1136 1074 1224 ipsius
1095 1134 1210 1200 Anicio
1237 1134 1278 1199 dc

169 1242 254 1308 dono
273 1241 278 1328 Ι
298 1243 388 1308 Petri
413 1242 511 1328 primi
534 1241 598 1306 uiri
623 1242 675 1306 sui
701 1249 736 1306 θὴ
757 1241 866 1328 ipsum
889 1247 1008 1306 uocant
1034 1239 1075 1303 ad
1097 1246 1277 1304 warantum

169 1369 269 1434 quem
284 1346 374 1412 curia
387 1346 481 1411 Dom.
497 1345 597 1432 Regis
613 1345 747 1410 habebit
762 1367 820 1431 pro
835 1343 976 1410 herede¹.

236 1451 280 1515 Et
301 1451 423 1536 Symon
441 1449 535 1514 uenit
558 1457 592 1514 θὴ
614 1457 709 1514 uocat
731 1449 807 1514 inde
829 1448 871 1514 ad
893 1456 1073 1514 warantum
1095 1444 1278 1534 predictum

170 1555 375 1620 Gilebertum
391 1555 509 1642 etipse
525 1577 657 1640 presens
672 1561 722 1618 cst
744 1561 778 1618 et
798 1553 829 1618 ci
849 1552 1037 1618 warentizat
1057 1559 1091 1616 ct
1106 1549 1279 1636 respondet

169 1657 210 1722 de
226 1666 297 1722 toto
312 1658 396 1723 sicut
410 1657 552 1723 inferius

236 1762 280 1826 Εὴ
296 1762 482 1827 Gilcbcrtus
496 1762 589 1827 uenit
605 1767 639 1826 ct
654 1762 818 1849 cognoscit
833 1761 919 1848 quod
934 1759 1099 1847 predictus
1110 1757 1278 1824 lohannes

170 1864 253 1929 obiit
282 1865 412 1930 saisitus
441 1865 482 1930 de
513 1873 599 1930 terra
628 1888 727 1952 qnam
757 1874 849 1931 tenet
879 1873 918 1930 ut
947 1865 987 1930 de
1018 1862 1111 1928 feodo
1141 1870 1175 1928 et
1204 1867 1278 1948 post

170 1969 348 2034 terminum
378 1976 412 2033 et
437 1967 518 2033 dicit
542 1968 628 2054 quod
651 1969 721 2054 ipse
744 1977 794 2034 est
816 1970 916 2033 frater
937 1968 1039 2054 ipsius
1060 1967 1084 2032 J
1086 1966 1221 2032 ohannis
1243 1973 1278 2030 et

169 2079 341 2160 postnatus
370 2079 405 2137 θὴ
434 2095 473 2137 ex
503 2080 595 2158 parto
625 2071 735 2158 patris,
763 2079 797 2136 θὴ
826 2071 989 2159 cognoscit
1018 2069 1104 2157 quod
1133 2067 1277 2155 predicte

169 2175 320 2241 Dionisia
334 2184 368 2241 θὴ
383 2176 495 2263 Agnes
510 2185 587 2241 sunt
605 2176 671 2240 filie
690 2175 848 2240 Willelmi
868 2175 975 2240 fratris
995 2175 1097 2262 ipsius
1118 2174 1142 2240 J
1143 2172 1278 2238 ohannis

168 2278 328 2356 antenati,
345 2287 379 2343 et
394 2279 451 2365 qui
466 2279 529 2343 fuit
544 2280 643 2344 frater
657 2279 759 2364 ipsius
774 2279 934 2345 Johannis
953 2302 993 2344 cx
1014 2286 1106 2366 parte
1121 2275 1223 2364 patris
1244 2282 1278 2340 et

169 2406 209 2448 ex
225 2391 318 2470 parte
333 2383 455 2460 matris,
470 2391 505 2448 et
519 2383 605 2469 petit
620 2383 776 2448 iudicium
792 2391 904 2450 utrum
925 2385 994 2470 ipse
1012 2384 1056 2448 sit
1070 2380 1279 2469 propinquior

169 2488 263 2554 heres
278 2487 380 2574 ipsius
399 2487 568 2566 lobannis,
583 2510 626 2552 an
647 2487 717 2574 ipse
737 2488 895 2574 Dyonisia
917 2497 951 2553 et
971 2489 1091 2574 Agnes.
1135 2487 1180 2550 Et
1201 2483 1279 2571 quia

170 2593 357 2658 Gilebcrtus
386 2592 548 2680 cognoscit
578 2591 665 2678 quod
693 2591 859 2678 predictus
887 2592 1054 2658 «lohannes
1091 2588 1172 2654 obiit
1201 2586 1278 2652 inde

169 2695 307 2772 seisitus‚
323 2703 445 2782 etpost
463 2696 649 2773 terminum,
669 2703 704 2760 θὴ
726 2695 935 2760 conuinctum
956 2704 1006 2761 est
1026 2693 1112 2782 quod
1131 2692 1277 2780 predicte

170 2798 328 2885 Dyonisia
342 2807 376 2864 et
390 2799 502 2886 Agnes
513 2807 590 2865 sunt
602 2799 846 2885 propinquiores
857 2799 991 2864 heredes
1003 2821 1100 2886 quam
1112 2797 1276 2883 predictus

171 2902 364 2979 Gilebcrtus,
380 2923 418 2967 eo
433 2903 519 2987 qnod
533 2903 620 2968 idem
633 2902 820 2967 Gilebertus
831 2909 881 2966 est
893 2902 993 2966 frater
1003 2901 1105 2986 ipsius
1116 2900 1139 2964 J
1140 2897 1276 2962 ohannis

170 3011 341 3088 postnatus
363 3012 397 3068 et
418 3003 488 3089 ipse
511 3013 586 3068 sunt
608 3005 674 3070 filie
697 3004 855 3069 Willelmi
877 3004 985 3069 fratris
1007 3002 1156 3068 antenati
1179 3009 1213 3065 et
1235 2999 1276 3064 de

171 3127 236 3170 uno
251 3113 343 3191 patre
359 3105 536 3192 eademque
556 3115 668 3186 matre,
685 3115 720 3172 et
739 3107 827 3172 idem
850 3107 1036 3172 Gilebertus
1055 3130 1120 3172 non
1142 3113 1192 3170 est
1214 3104 1277 3170 nisi
1288 3125 1345 3210 qvos·

171 3208 211 3274 dc
238 3209 351 3274 eodem
377 3217 477 3296 patre,
504 3217 539 3274 et
562 3210 635 3275 ideo
661 3211 899 3276 consideratum
925 3218 976 3276 cst
1002 3210 1088 3296 quod
1117 3209 1186 3296 ipse
1215 3209 1276 3274 rcc'
1318 3171 1414 3221 lm

172 3313 323 3378 seisinam
339 3337 440 3391 suam,
456 3322 490 3379 et
505 3315 693 3380 Gilebcrtus
707 3317 742 3380 in
756 3315 980 3382 misericordia

80 3463 85 3482 .
119 3477 125 3487 ,
237 3415 430 3500 Preceptum
440 3415 504 3480 suit
519 3415 703 3482 uicecomiti
714 3417 800 3503 quod
811 3418 990 3504 preciperet
1001 3416 1132 3482 balliuis
1142 3413 1278 3481 manerii
1329 3423 1401 3464 Μ

174 3515 266 3581 Dom.
283 3517 382 3603 Regis
397 3517 437 3582 de
457 3519 662 3605 Haueringes
680 3519 767 3606 quod
784 3520 943 3585 recordari
966 3521 1108 3586 lacerent
1131 3521 1166 3586 in
1189 3519 1278 3584 curia

174 3621 267 3686 Dom.
283 3621 383 3708 Regis
398 3621 438 3686 de
453 3622 659 3710 Haueringcs
673 3623 834 3710 loquelam
850 3648 913 3712 quc
928 3625 992 3689 fuit
1006 3626 1041 3690 in
1061 3626 1175 3692 eadem
1189 3625 1278 3691 curia
1289 3641 1429 3728 {ffic-

173 3747 231 3812 per
252 3725 351 3790 breue
373 3725 467 3790 Dom.
490 3725 590 3812 Regis
613 3725 699 3790 inter
720 3727 828 3792 Adam
850 3728 1036 3794 Walcnscm
1058 3737 1092 3794 et
1114 3729 1277 3815 Agnetcm
1290 3698 1434 3820 ggjffi

174 3851 305 3894 uxorem
326 3827 397 3893 eius
417 3837 452 3893 et
471 3828 662 3915 Dyonisiam
682 3852 822 3895 sororem
844 3829 946 3916 ipsius
968 3831 1107 3918 Agnetis
1129 3838 1279 3917 petentes
1290 3827 1360 3868 ”⁸¹³¹-

174 3941 208 3998 et
223 3931 409 3998 Gilebertus
429 3930 470 3996 de
489 3931 655 3997 Renham⁸
675 3938 844 3998 tenentem
865 3931 906 3998 de
921 3933 947 4020 j.
962 3933 1043 4020 uirg.
1060 3942 1145 4000 terre
1164 3941 1198 3998 ct
1213 3955 1278 3998 uno

205 4143 215 4177 ¹
232 4143 287 4194 The
303 4143 427 4196 ‹loueress
444 4143 496 4196 and
512 4144 560 4196 her
575 4143 699 4196 husband
781 4143 865 4195 ’'l'he
881 4143 978 4208 parties
995 4157 1038 4194 sre
1054 4143 1099 4193 the
1114 4157 1186 4194 same
1203 4155 1233 4192 as
1248 4141 1277 4192 in

173 4209 257 4259 ronch
267 4208 410 4260 whichevcr
425 4211 454 4260 of
468 4210 513 4260 the
523 4210 620 4274 parties
631 4209 700 4261 shall
750 4209 796 4260 tha
806 4211 857 4260 lsst
868 4225 934 4260 casa.
969 4209 1069 4260 Gilbcrt
1081 4209 1108 4258 ol
1123 4207 1243 4258 Renham
1254 4207 1278 4256 is

174 4273 205 4324 ba
215 4273 276 4324 held
288 4274 333 4324 tho
344 4279 402 4326 hue
412 4274 477 4325 heir.
751 4275 852 4326 Gilbcrt
868 4275 926 4324 Fitz
945 4275 1032 4334 Pctcr;
1050 4273 1134 4324 Adam
1148 4272 1278 4323 Walensis

205 4339 531 4404 ’Havering-atte·Bowcr
550 4339 574 4390 is
595 4339 700 4390 ancient
750 4340 804 4391 and
824 4339 909 4391 Adam
936 4339 1104 4403 choingne
1131 4353 1202 4390 seem
1229 4352 1279 4388 one

174 4403 310 4468 damesnc;
336 4419 364 4456 so
386 4405 432 4456 the
451 4406 514 4470 only
536 4405 594 4456 writ
614 4405 700 4455 which
749 4419 853 4469 person.

173 4484 237 4519 runs
248 4469 321 4522 there
331 4470 355 4522 is
366 4471 412 4522 the
422 4471 490 4522 little
501 4472 559 4522 writ
571 4471 600 4521 cl
608 4469 687 4533 right.

1150 4573 1190 4634 41
