3276 5234
390 441 452 510 276
692 451 829 514 arsere,
852 451 917 500 ro.
942 436 1035 512 1229,
1057 449 1120 500 aa
1145 435 1194 498 13.

311 668 317 680 ·
389 634 424 690 et
439 623 582 689 Amabili
597 631 631 688 et
646 619 819 686 heredibus
834 617 875 684 de
896 618 968 704 ipse
987 616 1132 694 Amabili
1151 611 1418 702 prouenientibus
1436 608 1444 696 1
1463 615 1499 673 et

388 729 450 794 iste
466 727 627 792 Henricus
641 732 691 789 est
710 724 804 788 heres
822 721 925 808 ipsius
940 719 1070 784 Ricardi
1090 725 1124 782 et
1144 716 1312 792 Amabilis‚
1327 723 1361 780 et
1383 733 1501 778 reuera

391 829 505 894 dicunt
535 826 621 914 quod
650 825 797 912 Rogerus
826 823 866 888 de
898 822 986 888 Caua
1015 820 1152 886 tradidit
1186 819 1329 906 predicto
1359 813 1500 880 Ricardo

389 932 601 998 medietatem
629 939 714 994 terre
738 927 827 992 illius
857 934 1033 1011 antequam
1063 923 1199 989 eandem
1227 920 1413 987 Amabilem
1442 917 1500 980 de-

389 1033 576 1122 sponsauit¹
599 1041 633 1098 et
656 1031 698 1096 ad
721 1029 898 1095 terminum
922 1029 991 1092 uite
1012 1049 1069 1092 sue
1092 1035 1231 1103 tantum,
1253 1034 1303 1090 set
1325 1030 1500 1110 postquam

390 1139 478 1204 idem
515 1135 672 1202 Ricardus
710 1133 846 1199 eandem
882 1133 1068 1197 Amabilem
1100 1129 1308 1217 desponsauit
1342 1126 1435 1191 dedit
1464 1131 1501 1188 et

390 1241 546 1308 concessit
566 1239 687 1304 eisdem
709 1236 847 1302 Ricardo
870 1244 905 1300 et
926 1235 1071 1300 Amabili
1094 1235 1191 1299 aliam
1216 1232 1426 1298 medietatem
1451 1235 1502 1291 te·

391 1345 531 1410 nendam
555 1343 651 1408 simul
676 1363 750 1406 cum
776 1340 840 1404 alia
869 1338 1045 1403 medietate
1072 1360 1170 1424 quam
1199 1337 1289 1422 prius
1318 1332 1435 1398 habuit
1465 1331 1501 1394 in

392 1447 483 1512 feodo
512 1446 590 1532 ipsis
619 1443 757 1509 Ricardo
786 1450 821 1508 et
851 1440 1005 1506 Mabilie'
1027 1449 1087 1506 etc.
1109 1463 1168 1526 per
1189 1449 1311 1504 cartem
1341 1457 1434 1501 suam
1465 1441 1501 1497 et

392 1551 468 1617 inde
483 1558 609 1637 ponunt
626 1571 658 1613 se
675 1569 771 1634 super
786 1546 934 1610 iuratam.

458 1653 502 1718 Et
526 1651 683 1716 Ricardus
709 1649 789 1714 dicit
813 1646 899 1734 quod
922 1655 1098 1732 antequem
1122 1644 1280 1710 Ricardus
1306 1651 1502 1729 paterenus

392 1757 600 1846 desponsauit
615 1754 804 1843 ,predictam
827 1750 1011 1817 Amabilem
1036 1760 1070 1815 et
1095 1759 1268 1836 postquam
1290 1747 1503 1834 desponsauit

394 1862 561 1928 Mobiliam
577 1867 715 1924 matrem
729 1857 867 1944 primam
882 1878 1016 1920 uxorem
1036 1855 1150 1920 suam⁸
1169 1854 1335 1941 predictus
1352 1853 1503 1938 Rogerus

393 1965 434 2030 de
461 1963 549 2030 oauz
571 1961 704 2026 dederat
725 1959 870 2045 predicto
892 1958 1030 2022 Ricerdo
1055 1957 1141 2044 patri
1165 1979 1223 2022 suo
1247 1965 1350 2022 totam
1380 1965 1503 2020 terram

393 2069 482 2134 illem
500 2069 625 2154 integre
646 2089 704 2152 per
724 2073 846 2130 cartam
867 2087 959 2128 suam
979 2063 1020 2126 de
1041 2064 1243 2140 feofamento‚
1258 2070 1308 2126 set
1328 2069 1503 2147 postquam

395 2172 530 2238 Mabilia
543 2179 648 2236 mater
661 2191 720 2234 sua
734 2176 863 2232 mortua
874 2167 937 2230 fuit
947 2177 981 2230 et
989 2174 1162 2252 postquam
1173 2173 1267 2251 pater
1278 2186 1355 2229 suus
1364 2164 1504 2249 despon-

395 2275 481 2340 sauit
492 2272 670 2360 predictam
682 2269 866 2335 Amabilem
876 2269 947 2354 ipsa
957 2267 1117 2332 Amabilis
1127 2267 1258 2332 induxit
1269 2275 1395 2353 patrem
1404 2287 1504 2330 suum

396 2379 520 2444 adhoc
542 2385 580 2441 ut
602 2374 751 2440 redderet
773 2373 835 2460 ipsi
859 2373 985 2459 Rogero
1008 2371 1146 2458 primam
1166 2379 1288 2436 cartam
1315 2379 1350 2436 et
1371 2379 1411 2435 ut
1433 2370 1505 2456 ipse

395 2491 517 2548 cartam
529 2503 620 2546 suom
632 2481 751 2544 faceret
767 2479 797 2542 ei
812 2485 846 2542 et
855 2477 1000 2542 Amabili
1013 2477 1106 2542 uxori
1120 2499 1178 2542 sue
1193 2477 1233 2542 de
1245 2477 1453 2541 feoffamento
1469 2482 1506 2538 et

396 2583 569 2649 heredibus
583 2581 725 2666 ipsorum
740 2579 780 2644 de
796 2601 925 2665 corpore
946 2578 1048 2664 ipsius
1066 2587 1126 2645 etc.
1141 2589 1180 2644 ut
1200 2579 1246 2643 sic
1267 2577 1505 2644 exheredarent

396 2689 504 2774 ipsum
534 2685 707 2750 Ricardum
737 2684 840 2748 filium
870 2683 1122 2770 primogenitum
1152 2691 1186 2748 et
1215 2683 1366 2749 heredem
1400 2683 1505 2769 ipsius

398 2790 537 2868 Ricardi‚
552 2798 587 2854 et
608 2788 693 2875 quod
712 2789 761 2852 ita
775 2787 818 2852 sit
838 2787 931 2874 ponit
951 2810 985 2864 se
1005 2809 1103 2873 super
1121 2787 1270 2865 iuratam,
1285 2796 1320 2853 et
1339 2787 1506 2852 Robertus

398 2903 433 2958 et
458 2891 618 2958 Amabilis
647 2890 805 2967 similiter,
828 2890 856 2954 si
884 2889 973 2954 curia
1002 2889 1252 2954 considersuerit
1280 2890 1367 2976 quod
1395 2890 1508 2956 iurata

398 2995 469 3060 fieri
483 2994 601 3060 debeat
616 2993 694 3059 dum
709 2993 873 3079 predictus
888 2991 1049 3057 Henricus
1064 2993 1107 3056 sit
1122 2993 1206 3057 infra
1220 3001 1342 3058 etatem
1357 3001 1416 3058 etc

238 3121 359 3210 woeuqqqp
464 3099 542 3164 Post
567 3097 660 3163 uenit
686 3097 847 3163 Hemicus
877 3096 963 3161 filius
989 3105 1022 3162 et
1052 3095 1145 3162 heres
1169 3097 1313 3182 predicte
1342 3097 1507 3164 Amabilis

237 3173 376 3258 iiddom
401 3213 435 3270 et
449 3211 544 3269 uocat
558 3201 635 3268 inde
649 3211 684 3267 at
695 3211 875 3268 warantum
891 3201 914 3266 J
915 3201 1075 3266 ohannem
1086 3201 1126 3266 de
1143 3202 1286 3288 Segraue
1301 3211 1335 3266 et
1352 3203 1506 3268 Emmam

239 3277 301 3315 super
309 3273 370 3313 quem

239 3311 370 3401 gffiffff
401 3329 533 3373 uxorem
563 3303 632 3371 eius
655 3305 755 3370 filiam
782 3315 815 3370 et
840 3305 992 3370 heredem
1021 3305 1158 3391 predicti
1188 3307 1306 3393 Rogeri
1335 3306 1376 3371 de
1405 3306 1506 3384 Caua,

239 3409 380 3496 ffi'ggfffi
401 3412 521 3477 habeat
535 3429 610 3476 eum
625 3419 684 3475 etc.
701 3419 735 3474 et
749 3410 857 3474 iurata
870 3409 1001 3474 interim
1016 3417 1182 3473 remaneat
1197 3431 1363 3495 quousque
1382 3409 1509 3475 scietur

239 3499 389 3622 {¹:¹35}ssssss
402 3514 441 3579 de
457 3511 621 3590 warancia,
636 3512 713 3600 quia
731 3512 868 3598 predicti
885 3511 1042 3578 Ricardus
1064 3519 1098 3576 et
1121 3511 1282 3576 Henricus
1297 3513 1410 3578 fratres
1424 3523 1508 3578 sunt

240 3599 372 3638 ‘mm'
401 3627 461 3684 etc.
505 3617 559 3682 Ad
574 3617 660 3682 diem
675 3617 768 3680 illurn
783 3617 861 3702 quia
875 3615 1037 3682 Henricus
1051 3623 1101 3681 est
1122 3616 1206 3682 infre
1220 3623 1342 3683 etatem
1358 3627 1391 3684 et
1408 3627 1509 3704 pater

401 3745 478 3787 suus
490 3722 571 3786 obiit
585 3721 714 3786 scisitus
729 3721 768 3786 de
783 3721 928 3806 predicta
942 3729 1028 3786 terra
1042 3729 1081 3785 ut
1095 3719 1136 3786 de
1151 3720 1243 3786 feodo
1256 3721 1507 3788 Consideratum

403 3835 452 3891 est
467 3826 553 3913 quod
567 3825 686 3891 hebeat
701 3834 823 3890 etatem
837 3825 929 3891 ideo⁵
945 3833 1004 3890 eto

436 3943 445 3975 ¹
462 3943 639 4018 derpmnasret,
650 3943 680 4004 B,
694 3942 723 3992 0.
977 3941 1047 3992 heirs
1059 3941 1088 3991 of
1097 3940 1165 3992 their
1175 3941 1270 3992 bodies.

436 4008 447 4040 ¹
464 4007 607 4070 Originally
613 4007 665 4056 ond
672 4006 911 4069 eorreotlydmcbili
916 4025 925 4065 ,·
1010 4005 1114 4064 'ruam
1126 4007 1253 4070 repeated.

404 4077 466 4138 ipsis
478 4073 587 4122 Ricardo
599 4074 745 4122 etAmubiti
757 4080 781 4121 et
799 4073 927 4122 hereditas
1009 4071 1101 4120 ⁴¹1¹his
1120 4071 1144 4124 ie
1161 4072 1205 4122 the
1224 4073 1281 4122 first
1301 4073 1455 4124 oloserice
1478 4076 1509 4126 of

404 4141 435 4188 cle
454 4153 528 4188 cam
544 4139 624 4200 ipaim
642 4139 765 4186 durabilis
783 4139 927 4186 exeuntibus
978 4141 1054 4188 notes
1073 4137 1171 4201 (Mer
1193 4139 1333 4204 ott-5312)
1352 4139 1453 4189 written
1471 4140 1509 4204 by

405 4212 430 4254 et
443 4219 492 4266 per
505 4211 609 4264 curtam,
622 4201 652 4260 Β,
665 4203 692 4254 G.
729 4201 839 4252 Richurd
859 4203 928 4252 Gook
978 4202 1035 4254 him
1057 4201 1142 4252 whom
1164 4201 1178 4251 1
1200 4203 1251 4253 coll
1270 4203 1340 4254 “the
1356 4207 1507 4256 ooeosional

404 4267 518 4318 hodtwo
533 4267 609 4317 wives
627 4267 661 4344 (1)
678 4267 792 4324 Mobilis,
805 4267 839 4330 (2)
852 4268 928 4317 Ams-
979 4269 1144 4321 annotator.”
1178 4268 1220 4318 On
1242 4268 1259 4320 i.
1286 4271 1317 4318 54
1340 4269 1406 4320 “the
1425 4273 1506 4321 usual
1631 4323 1632 4326 ,

404 4333 470 4384 bilis.
504 4332 559 4382 The
576 4336 695 4394 question
712 4332 736 4382 is
753 4331 867 4382 whether
884 4333 929 4382 ths
978 4333 1142 4382 annotatcr”
1152 4348 1267 4383 resumes
1277 4333 1355 4384 work.
1631 4369 1632 4382 2

404 4398 467 4449 land
477 4397 688 4460 hssbeengiven
700 4401 727 4446 to
742 4397 798 4447 him
815 4397 867 4447 and
884 4397 929 4446 the
1011 4397 1062 4446 ‘et
1083 4399 1140 4447 ideo
1161 4401 1220 4448 inde
1242 4402 1295 4448 sim
1313 4401 1354 4449 die
1374 4415 1451 4464 usque
1471 4404 1508 4451 ad

402 4463 550 4520 defendant,
566 4462 608 4512 his
624 4462 718 4513 second
734 4463 800 4524 wife,
819 4462 871 4512 and
885 4462 929 4512 the
979 4469 1070 4512 etatem
1080 4479 1159 4521 mam.
1172 4463 1203 4526 B,
1218 4463 1245 4514 0.
