3260 5218
351 472 478 520 rssrss
500 474 576 521 lun
598 475 747 538 rrumrr,
769 476 833 524 nn.
859 463 951 538 1219,
974 478 1036 528 us.
1060 467 1090 530 3.
1233 466 1276 534 37

144 641 314 708 Maurieii
334 643 374 709 de
396 645 587 710 Golestrode
610 647 667 732 qui
688 656 851 711 uenerunt
867 655 900 712 et
916 647 976 713 hoc
997 651 1109 715 testati
1130 653 1272 732 fuerunt,

145 752 327 811 testantur
361 747 462 812 eciam
501 748 587 834 quod
623 748 824 835 Reginaldus
860 752 1077 818 summonitus
1113 754 1178 819 fuit
1214 779 1273 840 per

142 848 324 932 predictos
351 850 525 915 Anlridum
563 861 597 916 et
626 852 829 918 Willelmum
865 854 906 918 de
944 856 1177 922 Herteshurste
1215 861 1271 946 qui

143 961 329 1034 presentes
351 952 410 1016 hoc
437 953 552 1017 testati
577 954 716 1020 fuerunt.
762 956 806 1019 Et
829 956 1030 1043 Reginaldus
1053 959 1272 1048 interrogatus

142 1057 268 1133 semel,
289 1057 428 1122 secundo
451 1065 486 1122 et
508 1057 608 1122 tercio
629 1079 693 1123 non
716 1059 818 1136 uenit,
840 1081 900 1124 nec
922 1083 956 1124 se
978 1062 1162 1140 essonisuit,
1184 1065 1270 1130 unde

143 1161 399 1226 consideratum
414 1161 478 1225 fuit
494 1160 580 1247 quod
594 1161 672 1247 quia
690 1162 856 1247 predictus
875 1163 1076 1250 Regn'nnldus
1095 1187 1160 1230 non
1177 1169 1271 1234 uenit
1368 1153 1371 1159 ’

142 1284 208 1327 nec
234 1286 276 1328 se
300 1263 476 1328 sssonisuit
498 1285 557 1328 nec
580 1271 698 1327 terram
723 1264 813 1328 illam
835 1263 877 1329 sd
901 1265 1011 1330 horam
1034 1275 1070 1331 et
1094 1269 1269 1334 terminum

142 1367 258 1451 peciit
282 1389 341 1453 per
361 1367 538 1453 pleuinam
559 1367 723 1452 predictus
750 1367 936 1434 Gilebertus
960 1369 1095 1436 haberet
1119 1372 1269 1438 seisinnm

142 1491 250 1534 suam
281 1493 341 1556 per
369 1469 525 1534 defaltum
553 1469 655 1554 ipsius
684 1469 857 1556 Reginsldi
887 1479 921 1536 ct
950 1471 1037 1536 idem
1067 1473 1269 1560 Reginuldus

143 1571 295 1638 haberet
311 1573 376 1638 tale
391 1595 579 1658 recuperare
594 1573 689 1657 quale
705 1573 823 1637 habere
838 1572 979 1638 deberet.

221 1678 269 1742 Et
285 1677 488 1764 Reginsldus
502 1698 560 1762 per
575 1676 755 1741 Otewicum
776 1677 806 1740 le
827 1677 932 1742 Poher
951 1687 1152 1744 attumutum
1173 1703 1269 1747 suum

146 1779 249 1858 dicit,
269 1781 358 1866 quod
380 1781 443 1866 ipsi
466 1781 500 1844 in
523 1803 588 1844 una
609 1787 701 1866 parte
724 1779 932 1844 recordantur
953 1803 1069 1866 perum
1090 1791 1125 1848 et
1146 1783 1181 1848 in
1203 1807 1270 1849 uns

146 1895 250 1969 parte
279 1886 431 1962 nimium,
461 1884 538 1970 quia
566 1884 606 1949 de
636 1883 696 1948 hoc
729 1883 815 1970 quod
848 1883 910 1968 ipsi
943 1885 1151 1950 recordantur
1183 1887 1269 1973 quod

146 1988 307 2054 dominus
327 2011 407 2054 suus
426 1988 642 2052 summonitus
662 1988 726 2052 fuit
746 1995 781 2052 et
803 1987 880 2052 lecit
902 1987 1057 2053 defaltum
1079 1987 1159 2054 dicit
1181 1991 1268 2077 quod

148 2093 277 2158 iniuste
293 2093 355 2157 hoc
371 2092 494 2169 dicunt,
509 2093 586 2178 quia
605 2092 674 2178 ipse
694 2115 861 2177 nunquam
883 2093 1100 2158 summonitus
1122 2094 1186 2160 fuit
1208 2117 1267 2160 nec

150 2219 302 2284 unquam
324 2198 404 2262 fecit
425 2197 590 2274 defaltum,
612 2205 646 2261 et
668 2197 750 2262 bene
774 2197 1211 2263 defendit-summoniciones
1233 2208 1268 2264 et

151 2300 294 2366 defaltas
317 2311 353 2366 et
376 2323 487 2366 omnes
509 2301 692 2386 supersues,
710 2309 761 2366 set
783 2323 898 2366 uerum
920 2302 994 2367 uult
1015 2301 1128 2368 dicere.
1174 2303 1267 2368 Idem

154 2403 322 2469 Otewicus
336 2403 423 2468 sicut
438 2404 501 2468 fuit
516 2403 550 2468 in
565 2403 722 2468 comitutu
739 2403 889 2469 Sussexie
904 2403 947 2468 sd
961 2413 1063 2469 terras
1077 2403 1199 2470 domini
1214 2405 1265 2471 sui

152 2507 385 2572 custodiendas
407 2508 491 2572 sicut
513 2508 705 2572 senescallus
727 2530 813 2585 suus,
834 2507 963 2572 audiuit
985 2507 1050 2572 dici
1072 2508 1157 2594 quod
1179 2517 1266 2575 terra

153 2611 301 2696 predicte
318 2612 435 2676 debuit
453 2613 526 2698 capi
543 2613 579 2676 in
598 2635 731 2676 manum
752 2611 875 2676 domini
889 2611 989 2698 Regis
1009 2620 1043 2676 et
1062 2613 1131 2698 ipse
1152 2615 1265 2680 statim

153 2715 288 2779 accessit
303 2713 347 2778 ed
362 2714 586 2779 uiceeomitem
602 2714 731 2780 Surreie
747 2721 782 2778 et
802 2713 881 2799 quin
898 2713 1023 2778 dictum
1044 2714 1107 2778 fuit
1127 2713 1158 2778 ei
1178 2715 1265 2800 quod

155 2825 239 2882 terra
265 2817 334 2881 ism
364 2825 460 2902 capta
485 2817 549 2881 fuit
574 2817 609 2881 in
635 2839 769 2881 menum
794 2815 918 2880 domini
945 2815 1045 2902 Regis
1070 2816 1139 2901 ipse
1164 2817 1265 2902 peciit

156 2918 266 2981 statim
298 2925 420 2981 terram
449 2915 572 2980 domini
600 2915 651 2980 sui
685 2938 744 3001 per
779 2915 944 3001 pleuinam
983 2923 1017 2979 et
1053 2915 1186 2980 accessit
1222 2915 1265 2982 ad

155 3022 339 3106 proximum
363 3021 554 3086 comitatum
576 3021 633 3106 qui
655 3019 719 3084 fuit
741 3042 761 3084 s
783 3019 835 3084 die
854 3019 1006 3086 Mercurii
1026 3019 1172 3104 proxima
1191 3029 1264 3105 post

156 3123 284 3188 Ascens
307 3123 402 3188 Dom.
423 3123 458 3187 in
481 3131 546 3187 tres
567 3122 765 3206 septimanas
786 3119 883 3186 ante¹
905 3120 983 3206 quis
1004 3120 1069 3185 duo
1090 3119 1264 3186 comitatus

154 3225 310 3290 sedenmt
347 3225 431 3289 infra
466 3247 522 3288 sex
558 3223 756 3310 septimanas
792 3230 826 3286 et
862 3221 904 3287 sd
940 3221 1131 3286 comitatum
1169 3222 1262 3286 illum

155 3329 333 3394 emoniauit
365 3328 532 3392 dominum
564 3351 660 3392 suum
693 3350 751 3414 per
782 3327 863 3393 duos
897 3328 1107 3394 essoniatores
1140 3327 1263 3393 scilicet

154 3452 211 3516 per
225 3429 391 3516 quendam
408 3429 611 3494 Gilebertum
626 3438 660 3495 et
675 3429 837 3516 quendam
853 3429 1054 3494 Willelmum
1069 3428 1110 3493 de
1127 3428 1263 3493 seruicio

155 3533 279 3597 domini
301 3530 403 3617 Regis
424 3529 546 3595 scilicet
568 3529 653 3616 quod
675 3529 739 3594 iuit
762 3529 804 3595 sd
829 3529 1073 3594 conducendum
1096 3530 1263 3594 Wslenses

155 3659 211 3722 per
224 3643 418 3722 preceptum
433 3633 556 3698 domini
570 3633 678 3720 Regis,
693 3641 728 3698 et
742 3632 838 3698 datus
853 3633 916 3697 fuit
931 3633 999 3698 dies
1014 3633 1262 3698 sssonistoribus

154 3741 219 3804 suis
234 3739 277 3804 ad
292 3737 485 3803 comitatum
500 3737 682 3823 proximum
703 3737 825 3802 scilicet
844 3737 897 3800 die
914 3737 1007 3800 Merc.
1023 3738 1169 3822 proxima
1187 3747 1261 3824 post

155 3847 284 3910 Ascens
300 3843 349 3908 ita
364 3842 451 3928 quod
470 3842 539 3927 ipse
555 3841 718 3908 Otewicus
738 3843 801 3906 fuit
821 3841 947 3927 plegius
967 3842 1199 3906 essonistorum
1218 3841 1259 3908 de

155 3947 302 4013 habendo
324 3954 506 4010 warantum
527 3967 622 4009 suum
642 3944 685 4010 ad
704 3944 797 4008 illum
817 3942 1016 4008 comitatum.
1062 3945 1134 4008 Hoc
1148 3953 1259 4009 sutem

156 4053 230 4117 lecit
259 4052 329 4138 ipse
361 4049 526 4114 Otewicus
550 4049 663 4113 statim
689 4047 859 4112 mandauit
884 4046 965 4111 illud
990 4047 1120 4112 domino
1144 4070 1202 4114 suo
1225 4049 1260 4113 in

157 4157 271 4222 wallia
285 4163 324 4221 ut
339 4154 416 4219 inde
432 4153 495 4218 sibi
512 4153 704 4239 prouideret.
748 4151 802 4216 Ad
823 4151 1005 4236 predictum
1027 4175 1105 4216 uero
1127 4153 1259 4218 comita-

156 4268 223 4325 tum
242 4259 366 4325 scilicet
387 4264 461 4344 post
481 4255 610 4320 Ascens
626 4255 716 4320 misit
735 4253 886 4320 dominus
906 4251 998 4320 suus'
1017 4255 1117 4320 breue
1138 4255 1260 4321 domini

184 4420 193 4452 ¹
210 4422 275 4470 ttree
287 4419 367 4470 ucekr
379 4419 462 4480 before
475 4419 515 4466 tte
529 4418 682 4480 Wednerduy
734 4415 774 4466 lut
785 4415 853 4478 May.

156 4495 209 4535 mr
237 4487 305 4548 after
330 4485 469 4534 Auernum
497 4483 547 4545 day
577 4483 607 4547 (t)
637 4481 682 4532 te.
766 4480 851 4530 'rure
863 4479 1023 4531 substituted
1034 4480 1073 4530 lor
1084 4482 1146 4531 Iler.
