3196 5226
336 451 398 512 150
636 455 786 518 rnmtrr,
809 455 873 504 nn.
897 441 991 516 1222,
1013 455 1075 504 nn
1099 443 1131 506 6.

401 633 444 697 Et
458 632 605 720 Rogeme
620 631 712 697 uenit
729 639 765 696 et
784 628 865 694 dicit
887 627 975 714 quod
998 649 1063 692 non
1084 625 1207 692 debent
1228 625 1304 693 inde
1325 627 1436 694 dotem

336 738 455 803 habere
469 737 532 802 nisi
547 745 676 802 tentum
691 733 732 800 de
747 733 892 811 seruicio,
903 733 980 819 quie
990 733 1054 819 ipsi
1068 741 1183 798 tenent
1198 741 1302 799 totam
1317 742 1437 799 terrem

336 842 426 907 illem
448 841 483 906 in
506 842 614 906 dotem
637 838 782 924 exceptis
804 837 868 902 illis
890 835 964 923 xvij.
979 836 1062 902 aeris
1075 843 1161 902 terre
1176 836 1266 903 etde
1281 837 1338 903 illa
1351 847 1440 903 terre

338 954 529 1032 recepemnt
543 945 606 1030 ipsi
620 963 748 1029 semper
760 941 934 1007 seruicium
948 963 1045 1006 suum
1057 951 1092 1007 et
1106 942 1300 1008 fidelitatem
1315 941 1438 1008 eisdem

338 1047 415 1112 fecit
430 1055 465 1112 et
479 1045 556 1111 inde
571 1044 720 1132 producit
734 1051 856 1108 sectam
872 1065 935 1130 que
950 1043 1010 1109 hoc
1025 1053 1172 1110 testetur.

403 1152 448 1216 Et
463 1151 645 1216 Willelmns
667 1156 704 1214 et
726 1149 834 1214 Alicia
852 1148 1034 1215 defendunt
1056 1159 1168 1216 contre
1186 1173 1263 1216 eum
1277 1159 1313 1217 et
1327 1159 1440 1217 contre

338 1263 460 1320 sectam
489 1277 581 1320 suem
610 1253 696 1340 quod
722 1273 889 1338 nunquam
915 1253 1088 1320 seminium
1114 1255 1155 1320 de
1180 1277 1219 1320 eo
1247 1264 1440 1342 receperunt

339 1358 468 1423 nomine
491 1357 576 1422 dotis
596 1378 656 1422 nec
676 1356 871 1422 fidelitatem
893 1357 941 1422 eis
962 1357 1040 1422 fecit
1062 1357 1189 1423 mcione
1211 1358 1297 1423 dctis
1320 1365 1355 1422 et
1378 1358 1439 1423 hoc

338 1461 432 1526 offert
453 1469 512 1526 ete
534 1460 620 1526 sicut
642 1459 731 1526 curie
751 1459 1002 1525 considemuerit
1024 1481 1137 1525 uersus
1159 1481 1235 1525 eum
1259 1468 1294 1525 et
1317 1469 1440 1526 sectam

338 1586 438 1630 suem.

404 1667 651 1734 consideratum
673 1677 723 1734 est
744 1669 831 1755 quod
844 1667 907 1754 ipsi
921 1665 1098 1732 defendant
1111 1689 1146 1732 se
1162 1667 1216 1754 xij.
1230 1689 1340 1746 manu,
1353 1669 1440 1734 scili-

339 1779 392 1836 cet
405 1771 589 1838 Willelmus
603 1795 637 1838 ee
652 1773 706 1858 xij.
721 1795 821 1838 rnenu
844 1781 878 1838 et
898 1771 1004 1837 Aiicin
1018 1793 1052 1836 ee
1067 1771 1123 1856 xij.
1139 1794 1238 1836 menn
1253 1781 1288 1838 et
1303 1773 1442 1839 uenient

338 1897 413 1940 cum
428 1875 555 1962 legibus
569 1875 637 1940 suis
650 1899 671 1941 e
684 1877 738 1942 die
752 1885 812 1942 ete
852 1875 1044 1942 Concordeti
1058 1884 1136 1940 sunt
1151 1897 1209 1961 per
1222 1875 1389 1941 licenciam
1404 1887 1442 1942 et

339 1986 389 2043 cst
411 1977 579 2043 concordie
602 1978 675 2044 telis
697 1980 783 2065 quod
805 1979 891 2044 idem
914 1979 1061 2065 Regenre
1080 1977 1173 2042 debit
1193 1979 1240 2043 eis
1254 2001 1312 2065 pro
1325 1981 1443 2067 quiete

339 2083 515 2148 clemencie
536 2082 637 2169 xxiiij
653 2107 693 2149 m.
710 2084 889 2150 reddendas
904 2107 925 2148 a
939 2083 991 2148 die
1007 2093 1066 2148 etc
1082 2083 1170 2169 apud
1185 2085 1442 2151 Westmonnete-

339 2187 423 2252 rium
439 2186 517 2252 etsi
537 2208 602 2251 non
621 2187 797 2254 reddiderit
820 2189 931 2254 taliter
950 2197 1118 2254 remaneat
1140 2189 1261 2255 eisdem
1276 2187 1443 2255 Willclmo

339 2301 374 2357 et
389 2292 494 2358 Alicie
509 2301 596 2358 tene
610 2293 667 2358 illa
681 2301 742 2360 etc.

427 2693 620 2762 PLAOITA
649 2695 773 2762 APUD
803 2697 1264 2767 WESTMONASTERIUM
1293 2702 1354 2767 DE

436 2801 642 2868 TERMINO
673 2803 705 2868 S.
735 2803 997 2870 TRINITATIS
1027 2805 1158 2871 ANNO
1188 2807 1342 2874 SEXTO.

407 3023 615 3108 ¹Preceptum
640 3025 703 3091 fuit
726 3027 909 3093 uicecorniti
933 3029 1020 3116 qnod
1042 3051 1147 3096 coram
1170 3055 1208 3097 eo
1228 3033 1263 3098 in
1282 3036 1445 3102 comitatu

226 3147 259 3176 -ο
278 3165 283 3176 ·
341 3147 398 3190 sno
414 3127 483 3192 fieri
499 3129 618 3194 feceret
632 3131 800 3196 recordum
815 3132 854 3202 de
867 3133 995 3219 loquela
1007 3156 1072 3219 que
1087 3135 1150 3200 fuit
1164 3137 1199 3201 in
1214 3139 1327 3204 ecdem
1342 3141 1446 3206 comi·

341 3237 414 3294 tntu
435 3229 523 3295 inter
544 3231 719 3297 Ricardum
741 3233 783 3298 de
806 3233 947 3300 Oettcnn
969 3245 1137 3322 petentem
1163 3247 1198 3306 et
1225 3241 1373 3308 Odonem
1400 3243 1445 3309 de

341 3331 574 3398 Daunmertin²
588 3343 755 3400 tenentem
770 3333 811 3399 de
826 3359 855 3401 x.
871 3337 953 3402 neris
975 3346 1060 3404 terre
1082 3363 1157 3406 cum
1179 3343 1387 3429 pertinenciis
1408 3346 1445 3410 in

342 3439 597 3526 Hemelingtcne
618 3439 703 3504 unde
725 3439 870 3506 duellum
894 3443 1063 3510 uedietnm
1083 3446 1147 3512 fuit
1162 3449 1248 3514 inter
1262 3449 1391 3514 eosdem
1407 3451 1446 3515 in

340 3541 454 3605 eodem
476 3541 649 3606 comitetu⁸
668 3542 709 3608 de
730 3543 873 3629 quinque
894 3546 975 3611 acris
995 3556 1080 3614 teme
1095 3573 1169 3614 cum
1184 3551 1393 3637 pertinenciis
1408 3553 1447 3618 in

342 3643 484 3709 Cattona
505 3644 590 3708 unde
613 3645 758 3710 duellum
781 3647 950 3713 uediatum
973 3659 1023 3715 est
1045 3661 1104 3717 etc.
1121 3663 1155 3718 et
1172 3655 1259 3740 quod
1274 3655 1446 3720 recordnm

341 3746 421 3810 illud
438 3747 571 3812 haberet
591 3769 650 3834 per
664 3749 774 3814 literne
788 3773 863 3816 sune
878 3761 913 3816 et
928 3775 985 3838 per
1000 3763 1139 3840 quatuor
1152 3755 1273 3822 milites
1288 3757 1329 3822 de
1343 3759 1448 3824 comi-

341 3860 414 3915 tatu
447 3861 507 3917 etc
538 3861 572 3917 et
601 3856 711 3920 nullus
746 3866 886 3942 quatuor
922 3859 1065 3924 militum
1096 3861 1188 3926 uenit
1217 3863 1280 3927 nisi
1310 3872 1447 3931 tantum

342 3955 493 4020 Metheus
507 3956 548 4020 de
570 3957 707 4022 Morlee‘
725 3967 761 4023 et
782 3959 856 4025 ideo
878 3961 920 4026 ed
942 3962 1098 4029 indicium
1122 3965 1162 4031 de
1187 3967 1351 4034 comitatu.
1398 3969 1448 4036 Et

341 4057 518 4123 nicecomes
544 4059 634 4125 misit
659 4063 826 4128 reeordum
852 4065 939 4151 quod
961 4067 1027 4131 tele
1050 4069 1206 4155 estquod
1228 4071 1385 4136 Ricardus
1400 4073 1447 4140 de

340 4163 483 4228 Cnttona
504 4163 603 4250 peciit
619 4187 647 4230 x.
662 4187 752 4232 acres
768 4175 853 4233 terre
868 4191 941 4234 cnm
963 4171 1171 4256 pertinenciis
1193 4173 1227 4237 in
1250 4173 1448 4263 Hemeling-

371 4327 382 4424 ζ
400 4329 430 4379 Β.
442 4345 477 4379 m.
491 4331 514 4380 1.
739 4403 744 4412 Ι
913 4345 1036 4452 petentem
1052 4350 1076 4391 et
1095 4344 1201 4393 Odcnem
1218 4345 1247 4394 de
1266 4345 1447 4407 Mnntmrtin,

400 4396 506 4444 Odeum
516 4397 546 4445 de
559 4399 652 4448 Sancto
663 4401 783 4458 Mar-cmo,
795 4401 826 4450 B.
939 4441 944 4454 .

371 4457 382 4489 ³
400 4459 529 4524 Supplyct
539 4463 604 4512 inter
615 4465 718 4515 eundem
726 4467 863 4516 Ricardum
946 4471 956 4501 ⁴
972 4471 1103 4533 nornen.
1117 4474 1146 4522 B.
