3260 5218
392 425 434 488 82
579 437 712 487 armni
733 437 807 487 ΑΜ)
829 435 966 501 mersa,
987 435 1052 486 nn.
1076 422 1170 499 1220,
1191 435 1256 487 nn.
1278 424 1307 484 4.

391 606 517 674 dimidii
546 607 660 672 militis
688 629 762 672 curn
791 561 999 694 pertinenciis
1028 607 1063 672 in
1092 607 1295 673 Middeltonn
1323 616 1362 674 ut
1385 607 1496 673 dotem

391 735 483 778 susm
498 712 585 777 unde
600 710 687 776 idem
702 711 902 798 Reginaldus
916 733 975 798 per
989 711 1194 776 uoluntatem
1210 712 1312 798 ipsius
1331 712 1497 778 Bucharrii

349 844 372 874 c
391 814 493 901 patris
522 814 574 880 sui
597 835 669 879 eam
692 813 822 878 dotauit
848 836 886 878 eo
910 813 997 899 quod
1025 813 1112 878 idem
1142 813 1342 900 Reginsldus
1371 816 1496 880 nullam
1612 839 1613 880 ῑ

391 927 511 984 terram
540 917 657 983 habuit
686 926 720 983 et
750 918 837 984 unde
865 917 952 983 idem
982 925 1165 983 attomatus
1194 918 1275 983 dicit
1303 918 1391 1005 quod
1427 919 1497 1005 ipsa

380 1023 504 1114 'dotata
518 1021 597 1086 fuir
612 1021 697 1086 sicut
710 1021 782 1107 ipsa
796 1021 876 1087 dicit
891 1029 925 1086 et
939 1020 1033 1108 ponit
1053 1043 1087 1086 se
1107 1043 1204 1108 super
1223 1021 1365 1088 iuratam
1389 1023 1496 1109 patrie

390 1125 509 1211 etipse
524 1123 679 1189 similiter.

456 1228 500 1294 Et
529 1227 601 1292 ideo
630 1225 868 1292 consideratum
897 1235 948 1291 est
984 1224 1070 1312 quod
1107 1225 1285 1292 uioecomes
1321 1227 1497 1314 diligenter
1612 1273 1613 1278 η

389 1330 533 1417 inquirat
548 1329 605 1416 qui
619 1329 752 1393 fuerunt
766 1327 824 1392 ubi
838 1327 908 1414 ipse
924 1328 1123 1415 Reginaldus
1144 1329 1354 1415 desponsauit
1374 1353 1447 1395 eam
1463 1339 1496 1395 et

389 1434 506 1500 deillis
520 1441 555 1498 et
569 1432 610 1498 de
631 1432 703 1497 eliis
727 1431 836 1496 liberis
855 1431 1040 1496 hominibus
1057 1441 1118 1496 ete.
1139 1433 1252 1498 uenire
1275 1434 1373 1499 faciat
1397 1434 1453 1518 xij.
1476 1456 1497 1497 a

390 1539 443 1604 die
467 1537 588 1603 Pasche
610 1537 645 1601 in
671 1545 737 1602 tres
760 1535 958 1622 septimanas
981 1535 1023 1600 ed
1044 1538 1335 1622 recognoscendum
1357 1537 1386 1602 si
1408 1537 1496 1602 idem
1612 1591 1613 1594 ,

389 1641 589 1730 Regineldus
597 1640 650 1706 die
662 1662 727 1726 qua
735 1661 807 1704 eam
819 1639 1028 1725 desponsauit
1039 1639 1167 1704 dotauit
1178 1661 1249 1705 earn
1262 1663 1320 1726 per
1330 1663 1496 1706 assensum

390 1753 450 1812 eto.
466 1745 519 1810 uel
533 1766 606 1808 non

326 1901 334 1916 .
453 1848 579 1914 ¹Assisa
593 1848 686 1914 uenit
705 1847 910 1934 recognitum
932 1846 961 1911 si
982 1846 1015 1911 P.
1033 1845 1205 1911 Wintoni'⁸
1223 1846 1345 1913 iniuste
1366 1857 1401 1914 et
1424 1849 1495 1914 sine
1612 1887 1613 1926 3

388 1954 508 2020 iudicio
522 1953 698 2026 disseisiuit
714 1949 907 2036 Ceuleyam⁴
921 1972 1055 2015 uxorem
1067 1951 1206 2015 Walteri
1226 1951 1286 2016 filii
1306 1952 1439 2018 Radulfi
1454 1953 1495 2018 de

389 2058 489 2124 libem
504 2066 691 2123 tenemento
706 2079 764 2122 suo
779 2056 814 2122 in
828 2055 1058 2142 Widehayeet
1076 2055 1111 2148 in
1132 2055 1234 2121 Bedel
1258 2056 1341 2120 infra
1360 2057 1495 2122 assisam
1612 2103 1613 2106 κ

388 2170 498 2332 etc'Et
527 2267 704 2352 Episcopus
731 2263 825 2330 uenit
854 2271 889 2328 et
918 2261 1110 2349 dicitquod
1132 2284 1197 2326 non
1224 2262 1322 2328 debet
1345 2263 1387 2328 ad
1410 2263 1496 2329 hanc

388 2369 520 2435 assisam
542 2368 732 2454 respondere
753 2375 829 2432 ante
853 2365 1033 2430 aduentum
1057 2365 1307 2430 iustioiariorum
1326 2366 1362 2430 in
1386 2375 1496 2452 partes
1612 2429 1613 2462 3

388 2473 467 2550 illas,
487 2473 564 2558 quia
586 2471 756 2536 iusticiarii
779 2471 896 2535 ultimo
913 2469 1105 2535 itinerantes
1123 2470 1284 2535 dederunt
1298 2471 1330 2535 ei
1350 2471 1437 2536 diem
1461 2472 1496 2536 in

387 2577 566 2641 aduentum
589 2575 846 2652 iusticiem'omm
865 2596 903 2640 eo
926 2574 1013 2660 quod
1037 2574 1137 2640 breue
1160 2575 1200 2641 de
1223 2575 1324 2640 assisa
1344 2577 1439 2642 uenit
1460 2580 1495 2644 in

388 2703 513 2746 recessu
543 2703 654 2746 eorum
682 2679 723 2745 de
753 2679 919 2756 comitatu,
950 2685 1001 2742 et·
1021 2699 1189 2764 nunquam
1219 2679 1283 2744 fuit
1312 2703 1419 2746 coram
1449 2685 1496 2748 eis

388 2787 515 2872 loquele
528 2787 659 2870 incepta
673 2793 707 2850 et
722 2785 797 2849 inde
810 2785 902 2870 ponit
913 2806 948 2848 se
960 2805 1057 2869 super
1067 2785 1233 2848 reeordnm
1245 2785 1495 2852 iusticiariorum
1612 2791 1613 2796 ’

388 2899 422 2956 et
437 2891 499 2976 ipsi
513 2890 671 2962 similiter.
714 2888 805 2954 Dicit
829 2889 931 2953 eciam
955 2887 1133 2973 Episcopus
1151 2887 1237 2974 quod
1257 2889 1443 2954 continetur
1460 2893 1494 2955 in

387 2995 481 3060 breui
503 2995 543 3060 de
561 2993 672 3070 Pone‘,
697 2993 784 3080 quod
807 2991 936 3078 loquela
959 2999 1100 3077 ponatur
1123 3015 1229 3057 coram
1251 2993 1438 3060 iusticiariis
1459 2996 1495 3060 in

388 3100 489 3164 banco
511 3121 574 3184 que
592 3099 656 3162 fuit
677 3120 783 3162 coram
808 3095 994 3161 iusticiariis
1017 3095 1247 3160 itinerantibus
1269 3095 1343 3180 ‘per
1365 3097 1494 3162 eosdem

388 3202 595 3269 iusticiarios⁶
609 3211 644 3268 et
665 3224 729 3286 que
750 3200 906 3266 remansit
926 3198 1083 3284 capienda
1100 3221 1157 3284 pro
1180 3200 1308 3266 defectu
1330 3201 1496 3287 originalis

388 3308 504 3386 breuis,
533 3307 624 3371 nulla
656 3305 756 3370 assisa
789 3305 896 3392 posita
925 3303 989 3368 fuit
1018 3303 1054 3367 in
1084 3302 1186 3368 banco
1215 3325 1274 3388 per
1301 3303 1495 3372 iusticisrios

387 3412 579 3477 itinerantes
593 3417 628 3473 et
643 3401 717 3473 ideo
732 3431 797 3472 non
812 3408 887 3472 uult
897 3407 1098 3493 respondere

399 3585 401 3589 ,
452 3516 531 3582 Dies
561 3514 657 3579 datus
685 3511 752 3578 est'
782 3521 843 3578 etc.
873 3521 908 3577 et
931 3511 1063 3576 interim
1090 3519 1245 3597 queretur
1267 3512 1435 3578 reeordum
1459 3523 1494 3578 et

388 3640 499 3683 omnes
539 3615 757 3703 recognitores
797 3613 1027 3680 athachientur
1066 3612 1144 3699 quia
1180 3613 1290 3678 nullus
1327 3615 1421 3680 uenit
1458 3623 1493 3680 et

420 3853 431 3887 ¹
449 3852 547 3916 Supply
566 3853 624 3902 inde
640 3855 674 3903 od
692 3854 799 3902 hostiam
814 3854 914 3904 ecclesie
996 3849 1054 3900 ¹A.
1068 3863 1102 3900 m.
1117 3850 1148 3908 θς
1168 3848 1199 3898 Β.
1211 3862 1247 3898 m.
1259 3848 1283 3898 6.
1446 3899 1452 3906 ,

388 3921 443 3984 ipso
468 3919 616 3970 Burctordo
638 3925 753 3982 presente
779 3926 804 3967 et
831 3933 913 3967 conce·
996 3914 1007 3947 ⁸
1026 3915 1203 3964 Wrmcniemo
1226 3916 1376 3978 Episcopus,
1399 3915 1430 3974 A.
1457 3915 1488 3970 B.

388 3985 469 4034 dente.
501 3986 537 4032 Et
552 3984 713 4033 Burctordus
729 3985 800 4031 uenit
814 3989 839 4032 et
849 3984 914 4032 dicit
963 3979 1037 4029 Peter
1048 3979 1093 4028 des
1103 3978 1211 4028 Roohes.

388 4051 454 4113 qood
469 4065 519 4098 aon
534 4050 591 4112 suit
608 4051 648 4097 tto
664 4049 753 4097 dotato
770 4049 832 4110 quio
847 4049 914 4096 idem
995 4045 1007 4077 ⁴
1024 4046 1166 4107 savoyae,
1177 4044 1208 4105 Δ,
1221 4043 1252 4092 B.

387 4115 544 4177 Repinoldm
558 4115 655 4163 oollam
666 4120 759 4162 terram
771 4113 859 4161 habuit
871 4113 913 4161 die
995 4109 1006 4142 ⁶
1022 4109 1078 4158 The
1097 4109 1155 4158 writ
1170 4108 1199 4158 of
1216 4110 1284 4157 Pone
1301 4108 1341 4157 ior
1357 4107 1490 4171 removing

387 4195 435 4242 qno
452 4183 533 4242 ipsam
554 4179 721 4242 despornanit,
743 4192 788 4226 mc
799 4192 848 4241 per
868 4191 911 4226 oo-
963 4173 1007 4224 the
1019 4173 1071 4223 suit
1082 4173 1150 4222 from
1160 4172 1205 4222 the
1216 4187 1274 4235 erre
1288 4175 1316 4222 to
1327 4172 1371 4222 the
1383 4173 1473 4222 bench.

388 4247 509 4296 motator
524 4259 595 4293 soom
611 4244 669 4292 inde
686 4244 787 4292 Minuit
801 4257 863 4299 eom,
875 4249 912 4291 ret
995 4238 1031 4272 Η
1047 4237 1178 4296 notinB;
1196 4237 1278 4287 Ahss
1288 4239 1491 4302 somecramped

387 4312 445 4360 tene
465 4311 588 4371 copnoscit
610 4308 676 4370 quod
695 4323 794 4370 presens
809 4309 866 4370 suit
888 4314 913 4355 et
962 4303 1052 4365 words,
1067 4301 1390 4364 Idoubttheysrethese.

387 4375 453 4437 qood
474 4388 602 4436 nunquam
621 4375 660 4421 ito
678 4373 735 4434 suit
751 4374 808 4435 ipso
825 4373 913 4422 dotato
962 4369 1039 4482 A⁷Ba
1055 4371 1095 4418 dic
1109 4369 1206 4417 Praete
1223 4370 1252 4416 io
1269 4375 1317 4418 tres
1328 4370 1487 4432 septimam,
