3276 5234
489 432 627 492 unsrun,
649 432 714 481 nu.
740 419 831 492 1229,
854 434 918 482 un
944 422 991 484 13.
1223 423 1284 490 273

185 608 274 678 terre,
294 608 328 666 et
357 622 458 665 unam
491 623 553 666 ecr.
584 601 670 688 preti
699 624 774 666 cum
803 610 884 688 pert.
915 603 950 668 in
980 603 1138 692 Litlebyri
1168 615 1206 672 ut
1235 607 1286 671 ius

182 725 275 768 suum
289 712 347 770 etc.

247 807 288 872 Et
301 807 441 874 Isabelle
455 832 516 896 per
530 817 731 874 attornstum
746 833 842 875 suum
857 811 950 876 uenit
971 820 1005 876 et
1021 812 1100 878 dicit
1115 813 1201 899 quod
1221 835 1284 879 non

179 908 277 974 debet
295 909 336 975 ed
355 910 415 976 hoc
435 911 539 976 breue
559 913 750 997 respondere
771 913 848 999 quia
861 913 1046 979 Willelmus
1065 915 1170 982 Luuel
1194 925 1285 982 tenet

177 1013 257 1078 inde
274 1037 372 1079 unum
394 1016 619 1081 molendinum
641 1024 676 1082 et
694 1039 722 1080 x.
745 1040 806 1084 acr.
828 1027 862 1082 et
881 1017 1053 1082 dimidium
1072 1019 1284 1106 mesuagium,

177 1129 213 1183 et
235 1119 341 1186 tenuit
365 1120 556 1206 priusquam
584 1121 682 1186 breue
713 1121 753 1186 de
782 1129 870 1186 recto
899 1121 1014 1186 fuisset
1041 1123 1283 1210 perpetretum¹

177 1229 212 1284 et
227 1220 304 1286 inde
317 1223 409 1307 ponit
423 1245 459 1287 se
479 1245 577 1309 super
596 1223 736 1288 iuratam
756 1223 860 1309 patrie
881 1231 916 1288 et
930 1223 1014 1288 bene
1035 1224 1182 1290 concedit
1197 1223 1282 1312 quod

176 1323 241 1389 nisi
262 1325 308 1390 in
329 1326 428 1391 fuerit
452 1327 540 1414 quod
561 1327 650 1413 ipse²
668 1327 889 1392 molendinum
913 1336 1032 1392 tenum
1055 1336 1090 1392 et
1111 1328 1282 1394 dimidium

175 1428 377 1514 mesuagium
391 1430 527 1494 amittet
536 1429 555 1496 ⁸.
574 1429 579 1516 Ι

240 1529 283 1593 Et
303 1530 471 1597 Johnnnes
490 1531 550 1596 hoc
576 1540 682 1598 totum
704 1531 850 1597 defendit
873 1539 908 1597 et
931 1532 1011 1598 dicit
1034 1533 1120 1619 quod
1137 1533 1283 1619 predicte
1336 1541 1401 1591 [ΨΜ

175 1631 313 1698 Imbella
327 1634 393 1698 fuit
407 1634 443 1699 in
464 1635 583 1700 seisinu
602 1635 643 1700 de
663 1645 733 1702 toto
753 1644 940 1702 tenemento
961 1637 1016 1702 illo
1037 1637 1089 1704 die
1105 1660 1167 1725 quo
1182 1639 1281 1704 breue

175 1737 237 1802 luit
247 1737 451 1824 inpetratum
467 1747 501 1804 et
516 1739 592 1805 inde
607 1741 700 1826 ponit
713 1763 747 1806 se
762 1763 860 1828 super
874 1741 1014 1806 iuratam
1023 1740 1042 1806 ⁴.
1072 1741 1160 1808 Dete
1174 1743 1282 1808 breuis

175 1841 321 1925 queritur
350 1851 385 1908 et
415 1844 480 1908 fuit
509 1845 710 1929 inpetratum
739 1845 800 1932 κη’.
826 1846 879 1911 die
906 1846 1102 1912 Nouembris
1127 1870 1199 1914 ann
1226 1847 1279 1934 xij.

175 1955 231 2010 etc
255 1954 290 2010 et
312 1946 387 2012 ideo
409 1947 467 2012 fiat
489 1946 565 2012 inde
587 1947 700 2014 iurato
746 1949 790 2014 Et
811 1956 1001 2035 preceptum
1025 1958 1075 2014 est
1098 1950 1280 2018 uiceoomiti

174 2047 258 2132 quod
271 2071 381 2114 coram
402 2072 440 2114 eo
460 2058 495 2114 et
515 2073 621 2116 coram
640 2051 828 2116 custodibus
845 2051 1038 2138 placitorum
1057 2076 1170 2120 corone
1186 2055 1279 2123 Dom.

174 2151 271 2238 Regis
297 2154 412 2219 uenire
441 2155 540 2220 faciat
570 2155 623 2240 xij.
655 2163 724 2232 etc,
753 2163 788 2220 et
816 2178 875 2241 per
903 2178 1014 2220 eorum
1043 2166 1279 2224 sacromentum

173 2255 348 2342 diligenter
367 2257 511 2344 inquiret
531 2257 559 2322 si
578 2256 724 2344 predicte
743 2258 883 2324 Isabelle
905 2259 1012 2324 tenuit
1034 2268 1138 2325 totam
1160 2269 1279 2328 terram

172 2355 261 2422 illem
276 2358 502 2424 molendinum
517 2367 552 2424 et
572 2359 775 2446 mesuagium
795 2360 849 2424 uel
869 2359 897 2424 si
917 2360 1081 2446 predictus
1096 2362 1279 2429 Willelmus

173 2459 224 2524 die
239 2483 306 2546 quo
321 2461 422 2526 breue
437 2469 496 2526 cte
514 2471 548 2526 et
562 2461 808 2548 inquisicionem
825 2471 883 2530 etc.
901 2465 1084 2550 perlitems
1099 2473 1159 2532 etc,
1174 2465 1279 2553 sigillo

174 2585 230 2628 suo
247 2571 284 2629 et
299 2564 398 2651 sigill'
413 2573 472 2629 etc
489 2573 523 2629 et
537 2587 596 2651 per
610 2567 690 2631 duos
705 2573 764 2631 etc
780 2567 866 2631 odie
882 2576 940 2632 etc

74 2681 130 2745 323„
236 2667 424 2755 ‘Margerie
440 2669 509 2734 filie
529 2669 672 2756 Philippi
692 2669 751 2735 filii
771 2671 899 2736 Alberti
918 2672 1004 2758 petit
1024 2695 1136 2738 uersus
1153 2675 1277 2740 Willel·
1327 2690 1407 2732 Donet

159 2791 260 2834 ¹mum
284 2771 453 2836 Abbotem
475 2771 516 2836 de
540 2772 743 2838 Middeltone
764 2773 840 2840 dim.
863 2774 974 2839 hidem
996 2783 1081 2840 terre
1102 2799 1176 2842 cum
1196 2787 1275 2863 pert.

171 2873 203 2936 in
217 2873 412 2960 Upsiteling
425 2881 464 2938 ut
483 2874 535 2939 ius
557 2897 653 2939 ouum
674 2875 760 2940 uude
775 2875 908 2962 quidem
922 2877 1079 2943 Albertus
1098 2865 1180 2944 auus
1200 2902 1277 2944 suus

170 2977 230 3042 fuit
245 2978 380 3043 seisitus
394 2978 429 3042 in
444 2977 604 3043 dominico
618 3001 676 3043 suo
691 2987 730 3044 ut
740 2979 781 3044 de
796 2979 888 3044 feodo
902 2989 963 3046 etc.
976 2989 1121 3068 tempore
1133 2983 1164 3048 J.
1177 2983 1277 3071 Regis

173 3091 317 3170 tempore
332 3083 420 3170 pacis
435 3084 590 3170 capiendo
604 3084 680 3150 inde
695 3085 825 3170 explete
839 3085 880 3151 ed
895 3087 1075 3152 uelenciem
1090 3087 1164 3152 dim
1181 3111 1274 3154 marc.

171 3194 226 3250 etc
250 3195 288 3250 et
312 3185 354 3251 de
376 3185 447 3272 ipso
475 3186 612 3251 Alberto
642 3186 807 3254 descendit
836 3187 887 3252 ius
916 3196 1001 3252 terre
1029 3189 1119 3256 illiue
1148 3189 1275 3256 cuidem

171 3290 323 3377 Philippo
346 3300 384 3356 ut
405 3291 472 3356 filio
493 3315 553 3357 suo
574 3299 609 3357 et
631 3291 742 3356 heredi
764 3300 798 3357 et
820 3292 860 3356 de
882 3293 1026 3378 predicto
1049 3293 1199 3380 Philippo
1220 3294 1276 3359 isti

170 3393 331 3483 Margerie
362 3404 401 3462 ut
430 3396 497 3460 filie
521 3395 698 3473 etheredi,
722 3405 756 3461 et
779 3396 865 3482 quod
891 3396 956 3462 tale
979 3395 1023 3460 sit
1046 3396 1097 3461 ius
1120 3419 1215 3462 suum
1241 3407 1275 3464 et

170 3499 254 3584 quod
277 3499 444 3586 predictus
461 3499 617 3565 Albertus
634 3500 683 3565 ite
704 3499 767 3565 luit
792 3500 922 3566 seisitus
945 3501 1039 3566 offert
1064 3501 1275 3566 disrecionere

170 3623 225 3687 per
260 3624 378 3688 corpus
413 3601 581 3668 cuiusdam
611 3601 704 3668 liberi
733 3601 872 3668 hominis
901 3603 952 3668 sui
986 3603 1156 3670 Duneoeni
1186 3603 1275 3669 Scoti

170 3706 301 3770 nomine
322 3705 379 3792 qui
401 3705 486 3771 uidit
509 3705 691 3792 predictum
709 3707 881 3772 Albertum
904 3707 953 3772 ita
973 3708 1120 3773 seisitum
1142 3715 1181 3772 ut
1203 3729 1275 3794 pre-

170 3807 296 3875 dictum
311 3815 435 3874 estete

201 4005 305 4055 ¹Gorr.
316 4007 484 4068 impetratum.
748 4011 838 4056 tenure
860 4005 883 4054 is
904 4004 976 4056 false.
1016 4005 1041 4056 lt
1062 4004 1085 4055 is
1107 4019 1123 4054 a
1144 4019 1272 4068 ungena

200 4070 212 4102 ³
229 4071 274 4120 Sic
291 4071 328 4130 B;
351 4073 391 4120 ita
406 4073 472 4134 qood
493 4072 611 4122 concedat
633 4073 699 4135 quod
748 4069 880 4136 jeopurdy.

170 4138 193 4184 n·
212 4151 263 4185 non
282 4143 365 4184 meat
382 4143 429 4186 etc.
449 4139 553 4186 omittat
569 4139 697 4196 saisinam,
780 4135 792 4170 ⁸
808 4135 910 4186 Ithink
920 4135 980 4186 thet
990 4135 1050 4186 here
1067 4133 1175 4198 Gopyist
1190 4135 1239 4184 No.
1257 4137 1272 4185 ³

171 4200 200 4249 C.
228 4200 605 4264 securueuxcepcoaper.
634 4201 698 4252 This
749 4203 821 4264 stopo
848 4200 902 4251 end
928 4201 1035 4265 copyist
1062 4200 1109 4252 No.
1141 4201 1155 4248 1
1183 4199 1273 4264 begins

171 4265 195 4313 is
204 4280 240 4315 en
251 4265 370 4315 imhnoe
381 4265 410 4315 ol
419 4281 436 4315 s
441 4268 515 4328 jocco
520 4269 644 4329 partitus,
653 4267 698 4317 the
749 4267 834 4330 egeln.

172 4334 435 4380 tenuntoonsentuto
451 4331 505 4381 lose
522 4331 557 4380 cll
575 4331 619 4381 the
635 4331 698 4382 land
780 4331 925 4396 ⁴patricm‚
938 4331 967 4382 0.
1000 4331 1068 4380 Here
1080 4329 1099 4380 C
1111 4332 1191 4394 stopo.

172 4395 230 4444 thet
256 4395 291 4444 he
312 4395 388 4453 holds
409 4397 433 4445 il
452 4397 474 4446 it
496 4396 527 4446 be
548 4396 642 4458 proved
665 4397 699 4460 by
781 4395 954 4455 ⁸B.m.sd;
972 4395 1115 4446 (med.

173 4461 279 4521 inquest
290 4460 349 4511 thet
360 4461 401 4510 hin
412 4460 471 4524 plen
482 4462 511 4511 ol
526 4460 622 4525 pertiel
633 4475 697 4511 non-

260 4575 294 4622 u.
1146 4562 1185 4622 18
