3276 5234
410 387 648 454 memmius,
670 393 736 441 uu
763 373 855 456 1220,
877 392 940 442 iu
964 379 1058 443 4-5.
1219 377 1283 446 253

183 561 268 647 quod
282 571 382 628 mater
395 585 455 628 sua
469 584 536 628 non
551 585 630 628 ausa
643 561 707 627 fuit
721 583 798 627 eum
812 561 951 628 retinere
970 571 1004 628 et
1023 586 1082 648 per
1094 563 1154 629 hoc
1169 563 1285 630 mimus

183 667 244 732 fuit
266 667 309 734 ad
329 667 538 735 nutriendum
558 669 656 734 matii
670 667 818 734 Falconis
838 667 1010 734 Boinnord’
1025 668 1074 733 ito
1093 668 1180 756 quod
1202 692 1284 734 nun-

183 791 278 856 quam
301 781 411 860 postea
431 795 531 840 ausus
550 772 614 838 suit
634 771 739 838 redire
761 771 803 837 ad
823 779 950 858 patrem
972 793 1068 836 suum
1091 781 1130 838 ut
1151 795 1225 838 oum
1248 795 1286 838 eo

182 896 303 942 moram
328 878 447 944 fooeret
468 885 504 944 et
525 877 587 943 hoo
612 871 707 942 offert
729 876 864 964 probare
886 876 972 942 siout
995 873 1085 942 o'uiio
1107 875 1286 942 considem-

181 979 273 1046 uerit

244 1083 289 1148 Et
311 1084 559 1150 Bartholomeus
583 1084 722 1171 quisitus
746 1084 787 1150 de
809 1107 874 1171 quo
895 1083 972 1150 auio
996 1105 1055 1148 suo
1079 1083 1196 1149 habuit
1217 1105 1285 1149 eus-

181 1185 338 1271 picionem
362 1210 421 1274 pro
448 1210 495 1268 o0,
521 1189 601 1254 dicit
626 1188 713 1275 quod
742 1187 852 1253 nescit
898 1187 1053 1268 Quesitus
1079 1185 1180 1252 eciam
1207 1187 1285 1275 quid

182 1289 256 1354 fecit
270 1291 401 1378 quando
421 1301 516 1380 poter
532 1316 610 1359 suus
632 1291 722 1371 obiit,
738 1301 773 1358 et
794 1292 822 1358 si
844 1299 923 1357 tunc
945 1290 1038 1356 uenit
1060 1290 1102 1356 ad
1124 1291 1285 1358 Comitem

182 1403 219 1458 ut
240 1395 371 1462 offerret
393 1397 426 1462 ei
448 1421 544 1463 suum
568 1397 765 1486 homagium,
791 1395 981 1483 dicitquod
1004 1394 1068 1460 fuit
1091 1395 1126 1459 in
1152 1395 1286 1460 seruioio

183 1497 316 1566 Comitis
338 1502 462 1591 Rogeri
483 1503 513 1568 le
538 1503 644 1592 Bigod
666 1501 789 1569 domini
811 1501 872 1579 sui,
895 1501 945 1566 ita
967 1499 1054 1586 quod
1072 1523 1138 1566 non
1160 1500 1224 1566 iuit
1244 1500 1286 1567 ad

183 1602 341 1672 Comitem
357 1607 399 1673 de
414 1607 518 1675 Clare.

242 1711 286 1778 Et
301 1713 462 1780 Osbertus
472 1713 553 1778 dicit
564 1713 650 1800 quod
665 1735 779 1779 reuera
792 1711 875 1778 bene
890 1719 1082 1798 potestesse
1098 1709 1184 1797 quod
1198 1709 1284 1775 idem

182 1813 426 1882 Bartholomeus
455 1825 541 1883 esset
570 1816 657 1882 filius
685 1815 798 1882 matris
827 1837 895 1892 sue,
918 1823 969 1880 set
998 1821 1095 1879 notus
1119 1813 1183 1878 fuit
1208 1823 1285 1880 onte

181 1915 461 2004 desponsationem
491 1918 605 1984 matris
633 1941 700 1996 sue,
724 1927 759 1984 et
787 1916 958 2004 intellipiu
989 1915 1075 2003 quod
1104 1915 1169 1980 fuit
1198 1916 1285 1983 filius

182 2019 398 2089 Bartholomei
413 2023 455 2089 de
471 2023 565 2090 Orela

241 2127 285 2192 Et
300 2127 380 2215 quia
394 2127 553 2193 Osbertus
567 2125 652 2192 dixit
666 2125 753 2213 quod
767 2125 1014 2191 Boi-tholomeus
1029 2147 1093 2191 non
1108 2123 1172 2189 fuit
1186 2125 1285 2192 frater

181 2253 252 2298 suus
267 2241 302 2298 et
317 2241 468 2320 preterea
487 2231 594 2298 uoluit
613 2253 732 2318 ponere
751 2254 786 2297 se
807 2231 842 2297 in
862 2253 1014 2318 magnam
1037 2233 1169 2300 assisam
1189 2232 1282 2300 Dom

181 2337 274 2427 Regis
296 2337 338 2403 de
361 2339 432 2404 iure
454 2339 509 2404 uel
535 2361 654 2426 ponere
676 2361 710 2404 se
733 2361 830 2426 super
855 2337 995 2424 patriam
1018 2338 1105 2424 quod
1126 2337 1284 2403 Ricardus

180 2451 267 2528 poter
280 2467 362 2508 suus
384 2466 551 2530 nunquam
571 2443 680 2509 tenuit
700 2441 840 2508 eundem
856 2441 1121 2508 Bmtholomeum
1145 2465 1203 2530 pro
1216 2441 1283 2507 filio

180 2570 232 2615 uec
246 2549 337 2615 idem
357 2549 604 2615 Bartholomous
624 2557 701 2614 anto
722 2555 859 2613 mortem
880 2546 1017 2634 predicti
1038 2547 1169 2613 Rimmi
1192 2546 1284 2612 uenit

179 2653 216 2718 ad
229 2677 307 2720 eum
328 2663 497 2740 tamquam
517 2651 559 2718 ad
579 2659 706 2739 patrem
728 2673 824 2716 suum
847 2673 907 2718 nec
928 2661 1002 2738 post
1023 2661 1160 2718 mortem
1182 2651 1284 2738 ipsius

179 2757 306 2824 Rimrdi
320 2758 442 2846 optulit
456 2757 644 2845 homagium
660 2765 695 2822 et
709 2755 868 2821 releuium
884 2779 980 2821 suum
995 2757 1116 2823 Oomiti
1131 2757 1172 2823 de
1188 2757 1283 2824 Olore

179 2863 306 2950 capitali
335 2862 466 2928 domino
492 2861 577 2928 feodi
606 2871 645 2927 ut
674 2861 762 2927 idem
789 2861 1036 2927 Bartholomeus
1061 2861 1222 2948 cognouit,
1249 2869 1283 2926 et

179 2977 322 3053 preterea
351 2965 439 3032 idem
469 2967 716 3031 Bartholomeus
745 2966 869 3031 nullom
899 2963 1124 3052 probooionem
1161 2963 1282 3050 optulit

179 3071 258 3158 quod
281 3079 370 3137 esset
392 3071 478 3137 lilius
502 3071 641 3149 Riomdi,
666 3069 914 3138 Oonsideratum
938 3078 988 3135 est
1014 3070 1100 3156 quod
1125 3069 1282 3136 osbertus

179 3183 285 3242 teneat
302 3185 423 3240 terram
438 3175 528 3241 illam
543 3175 578 3240 in
592 3197 680 3262 paee,
695 3183 730 3240 et
745 3174 992 3240 Bartholomeus
1011 3173 1046 3238 in
1066 3171 1282 3238 misericordia

178 3303 229 3368 pro
244 3283 327 3348 falso
342 3282 490 3360 clamore,
505 3280 583 3368 quia
596 3279 725 3366 loquela
738 3302 798 3344 sua
812 3301 898 3344 uana
912 3278 985 3356 luit,
999 3285 1034 3342 et
1049 3299 1153 3342 uacua
1160 3276 1178 3342 ¹.

93 3395 141 3461 tol
236 3387 372 3452 'Aesim
393 3386 487 3451 uenit
508 3384 714 3473 recognitum
733 3382 805 3470 quis
826 3381 1004 3448 aduocatos
1025 3389 1171 3468 tempore
1194 3380 1281 3467 pacis
1317 3401 1426 3446 nouom

178 3491 378 3579 presentauit
392 3489 544 3555 ultimam
564 3509 812 3576 personamque
833 3495 962 3551 mortua
981 3493 1031 3550 est
1051 3485 1094 3550 ad
1113 3484 1280 3550 ecclesiam

178 3595 215 3661 de
228 3596 462 3673 Aleinesmoru
477 3617 540 3682 que
554 3602 652 3660 uacat
666 3603 735 3672 eto,
751 3593 843 3658 cuius
857 3590 1104 3656 aduooacionem
1120 3590 1281 3656 Henrious

178 3697 292 3764 Ruffus
312 3699 432 3764 clamat
447 3721 561 3763 uersus
578 3699 747 3763 Decanum
765 3696 805 3762 de
821 3693 1020 3772 Herefordio,
1035 3693 1092 3780 qui
1112 3693 1205 3758 uenit
1224 3715 1282 3780 per
1293 3653 1423 3798 ἓξὲξ

177 3811 376 3868 ottomatum
406 3825 512 3881 suum,
534 3810 569 3866 et
598 3801 677 3866 tulit
702 3801 828 3866 litteras
857 3799 1008 3887 Episcopi
1037 3797 1281 3864 Herelordensis
1293 3795 1444 3892 mm

177 3903 387 3970 testificantes
399 3901 485 3989 quod
496 3902 630 3968 eeclesia
644 3925 708 3968 non
723 3909 827 3981 uacat,
839 3901 916 3988 quia
930 3901 1076 3988 Rogems
1089 3900 1130 3966 de
1146 3901 1280 3966 Lamore
1294 3889 1425 3976 322⁹&ss

1293 3981 1404 4033 parium

209 4097 690 4161 ¹Doubtlul‚butintelli9itinA,B.
788 4097 845 4148 Ἀ.
857 4111 893 4146 m.
906 4095 978 4157 15d;
995 4096 1026 4146 Β.
1037 4111 1073 4146 m.
1086 4097 1117 4147 14
1128 4097 1155 4148 d.

210 4165 349 4214 ’Brooton
367 4163 433 4213 uites
449 4163 503 4214 this
519 4177 577 4214 oete
593 4163 613 4213 1.
630 4165 662 4214 63
678 4165 703 4223 b,
787 4164 799 4196 ⁴
816 4163 893 4213 Some
904 4161 1019 4212 doctrino
1030 4162 1075 4212 Br.
1090 4163 1109 4212 f.
1127 4163 1216 4224 241b;
1235 4163 1280 4214 the

182 4229 230 4280 md
245 4230 322 4294 again
338 4229 357 4278 l.
375 4231 408 4279 66
426 4229 452 4278 b.
485 4227 540 4279 'l'lm
556 4233 650 4279 tonant
666 4245 703 4279 ro-
755 4227 870 4291 bishop's
896 4227 1035 4278 oertifiooto
1061 4227 1084 4277 io
1111 4231 1158 4278 not
1185 4229 1280 4292 always

183 4295 248 4346 uina
259 4296 304 4345 the
315 4293 380 4345 lond
390 4295 446 4345 sim
460 4295 550 4353 wiso,
561 4297 649 4344 iurato
665 4297 706 4344 ool
755 4293 916 4356 oonolusive;
941 4293 1088 4344 sometimes
1103 4293 1211 4357 bishops
1228 4295 1281 4346 will

181 4357 594 4478 wmadtlfflommdmt
608 4359 706 4423 having
756 4363 804 4410 not
815 4357 1009 4410 tellthetruth.

450 4439 507 4476 ons.
