3276 5234
325 451 389 516 220
500 447 639 533 [Hilory
661 443 729 512 aad
750 443 874 522 nacor,
898 457 963 509 nn.
988 443 1080 520 1228,
1105 457 1168 506 Am.
1194 429 1256 524 12]

324 633 492 699 hominum
529 633 570 698 de
607 632 720 697 eadem
757 638 844 696 terra
879 629 969 694 saluo
1005 627 1168 692 Randulfo
1205 627 1245 692 de
1283 625 1433 690 Karuilla

323 738 462 802 termino
491 758 550 801 suo
578 757 680 822 usque
711 735 898 800 adfectum
923 733 954 798 S.
982 733 1078 797 Mich
1105 731 1209 818 primo
1238 730 1432 817 preteritum

324 849 359 904 et
374 841 478 906 tribua
493 841 629 927 uirgatis
650 848 735 904 terre
750 861 831 926 quaa
850 838 942 902 dedit
962 837 1068 902 eidem
1087 836 1251 900 Randulfo
1271 835 1314 900 ad
1334 857 1432 922 quem

326 943 503 1006 terminum
518 943 634 1007 habuit
649 950 777 1018 terram,
793 941 879 1006 idem
900 939 1083 1004 Randulfus
1101 938 1239 1024 impedit
1259 937 1433 1024 quominus

324 1045 443 1110 seisina
472 1067 532 1110 sua
569 1045 620 1109 uti
656 1051 773 1130 potest,
802 1041 929 1108 deaiout
957 1041 1045 1106 idem
1074 1040 1211 1128 Egidiue
1239 1039 1316 1104 inde
1345 1038 1433 1124 cepit

324 1147 512 1234 homagium
537 1171 633 1213 auum
658 1155 692 1213 91
719 1147 783 1212 fuit
808 1147 843 1212 in
869 1147 988 1211 neieina
1009 1146 1050 1211 dc
1074 1145 1205 1210 redditu
1228 1144 1270 1210 de
1293 1143 1433 1208 termino

326 1251 358 1318 S.
381 1251 478 1316 Mich.
502 1252 647 1337 proximo
670 1250 827 1336 preteriti,
847 1249 896 1315 ita
917 1250 1004 1336 qnod
1018 1249 1203 1314 Willelmus
1224 1250 1324 1313 frater
1345 1249 1433 1312 Ran-

324 1354 404 1420 dulfi
434 1363 469 1419 et
497 1355 554 1419 alii
583 1354 704 1419 milites
740 1354 874 1418 fuerunt
909 1353 945 1417 in
981 1351 1076 1418 domo
1106 1351 1235 1439 quando
1264 1351 1432 1438 predictus

325 1457 461 1544 Egidiua
490 1457 567 1523 fecit
593 1459 624 1522 ei
653 1457 804 1522 saisinam
833 1479 935 1533 suam,
965 1464 1000 1520 et
1029 1465 1109 1520 tunc
1135 1453 1317 1520 dicebatur¹
1346 1455 1433 1540 quod

325 1561 425 1625 nichil
441 1560 631 1648 exigerunt*
644 1561 679 1624 in
695 1568 782 1624 terra
801 1559 858 1623 illa
877 1558 941 1623 nisi
961 1557 1138 1622 terminum
1153 1557 1255 1642 ipsius
1269 1555 1433 1633 Randulfi,

326 1672 360 1728 et
375 1663 469 1728 modo
484 1664 658 1750 impediuit
672 1663 825 1728 seisinam
840 1685 940 1728 suam.

391 1767 436 1831 Et
465 1766 648 1831 Randulfus
677 1766 770 1830 uenit
799 1775 834 1831 et
863 1765 1010 1830 defendit
1046 1765 1115 1829 uim
1145 1773 1180 1830 et
1216 1763 1369 1829 iniuriam
1398 1772 1433 1828 91

326 1869 407 1934 dicit
430 1868 517 1956 quod
543 1877 630 1933 terra
650 1869 708 1934 illa
730 1877 781 1934 est
804 1870 856 1934 ica
886 1876 920 1933 91
943 1877 1169 1933 tenementum
1192 1889 1288 1932 suum
1311 1875 1345 1932 et
1367 1889 1433 1930 non

327 1973 384 2037 wlt
419 1971 610 2057 respondere
647 1969 688 2034 de
725 1978 914 2036 tenemento
951 1971 1007 2035 illo
1044 1971 1113 2036 sine
1150 1978 1303 2056 precepto
1338 1970 1433 2035 Dom.

328 2078 436 2166 Regia,
447 2077 510 2142 nisi
525 2076 615 2142 curia
625 2075 901 2154 considerauerir,
913 2099 1028 2142 uerum
1040 2085 1151 2142 tamen
1160 2077 1201 2141 ob
1217 2075 1433 2141 reuerentiam

328 2183 421 2248 Dom.
448 2182 548 2268 Regis
577 2189 612 2245 91
640 2181 746 2246 iustic'
768 2182 844 2245 uult
870 2181 1039 2247 ostendere
1065 2189 1245 2246 warantum
1271 2204 1377 2257 suum,
1399 2187 1435 2244 et

327 2288 448 2373 profert
463 2285 697 2373 cyrographum
716 2285 840 2350 facturn
860 2287 947 2351 inter
966 2287 1073 2372 ipsum
1095 2294 1129 2350 et
1151 2284 1333 2371 predictum
1357 2284 1434 2370 Egi-

327 2391 418 2455 dium
433 2413 491 2475 per
505 2389 591 2475 quod
606 2389 722 2453 habuit
737 2389 915 2474 predictam
932 2396 1052 2453 terram
1072 2409 1175 2474 usque
1195 2387 1237 2452 ad
1256 2385 1434 2452 terminum

327 2493 428 2558 trium
458 2515 623 2557 annorum.
670 2493 795 2557 Profert
825 2491 927 2557 eciam
957 2499 1080 2556 cartam
1103 2489 1205 2576 ipsius
1235 2489 1345 2576 Egidii
1369 2513 1434 2576 que

327 2603 468 2661 testatur
496 2595 583 2681 quod
607 2585 698 2661 'idem
728 2597 864 2684 Egidius
893 2595 984 2660 dedit
1014 2594 1045 2659 ei
1075 2602 1140 2658 tres
1173 2594 1318 2681 uirgatae
1347 2601 1433 2660 terre

326 2723 400 2765 cum
420 2708 500 2785 pert.
523 2699 559 2764 in
582 2699 691 2765 Oestr'.
737 2701 862 2765 Profert
884 2701 987 2765 eciam
1010 2706 1132 2763 cartam
1155 2697 1302 2762 eiusdem
1325 2698 1435 2785 Egidii

326 2826 389 2890 que
412 2811 554 2868 testatur
575 2804 662 2890 quod
683 2803 769 2868 idem
793 2802 929 2888 Egidiua
959 2799 1050 2865 dedit
1073 2800 1104 2864 ei
1132 2823 1191 2886 pro
1220 2801 1370 2888 homagio
1400 2811 1436 2867 91

325 2908 459 2974 seruitio
481 2930 539 2973 suo
561 2915 666 2972 totam
688 2916 808 2972 terram
831 2907 871 2970 de
893 2903 1072 2972 Cestreton'
1087 2904 1156 2968 sina
1179 2904 1287 2990 aliquo
1307 2913 1436 2970 retene-

326 3021 446 3091 mento,
475 3013 597 3078 scilicet
632 3012 805 3098 capitalem
842 3009 1042 3075 mansionem
1072 3031 1146 3073 oum
1176 3015 1247 3072 toto
1276 3008 1437 3074 dominico

327 3125 450 3181 etcum
466 3117 615 3181 omnibus
629 3116 788 3204 homagiis
803 3123 837 3180 et
852 3113 1002 3180 omnibus
1016 3113 1089 3178 aliis
1108 3121 1188 3198 pert.
1210 3113 1385 3178 tenendam
1401 3122 1437 3178 et

327 3219 518 3297 habendam,
547 3221 588 3284 de
612 3220 705 3285 Dom.
729 3221 820 3306 Rege
846 3241 905 3304 per
929 3216 1103 3282 seruicium
1130 3215 1217 3301 quod
1248 3215 1289 3280 ad
1315 3223 1436 3280 terram

327 3324 417 3388 illam
439 3323 584 3408 pertinet
606 3331 665 3388 eto.
711 3323 836 3387 Profert
858 3321 961 3386 eciam
984 3320 1095 3385 literas
1117 3327 1269 3406 patentes
1290 3319 1437 3383 eiusdem

215 3463 216 3467 =
329 3425 507 3514 ΕΗ11111...4
521 3427 626 3491 1111919
652 3427 746 3492 uxori
771 3449 828 3492 sue
856 3425 943 3512 quod
967 3425 1118 3489 redderet
1145 3424 1176 3488 ei
1201 3423 1438 3510 cyrographum

327 3531 368 3595 de
388 3530 603 3595 conuencione
626 3531 712 3595 facta
732 3531 819 3596 inter
840 3529 955 3615 ipsum·
972 3526 1173 3592 Randulfum
1195 3534 1230 3590 et
1252 3526 1436 3612 predictum

328 3634 481 3722 Egidium
507 3634 548 3699 de
574 3635 720 3720 predicta
744 3641 837 3698 terra
884 3633 928 3696 Et
958 3630 1194 3718 cyrographum
1224 3638 1259 3695 et
1288 3639 1375 3695 carte
1401 3639 1439 3695 et·

326 3740 420 3805 litere
449 3747 600 3826 patentes
623 3760 733 3803 omnes
756 3745 834 3802 sunt
859 3737 1000 3823 sigillata
1027 3758 1092 3799 uno
1122 3743 1157 3800 91
1180 3734 1294 3800 eodem
1318 3734 1435 3821 sigillo,

215 3865 267 3916 [1.]
329 3851 365 3908 91
393 3843 473 3908 dicit
493 3841 499 3929 Ι
518 3841 603 3928 quod
627 3862 686 3926 per
708 3849 814 3905 cartas
835 3839 908 3904 illae
930 3839 1037 3904 estin
1059 3845 1248 3904 tenemento
1271 3861 1329 3903 suo
1353 3837 1440 3903 siout

330 3946 365 4012 in
380 3947 480 4010 libero
496 3951 683 4009 tenemento
699 3965 765 4009 suo,

396 4051 441 4115 Et
463 4048 599 4135 Egidius
621 4047 714 4112 uenit
740 4046 900 4112 9119119Β
926 4047 1090 4135 cognoscit
1116 4053 1240 4112 cartam
1266 4043 1307 4110 de
1334 4043 1440 4110 tribus

363 4201 564 4252 1011191111.
910 4200 934 4250 is
944 4203 1002 4250 not.

363 4266 442 4317 ²Sio.
942 4265 1073 4315 ‘Aword
1083 4263 1168 4315 which
1178 4264 1254 4315 looks
1264 4263 1317 4314 like
1329 4265 1422 4314 ducitis
1427 4281 1439 4322 ,·

363 4329 524 4380 ³Randolf'a
539 4329 667 4392 objection
685 4344 766 4380 reema
783 4333 811 4381 to
827 4330 860 4380 be
910 4331 1023 4395 perhaps
1034 4333 1152 4380 dicmur.

332 4397 391 4447 that
398 4396 431 4445 he
442 4395 465 4444 ia
476 4395 619 4445 frecholder
630 4395 683 4444 and
694 4410 743 4445 can
755 4396 818 4459 only
828 4396 860 4445 be
942 4397 953 4428 ³
970 4405 995 4446 et
1007 4397 1074 4454 hene,
1086 4393 1216 4457 repeated.

331 4460 452 4514 attached
462 4460 490 4510 in
502 4475 518 4511 a
529 4461 582 4511 real
594 4461 690 4519 action,
702 4460 787 4510 which
803 4461 859 4510 thia
