3276 5234
461 458 607 521 musar,
630 459 694 510 no.
718 445 811 522 1229,
834 459 900 510 aa
922 447 972 512 lt
1203 443 1269 512 -271

153 627 286 711 profert
301 628 411 694 literas
427 629 632 696 Eboriensis¹
654 632 897 720 Archiepiscopi
919 655 982 720 que
1005 639 1170 699 testantur
1189 632 1276 719 quod

154 730 314 815 predicta
327 732 489 819 Dyonisia
507 755 568 819 per
582 741 683 799 testes
698 735 875 820 legitimos¹
889 735 1125 800 Archidiacono
1139 735 1276 821 Noting'

153 832 196 896 de
236 857 341 900 causa
373 835 576 900 matrimonii
612 837 698 902 inter
733 837 841 923 ipsum
872 847 907 903 et
940 837 1123 924 predictum
1152 837 1276 924 Philip-

152 962 238 1024 pum
265 949 484 1027 cognoscente
513 941 713 1006 sufficienter
740 942 893 1027 probauit
914 943 1001 1028 quod
1023 943 1130 1008 dictus
1153 943 1276 1028 Philip-

152 1066 220 1130 pus
235 1045 295 1110 die
312 1045 346 1110 S.
360 1041 492 1108 Andree
513 1044 659 1129 proximo
679 1052 756 1108 ante
776 1067 927 1131 guerram
948 1045 1034 1110 inter
1048 1047 1078 1112 J.
1095 1045 1219 1132 Regem
1242 1054 1277 1111 et

153 1150 303 1214 bmones
326 1169 401 1213 suos
426 1171 500 1212 cum
528 1148 600 1234 ipsa
624 1149 786 1212 contraxit
811 1148 1055 1214 matrimonium
1081 1150 1170 1214 Data
1195 1159 1277 1236 aput

154 1251 298 1318 Snwell'
320 1253 386 1338 viij.
412 1252 476 1316 kal.
498 1252 631 1318 Januar.
656 1251 882 1338 pontificatus⁸
903 1274 988 1316 anno
1015 1252 1107 1338 xiiij0.
1152 1253 1278 1318 Profert

154 1353 267 1420 eciam
283 1355 366 1420 alias
382 1354 493 1418 literas
505 1361 657 1439 patentes
668 1353 771 1438 ipsius
782 1350 1027 1438 Archiepiscopi
1039 1375 1102 1438 que
1114 1361 1277 1418 testantur

156 1452 251 1538 quod
282 1453 354 1538 ipse
383 1451 557 1516 mandauit
586 1452 622 1516 P.
652 1451 881 1536 Wyntoniensi
904 1451 1063 1536 Episcopo
1086 1451 1172 1537 quod
1202 1475 1276 1518 cum

156 1555 251 1621 idem
279 1556 470 1642 Philippus*
494 1555 529 1619 in
558 1554 705 1619 Archid*
727 1554 863 1642 Noting'
884 1563 1042 1640 tanquam
1062 1555 1115 1620 uir
1141 1564 1176 1620 et
1196 1578 1278 1621 uxor

157 1659 343 1746 aliquando
369 1658 612 1724 cohabitassent
637 1655 892 1721 Archidiaconus
914 1655 1060 1722 eiusdem
1083 1657 1144 1722 loci
1166 1658 1278 1722 uolens

160 1763 252 1848 quod
283 1785 383 1848 super
412 1760 619 1826 matrimonio
648 1760 736 1824 inter
764 1781 819 1824 eos
848 1767 1014 1824 contracto
1050 1767 1090 1824 ut
1126 1759 1278 1826 dicebant

161 1867 302 1932 ecclesie
317 1867 412 1931 fieret
427 1867 524 1951 plena
543 1864 633 1942 fides,
652 1863 807 1950 predictis
829 1863 983 1950 Philippo
1005 1872 1040 1930 et
1060 1864 1216 1951 Dyonisie
1236 1865 1278 1930 ad

161 1969 374 2054 probandum
399 1967 646 2032 matrimonium
669 1966 772 2031 inter⁸
794 1974 999 2031 contractum
1029 1967 1116 2032 diem
1146 1968 1278 2054 prefixit

162 2095 230 2159 quo
245 2071 448 2137 adueniente
463 2070 709 2136 matrimonium
724 2071 811 2135 inter
829 2093 884 2135 eos
907 2079 1111 2138 contractum
1130 2071 1278 2159 legitime

161 2198 224 2261 per
239 2183 344 2240 testes
359 2173 448 2238 omni
464 2173 655 2259 exceptione
670 2173 807 2238 maiores
822 2173 1050 2258 probauerunt.

231 2279 278 2342 Et
295 2278 374 2364 quia
387 2277 531 2342 Ismania
545 2276 709 2363 cognoscit
724 2275 810 2362 quod
824 2275 896 2362 ipsa
910 2277 975 2341 fuit
998 2277 1192 2364 desponsata
1205 2287 1279 2364 post

164 2389 301 2467 tempus
327 2403 392 2466 quo
417 2381 488 2465 ipsa
517 2379 675 2466 Dyonisia
697 2379 803 2444 eidem
826 2379 977 2466 Philippo
1000 2381 1064 2446 fuit
1086 2379 1280 2468 desponsata

163 2485 253 2550 sicut
279 2483 359 2549 rec'⁷
382 2493 433 2548 est
456 2506 515 2570 per
540 2483 765 2548 testimonium
788 2484 891 2570 ipsius
920 2484 1162 2572 Archiepiscopi
1192 2487 1279 2571 quod

166 2590 239 2674 ipsa
268 2587 415 2651 Ismenia
435 2609 500 2651 non
526 2585 657 2664 dedicit,
681 2586 928 2653 Consideratum
952 2589 1109 2674 estquod
1131 2589 1280 2655 Dionisia

166 2690 244 2755 inde
275 2681 390 2775 quieta
418 2697 453 2754 et
482 2697 596 2754 teneat
624 2689 735 2754 dotem
765 2689 895 2754 nomine
925 2690 1027 2776 ipsius
1064 2692 1209 2780 Philippi
1245 2702 1280 2758 et

166 2793 316 2857 lemania
344 2793 380 2856 in
402 2791 628 2868 misericordia,
654 2799 689 2856 et
711 2792 913 2878 prohibitum
936 2801 986 2858 est
1008 2793 1040 2858 ei
1061 2817 1103 2859 ne
1125 2805 1281 2882 sequatur

166 2897 311 2982 amplius
348 2895 506 2981 placitum
546 2895 582 2959 in
618 2896 709 2961 curia
751 2896 977 2962 cristianitatis
1020 2906 1133 2964 contra
1175 2899 1279 2985 ipsam

166 3001 362 3086 Dyonisiam
399 3023 459 3064 nec
495 3008 610 3065 contra
645 3001 725 3065 alios
760 3001 890 3065 racione
926 3001 1012 3066 dotis
1055 3002 1279 3088 perquirendo.

166 3105 302 3192 Plegius
317 3103 405 3190 quod
419 3113 484 3168 non
498 3113 713 3191 prosequetur
726 3105 868 3191 amphus
883 3107 1000 3170 Petrus
1015 3106 1100 3170 filius
1115 3107 1237 3171 Arturi

96 3226 121 3286 ·,
232 3207 341 3272 ⁸Ada⁹
355 3207 396 3272 de
413 3207 444 3272 S.
463 3208 566 3272 Elena
580 3208 666 3294 petit
680 3230 794 3273 uersus
810 3208 974 3274 Othonem
995 3209 1100 3274 filium
1121 3209 1279 3276 Willelmi

166 3309 208 3395 xj.
225 3309 298 3374 libr.
314 3309 546 3396 sterlingorum
558 3331 638 3396 quas
649 3309 680 3374 ei
695 3309 793 3375 debet
809 3319 843 3374 et
858 3310 979 3376 iniuste
994 3310 1120 3377 detinet
1136 3321 1174 3377 ut
1189 3313 1278 3378 dicit.

166 3415 212 3479 Et
226 3413 317 3478 unde
339 3414 426 3478 idem
449 3413 637 3500 dicitquod
660 3414 823 3480 Heuricus
843 3413 884 3478 de
908 3413 940 3480 S.
965 3415 1068 3480 Elena
1090 3425 1184 3502 pater
1200 3440 1279 3482 suus

166 3517 261 3584 cuius
289 3517 383 3582 heres
406 3517 476 3604 ipse
504 3525 555 3581 est
578 3517 726 3582 denarios
747 3517 820 3582 illos
842 3517 873 3582 ei
895 3519 1108 3598 acomodauit‚
1130 3529 1165 3585 et
1193 3521 1280 3606 petit

166 3630 206 3686 ut
222 3621 312 3685 filius
323 3627 358 3684 et
372 3619 466 3684 heres
476 3619 578 3705 ipsius
590 3619 725 3684 Henrici
740 3627 775 3684 et
789 3621 911 3705 profert
923 3622 1070 3708 taylliam
1081 3631 1116 3688 et
1130 3623 1280 3709 producit

165 3736 292 3793 sectam
308 3747 372 3810 que
388 3733 530 3789 testatur
544 3723 630 3810 quod
644 3723 693 3788 ita
706 3723 853 3788 denarios
868 3724 940 3789 illos
955 3725 985 3789 ei
1000 3725 1106 3792 debet.

235 3831 282 3896 Et
298 3829 387 3895 Otho
406 3851 465 3915 per
485 3835 687 3892 attornatum
710 3849 805 3892 suum
828 3827 922 3892 uenit
944 3837 979 3892 et
1000 3829 1146 3894 defendit
1168 3839 1281 3896 contra

165 3957 245 4000 eum
273 3941 308 3997 et
332 3941 445 3998 contra
467 3939 589 3996 sectam
613 3930 699 4016 quod
720 3929 822 3995 nichil
845 3930 877 3994 ei
898 3930 997 3996 debet
1019 3940 1053 3996 et
1075 3932 1161 4018 quod
1187 3943 1280 4019 pater

199 4140 211 4172 ¹
227 4139 403 4198 Eborncenrr'a
417 4137 448 4186 Δ.
783 4137 794 4169 ⁴
811 4137 910 4200 supply
919 4144 944 4187 et
955 4138 1082 4198 Dfoafsfa,
1096 4137 1127 4187 A.

199 4203 432 4266 ’Supplycorcra
443 4203 475 4252 Δ.
783 4203 966 4261 ⁵Arcta‘da'crr',
978 4203 1015 4263 Δς
1037 4205 1261 4254 Archidiacoactu.

200 4269 332 4331 'Supply
342 4269 433 4326 ruth.
456 4267 556 4318 Walter
569 4267 640 4332 Gray
647 4281 700 4318 was
783 4267 969 4331 ‘Supplyeoa
982 4268 1013 4318 A.

165 4333 315 4385 translated
333 4337 361 4382 to
378 4333 448 4383 York
466 4335 497 4384 27
514 4333 604 4383 March
623 4334 698 4393 121&
783 4331 794 4366 ⁷
812 4331 898 4393 SicA3
909 4335 1063 4397 neophitum
1073 4347 1103 4384 or
1113 4335 1278 4385 recordatum.

166 4397 339 4512 οοιιωιοᾶΐὶθᾱ
349 4397 443 4460 bishop
454 4399 483 4448 of
493 4398 639 4450 Woroastsr
653 4399 700 4449 oth
783 4399 794 4495 Ξ
810 4398 842 4513 ἓ.
853 4412 889 4512 up
900 4399 943 4448 lt.

167 4467 228 4515 Oet.
292 4467 316 4512 4.
830 4463 854 4512 ic
889 4499 896 4514 .
