3314 5238
362 447 424 510 468
656 458 807 518 mrmrr,
829 457 892 506 an.
919 442 1011 516 1231,
1034 455 1096 504 aa
1122 443 1169 504 15.

363 629 507 694 Hawisia
536 651 600 694 non
629 629 738 715 potuit
767 629 827 694 hoc
850 625 1007 703 dedicere,
1029 624 1276 691 consideratum
1303 625 1471 710 estquod

362 732 480 798 Auicia
493 731 569 798 inde
583 733 652 798 sine
667 732 720 798 die
735 741 769 798 et
784 731 929 797 Hawisia
942 731 977 795 in
992 728 1216 794 misericordia

427 837 538 902 ¹Pri0r
567 837 607 902 de
634 836 1030 904 Bmdeleiaathachiatus
1053 834 1179 900 suited
1205 833 1467 920 respondendnm

264 941 287 970 ⁶⁸
361 940 525 1006 Willelmo
552 941 592 1006 de
619 939 816 1008 Siffrewall’¹
837 961 936 1026 quare
965 938 1053 1024 cepit
1082 937 1279 1003 escambium
1309 937 1350 1003 de
1379 946 1471 1002 terra

361 1043 462 1129 ipsius
486 1043 643 1108 Willelmi
671 1043 713 1108 ad
743 1043 922 1110 ueienciam
947 1042 973 1128 j.
995 1042 1076 1129 uirg.
1100 1049 1184 1106 terre
1215 1063 1289 1108 oum
1319 1050 1400 1128 pert
1430 1041 1469 1106 in

360 1147 540 1213 Hamstede
556 1171 654 1234 quam
669 1147 826 1212 Ricardus
841 1147 881 1212 de
897 1146 1051 1233 Hertrug'
1067 1145 1102 1210 in
1117 1145 1207 1212 curia
1220 1145 1345 1211 nostra⁸
1358 1169 1469 1212 coram

361 1251 501 1335 Hugone
520 1250 560 1315 de
576 1251 738 1315 Bathonia
758 1259 792 1315 et
807 1250 899 1314 sociis
916 1249 983 1314 suis
998 1271 1078 1335 quos
1098 1249 1191 1313 Dom
1208 1249 1287 1314 Rex.
1303 1249 1469 1314 constuit⁴

360 1353 552 1420 iusticiarios
566 1356 608 1421 ad
626 1355 686 1420 hoc
705 1355 910 1441 recuperauit
929 1375 1042 1418 uersus
1061 1353 1168 1438 ipsum
1183 1353 1384 1418 Willelmum
1407 1375 1467 1439 per

361 1455 492 1521 assisam
522 1456 634 1520 mortis
664 1456 873 1522 antecessoris
901 1455 976 1520 inde
1006 1463 1135 1540 captam
1165 1454 1252 1518 inter
1282 1455 1466 1540 predictum

361 1559 563 1625 Willelmum
592 1569 627 1624 et
661 1559 843 1646 predictum
874 1558 1049 1624 Ricardum
1079 1567 1114 1622 et
1142 1558 1229 1622 unde
1259 1558 1346 1624 idem
1375 1559 1469 1624 Prior

362 1663 493 1730 uocauit
513 1663 694 1750 predictum
711 1663 912 1728 Willelmum
932 1663 974 1726 ad
989 1671 1170 1726 warantum
1193 1683 1306 1726 uersus
1326 1662 1467 1728 eundem

362 1768 537 1833 Ricardum
551 1767 608 1852 qui
628 1767 721 1832 uenit
741 1775 776 1831 et
792 1766 822 1830 ei
837 1765 1059 1830 warantizauit
1074 1773 1113 1830 ut
1129 1774 1247 1830 terram
1263 1766 1352 1830 illam
1368 1789 1468 1852 quam

362 1881 455 1958 pater
469 1893 547 1936 suus
561 1870 694 1935 dederat
709 1869 821 1934 domui
834 1867 1094 1955 de·Bmdelegha
1108 1877 1157 1932 set
1173 1869 1370 1934 escambium
1389 1869 1467 1935 inde

363 1975 466 2039 secere
489 1996 553 2038 non
574 1973 690 2038 debuit
712 1982 750 2038 ut
772 1973 852 2038 dicit
874 1995 912 2037 eo
938 1972 1025 2058 quod
1046 1972 1147 2037 Alina
1175 1972 1299 2038 amica⁸
1328 1974 1468 2060 predicti

363 2075 493 2142 Ricardi
507 2076 547 2140 de
563 2076 655 2144 cuius
670 2085 772 2142 morte
787 2076 952 2162 predictus
967 2075 1125 2140 Ricardus
1139 2075 1217 2140 tulit
1231 2076 1364 2141 assisam
1376 2077 1467 2142 illam

363 2179 494 2244 seoffata
508 2179 571 2243 suit
586 2179 626 2244 de
642 2179 787 2264 predicta
807 2187 894 2243 terra
913 2200 933 2242 a
947 2178 1169 2264 predecessore
1191 2179 1329 2265 predicti
1348 2179 1469 2246 Prior-is

362 2291 533 2370 postquam
548 2291 641 2368 pater
656 2282 793 2369 predicti
805 2281 962 2346 Willelmi
977 2291 1095 2347 terram
1107 2281 1196 2346 illam
1209 2281 1343 2348 dederat
1354 2283 1468 2348 domui

363 2388 506 2474 predicte
521 2397 560 2452 ut
574 2387 660 2452 idem
677 2387 860 2451 Willelmus
874 2386 962 2452 dicit.

429 2493 472 2556 Et
487 2492 577 2556 Prior
591 2491 684 2556 uenit
702 2499 736 2556 et
751 2491 831 2555 dicit
846 2490 932 2576 quod
952 2491 1038 2556 iuste
1055 2491 1143 2576 cepit
1165 2493 1362 2558 escambium
1384 2493 1468 2558 illud

364 2595 441 2681 quia
470 2615 584 2662 reuera
609 2595 740 2681 quidam
765 2593 950 2660 Alnachus⁸
975 2603 1157 2660 antecessor
1186 2595 1288 2681 ipsius
1311 2597 1468 2662 Willelmi

363 2697 454 2762 dedit
479 2697 653 2784 aliquando
682 2697 811 2762 cuidam
841 2697 938 2762 Alina
967 2719 1025 2783 pro
1055 2697 1192 2762 seruicio
1221 2721 1280 2763 suo
1309 2723 1372 2785 que
1402 2701 1468 2766 suit

363 2801 486 2867 amica'
506 2802 643 2888 predicti
664 2801 794 2868 Ricardi
813 2801 894 2866 duas
914 2801 996 2888 uirg.
1011 2811 1096 2868 terre
1116 2825 1190 2868 cum
1211 2811 1290 2888 pert.
1312 2803 1346 2868 in
1362 2805 1466 2869 Ham·

363 2906 454 2972 stede
481 2929 539 2992 per
560 2906 733 2972 seruicium
755 2905 893 2972 duorum
915 2905 969 2972 sol.
991 2927 1050 2990 per
1071 2927 1144 2972 ann.
1167 2905 1402 2972 reddendorum
1425 2909 1468 2974 de

362 3009 508 3095 predicta
530 3018 617 3074 terra
638 3017 673 3076 et
694 3008 763 3093 ipse
784 3007 965 3074 attornauit
985 3005 990 3092 Ι
1009 3007 1182 3072 seruicium
1211 3007 1293 3074 illud
1321 3010 1467 3095 predicte

361 3113 472 3178 domui
495 3113 535 3178 de
557 3113 765 3199 Bradelegha,
781 3121 815 3176 et
837 3119 966 3176 mortua
987 3111 1132 3197 predicta
1149 3107 1249 3178 Alina
1270 3114 1357 3200 cepit
1378 3115 1467 3180 idem

361 3216 527 3284 Alnachus
550 3226 669 3283 terram
698 3217 787 3283 illam
817 3215 850 3280 in
881 3237 1014 3279 manum
1040 3237 1141 3292 suam,
1168 3215 1216 3281 ita
1243 3217 1328 3302 quod
1354 3227 1469 3304 postea

361 3321 495 3388 accessit
525 3321 615 3386 Prior
643 3320 684 3384 de
715 3318 918 3404 Bradelegha
945 3317 987 3382 ad
1017 3318 1124 3404 ipsum
1153 3319 1337 3385 Alnachum
1367 3331 1402 3386 et
1431 3322 1467 3386 in

362 3431 492 3490 tantum
519 3423 645 3488 locutus
671 3423 735 3487 fuit
763 3443 837 3488 oum
860 3444 898 3485 eo
921 3421 1007 3506 quod
1029 3421 1098 3506 ipse
1120 3421 1212 3486 dedit
1229 3422 1253 3508 j
1277 3423 1358 3510 uirg.
1381 3433 1466 3489 terre

361 3526 402 3591 de
433 3527 545 3592 eadem
575 3537 662 3592 terra
690 3549 748 3614 pro
777 3527 887 3591 anima
913 3526 1014 3612 ipsius
1040 3525 1138 3591 Alina
1167 3526 1269 3592 Priori
1295 3537 1330 3592 et
1355 3528 1468 3594 domui

362 3629 401 3694 de
433 3629 636 3718 Bradelegha
664 3629 796 3696 atinde
819 3629 942 3716 pmfert
965 3638 1087 3696 cartam
1113 3629 1215 3716 ipsius
1240 3631 1377 3696 Alcathi
1402 3655 1467 3719 que

363 3740 503 3798 testatur
532 3732 617 3819 quod
647 3733 733 3798 idem
762 3733 927 3800 Alnathus
956 3731 1048 3796 dedit
1077 3740 1112 3796 et
1144 3733 1300 3798 concessit
1335 3733 1395 3800 deo
1432 3745 1467 3800 et

363 3836 494 3902 ecclesie
518 3838 549 3902 S.
567 3837 668 3904 Maria
691 3837 732 3902 de
754 3837 958 3923 Bradelegha
979 3859 1078 3904 unam
1100 3836 1181 3924 uirg.
1198 3845 1283 3902 terre
1306 3837 1340 3902 in
1363 3838 1467 3902 Ham-

396 4027 562 4078 ¹B.m.1t.
597 4027 648 4077 For
664 4027 755 4077 earlier
771 4026 887 4090 proceed·
939 4025 993 4075 this
1009 4025 1124 4088 depende
1141 4025 1185 4096 the
1207 4025 1328 4088 question
1351 4025 1467 4078 whether

363 4095 475 4148 inrasae
487 4093 619 4142 casem.
719 4108 725 4125 ⁴
939 4090 983 4166 the
1003 4091 1080 4168 ¹Prior
1103 4091 1156 4141 hed
1184 4105 1236 4153 any
1257 4091 1334 4142 claim
1363 4093 1467 4154 against

395 4158 617 4282 terre
938 4155 1467 4284 resistentesque

394 4289 405 4320 ⁴
422 4287 492 4337 Gerr.
504 4289 643 4344 coroticum,
656 4287 686 4336 B.
938 4283 1024 4336 Alina.
1035 4285 1083 4335 has
1094 4285 1226 4336 recovered
1238 4285 1304 4336 from
1316 4286 1361 4338 the
1372 4287 1454 4338 Prior.

396 4353 406 4384 θ
422 4353 526 4416 hplain
539 4355 628 4410 amica,
646 4353 692 4402 but
709 4351 731 4400 it
748 4351 841 4400 should
858 4349 888 4399 be
970 4350 982 4382 ⁶
998 4353 1123 4400 Alncrhua
1134 4350 1301 4412 throughout,
1312 4351 1343 4400 B.

363 4421 448 4468 amita.
483 4417 595 4468 Richard
613 4418 636 4466 is
651 4417 698 4466 her
713 4432 796 4480 nepos.
832 4415 888 4464 The
970 4415 1169 4466 'Gemanica
1203 4415 1379 4468 thsoerr'tc
1394 4417 1464 4480 here,

362 4484 482 4548 question
493 4483 523 4542 is,
537 4483 594 4533 who
608 4481 732 4534 enieoflcd
748 4481 813 4530 her?
846 4481 887 4530 On
938 4479 1175 4530 butomiccabcve.
