3212 5230
354 429 417 492 316
658 439 798 499 nunni,
821 437 883 488 nn.
910 425 1003 501 1230,
1024 439 1087 489 nn.
1113 428 1160 489 14.

189 611 437 712 metamaucus
451 610 492 676 de
507 607 661 698 predictis
676 609 729 695 vij.
745 609 826 696 nirg.
873 608 917 673 Et
936 608 1009 674 ideo
1031 609 1280 676 Considerstum
1302 619 1353 675 est
1374 608 1463 697 quod

189 686 334 814 diffiid-
353 713 505 778 Muriells
524 711 729 798 recuperauit
751 711 902 776 seisinem
923 733 1015 776 suam
1036 720 1071 778 et
1092 712 1259 778 Johannes
1280 713 1316 778 in
1338 711 1465 777 miseri-

189 816 466 909 §.mmeritis
512 817 556 882 Et
577 815 744 881 sciendum
767 815 853 902 quod
875 816 1041 882 Johannes
1063 839 1128 882 non
1157 819 1251 882 uenit
1280 825 1315 882 et
1344 815 1464 881 habuit

188 908 333 1006 fflttt'ttt'?
353 919 441 985 diem
469 919 504 984 in
534 919 636 984 benno
665 927 836 1005 postquam
861 917 969 983 iurata
990 918 1054 984 fnit
1076 920 1310 986 resummonits
1331 929 1366 985 et
1387 919 1463 984 ideo

189 1002 331 1137 ἓξὲξ
353 1032 449 1138 eapte
463 1031 513 1087 est
528 1021 636 1086 iurata
650 1043 708 1108 per
722 1021 877 1087 defaltum
892 1021 963 1086 eius
981 1043 1019 1087 eo
1039 1021 1125 1109 quod
1146 1023 1210 1087 fuit
1229 1023 1270 1088 de
1291 1021 1464 1109 principali

190 1145 319 1322 effigi?
352 1126 617 1295 Plaelliidillelmus
642 1227 780 1294 Husesrl
801 1236 836 1292 st
857 1227 1021 1294 Galfridus
1043 1229 1074 1293 le
1094 1229 1309 1295 Wsterletere
1331 1252 1390 1316 per
1411 1241 1465 1294 at-

190 1341 319 1446 Nofflm
353 1341 497 1398 tornatos
525 1353 600 1396 suos
628 1339 748 1418 petunt
777 1353 890 1396 uersus
912 1333 1078 1398 Tetricum
1100 1335 1141 1400 de
1164 1335 1325 1422 Aldegste
1348 1334 1462 1399 dimid,

190 1453 334 1549 &diffir-
354 1460 416 1504 ner.
439 1445 525 1502 terre
551 1459 627 1502 eum
656 1444 737 1522 pert
760 1435 796 1501 in
826 1437 1013 1524 Stebbehey
1035 1446 1074 1502 ut
1095 1437 1147 1503 ius
1168 1461 1264 1504 suum
1287 1447 1346 1505 ete.
1370 1447 1405 1504 et
1426 1438 1465 1503 in

190 1545 336 1643 ffifflffi
352 1562 451 1625 quem
465 1539 645 1605 nonhabet
664 1538 846 1626 ingressum
866 1539 929 1604 nisi
951 1561 1009 1625 per
1029 1539 1231 1606 disseisinsm
1254 1564 1352 1628 quem
1373 1542 1464 1606 idem

237 1653 305 1704 [th]
354 1641 501 1706 Tetricus
520 1639 525 1728 t
544 1639 621 1704 feeit
643 1639 772 1726 Rogero
795 1639 941 1704 Husearl'
958 1641 1044 1726 patri
1068 1641 1162 1707 istius
1180 1643 1342 1736 ,willelmi
1370 1643 1466 1709 ouius

190 1717 342 1862 ἣξει
353 1739 446 1862 heres
460 1743 528 1829 ipse
544 1751 594 1808 est
609 1751 644 1808 et
658 1743 714 1808 isti
730 1743 874 1808 Gslfiido
888 1753 962 1830 post
978 1744 1083 1810 ultim’
1098 1753 1133 1810 et
1148 1743 1235 1810 unde
1258 1745 1359 1811 assisa
1376 1769 1465 1812 noue

189 1859 342 1948 mm
353 1847 520 1914 disseisine
534 1847 733 1912 summonite
748 1847 811 1912 fuit
828 1856 863 1912 et
877 1848 1033 1914 remansit
1047 1849 1147 1914 assisa
1158 1849 1314 1936 capienda
1325 1873 1363 1914 eo
1375 1850 1464 1936 quod

190 1965 234 2042 gfff
320 1972 329 1980 ·
353 1949 439 2014 idem
455 1948 602 2034 Rogerus
617 1947 699 2012 obiit
713 1957 790 2013 ante
805 1948 991 2034 ceptionem
1005 1949 1103 2014 assise
1119 1959 1179 2015 etc.

419 2051 463 2115 Et
485 2049 633 2114 Territus
655 2050 747 2114 uenit
770 2058 804 2115 et
826 2051 973 2116 defendit
996 2053 1083 2138 quod
1105 2075 1170 2118 non
1192 2053 1369 2118 disseisiuit
1391 2077 1465 2141 pre-

353 2153 456 2220 dictos
467 2154 669 2219 Willelmum
680 2162 715 2218 et
727 2155 910 2220 Gelsridum
922 2164 956 2220 et
968 2155 1043 2221 inde
1055 2155 1148 2243 ponit
1160 2179 1195 2222 se
1207 2179 1304 2244 super
1314 2157 1466 2224 iuratum.

354 2259 398 2323 Et
426 2258 500 2323 ideo
522 2257 634 2322 ueniet
656 2258 763 2323 iursts
786 2267 847 2324 ete.
872 2258 913 2324 ad
935 2261 1227 2348 recognoscendum
1250 2261 1277 2327 si
1299 2263 1468 2348 predictus

354 2363 502 2428 Terrieus
516 2363 693 2428 disseisiuit
710 2385 765 2428 sos
780 2372 839 2428 etc.

232 2475 305 2538 384.
420 2469 599 2534 ’Walterus
634 2467 720 2532 filius
754 2468 885 2533 Radulfi
919 2471 1136 2536 summonitus
1164 2471 1228 2536 fuit
1264 2472 1306 2536 nd
1334 2493 1468 2558 respon-

239 2572 297 2612 ⁸⁰'‘·
355 2574 498 2639 dendum
519 2572 543 2637 J
544 2571 663 2636 ohanni
683 2571 724 2636 de
745 2573 854 2659 Burgo
874 2595 973 2658 quere
994 2573 1097 2638 trahit
1114 2597 1190 2639 eum
1207 2575 1242 2639 in
1257 2574 1414 2660 placitum
1429 2574 1468 2640 in

356 2679 445 2744 euris
460 2676 596 2744 Comitis
611 2675 766 2740 Arundel’
781 2697 840 2761 per
853 2675 954 2740 breue
969 2675 1009 2740 de
1030 2687 1117 2742 recto
1139 2678 1180 2744 de
1201 2679 1379 2744 medietate
1401 2677 1467 2764 xvj.

356 2805 417 2848 ser.
433 2790 517 2846 terre
532 2803 607 2845 eum
622 2788 702 2867 pert
716 2780 750 2844 in
762 2780 950 2868 Aldeburgo
965 2803 1063 2867 quam
1078 2781 1290 2847 medietatem
1300 2782 1470 2868 predictus

192 2863 336 3010 {giffiffi
355 2888 379 2953 J
380 2888 522 2952 ohannes
544 2885 749 2971 recuperauit
770 2907 883 2950 uersus
905 2885 1044 2950 eundem
1065 2885 1248 2950 Walterum
1269 2909 1374 2952 eorum
1397 2887 1468 2952 ius-

192 3015 323 3095 ffizffl
357 2988 491 3055 tieiariis
505 2986 735 3052 itinerantibus
750 2987 784 3051 in
799 2987 957 3052 comitutu
972 2987 1144 3052 Norfolcie.

307 3108 335 3136 ¹·
424 3093 468 3157 Et
482 3091 647 3155 Walterus
661 3089 754 3154 uenit
769 3098 803 3154 et
818 3089 898 3156 dicit
912 3089 999 3176 quod
1013 3089 1184 3174 inplacitst
1199 3112 1275 3154 eum
1290 3113 1348 3177 per
1365 3091 1470 3157 breue

192 3158 345 3294 Ξξῑῖἓιξζᾱξῗ
358 3195 399 3260 de
419 3203 506 3260 recto
526 3193 604 3280 quia
622 3201 743 3258 terrum
762 3192 852 3256 illum
875 3193 985 3257 amisit
1004 3215 1111 3256 coram
1134 3191 1257 3256 eisdem
1280 3192 1471 3259 iustieisriis

193 3287 344 3424 ἓξὲξ
358 3321 416 3386 per
430 3299 592 3363 defaltum.
638 3297 681 3362 Et
699 3297 818 3383 quesiti
839 3307 917 3362 sunt
935 3297 1035 3363 rotuli
1055 3305 1090 3363 et
1110 3297 1285 3363 inuentum
1307 3309 1357 3364 est
1379 3301 1470 3386 quod

194 3392 346 3524 mags}
358 3403 445 3468 idern
466 3401 631 3467 Johsnnes
653 3401 858 3486 recuperauit
881 3401 1031 3466 seisinam
1052 3423 1145 3466 suam
1168 3423 1227 3487 per
1247 3401 1404 3467 iudicium
1426 3413 1471 3470 ut

193 3521 340 3566 ununtrotuli
358 3507 399 3572 de
422 3515 508 3570 terra
529 3527 592 3591 que
615 3503 679 3568 fuit
700 3505 869 3590 partibilis,
886 3514 920 3570 et
941 3505 1014 3570 ideo
1037 3505 1285 3571 Considerutnm
1309 3516 1358 3572 est
1379 3510 1470 3594 quod

193 3569 346 3707 ffffiffl·
359 3609 524 3676 Johannes
553 3615 666 3672 teneat
694 3607 729 3671 in
759 3629 838 3693 pune
869 3615 903 3672 et
929 3607 1094 3673 Walterus
1122 3608 1327 3674 custodiatur
1354 3619 1473 3697 postea

194 3676 309 3802 ffijffi‘
359 3713 486 3778 inuenit
501 3711 623 3798 plegios
638 3711 725 3797 quod
740 3710 781 3775 de
797 3719 904 3776 cetere
918 3733 983 3776 non
998 3721 1159 3798 sequetur.

235 3840 307 3902 335,
422 3814 598 3880 'deulfus
618 3815 659 3880 de
682 3815 802 3880 Tiuilla
823 3839 882 3902 per
903 3824 1103 3881 attornatum
1127 3841 1222 3882 suum
1245 3819 1331 3904 petit
1353 3843 1471 3887 uersus

248 3932 298 3973 M
360 3921 534 4007 Hugonem
556 3919 724 3984 Granndin
746 3920 856 3985 dimid.
878 3943 980 3985 carue.
996 3929 1079 3986 terre
1101 3944 1175 3986 eum
1194 3931 1276 4008 pert.
1292 3923 1327 3988 in
1345 3925 1470 4011 Aspele

360 4023 571 4088 Shitlindune
593 4032 628 4088 et
648 4023 855 4088 Paekesdene
873 4033 912 4088 ut
933 4023 985 4088 ius
999 4047 1094 4090 suum
1110 4034 1170 4090 etc.
1186 4035 1221 4091 et
1235 4026 1270 4090 in
1286 4049 1383 4114 qusm
1398 4051 1468 4094 non

195 4107 334 4204 difflue
360 4125 459 4190 hebet
481 4125 661 4212 ingressum
691 4125 754 4190 nisi
779 4149 838 4212 per
867 4127 1038 4192 Clarieism
1068 4127 1108 4192 de
1139 4128 1303 4194 Bereuills
1332 4153 1469 4197 uxorem

195 4203 347 4338 ἓξὲξ
359 4228 489 4294 Ricardi
503 4229 562 4293 filii
578 4229 740 4294 Euerwini
755 4231 911 4295 auunculi
926 4231 1028 4316 ipsius
1043 4230 1174 4296 Redulfi
1190 4255 1254 4318 que
1269 4255 1334 4298 non
1349 4234 1470 4304 habuit

195 4343 328 4442 &affl
359 4333 434 4398 inde
449 4331 511 4397 nisi
527 4332 637 4398 dotem
653 4341 711 4398 ete.
730 4342 763 4398 et
779 4333 855 4398 inde
870 4333 1018 4420 prudueit
1033 4344 1163 4401 sentem.

196 4437 305 4478 hebetetu-
500 4449 508 4481 1
527 4450 556 4499 Α,
569 4465 604 4499 ω,
617 4452 631 4500 9
644 4449 669 4500 d,
833 4452 998 4506 ²A‚m,9d,
1165 4455 1220 4507 Νι
1236 4471 1271 4506 m.
1286 4458 1325 4506 10.

197 4495 297 4536 smum,
308 4486 339 4524 set
