3360 5236
349 451 410 513 516
651 461 787 520 naama,
811 461 874 510 ao.
900 446 993 522 1232,
1015 459 1077 510 aa.
1103 449 1151 510 16.

347 633 551 696 uoluntatem
574 653 665 696 suam
688 639 747 694 etc.
794 629 838 693 Et
860 627 941 692 dicit
963 629 1050 714 quod
1072 629 1162 693 illam
1186 629 1286 695 habet
1308 653 1347 694 ex
1373 629 1458 694 dono

347 745 381 801 et
396 758 454 822 per
468 743 590 800 cartam
606 757 698 798 suam
714 756 811 819 quam
828 733 950 819 profert
965 732 1040 797 etc.¹

413 841 456 904 Et
472 840 533 904 Ela
547 839 640 903 uenit
655 846 689 902 et
704 837 850 902 defendit
866 837 918 912 ius
932 859 1027 900 suum
1040 845 1074 900 et
1086 835 1186 900 talem
1203 835 1384 924 ingressum
1399 857 1459 921 per

347 943 455 1029 ipsum
472 941 654 1006 Walterum
671 949 704 1004 et
719 939 799 1005 dicit
820 939 906 1026 quod
927 939 1026 1006 habet
1049 939 1229 1025 ingressum
1251 962 1310 1024 per
1331 948 1458 1024 patrem

347 1071 444 1112 suum
468 1045 525 1132 qui
550 1054 670 1110 terram
693 1043 783 1108 illam
804 1045 835 1108 ei
858 1043 951 1108 dedit
973 1043 1015 1107 ad
1036 1066 1070 1108 se
1093 1043 1312 1106 maritandum
1333 1051 1403 1119 etc,
1423 1049 1459 1105 et

346 1151 429 1214 bene
459 1148 606 1213 defendit
629 1157 751 1213 cartam
779 1155 813 1211 et
838 1147 982 1233 sigillum
1009 1155 1044 1210 et
1069 1154 1177 1210 totum
1203 1153 1238 1210 et
1263 1143 1339 1208 inde
1365 1145 1458 1230 ponit

347 1275 381 1317 se
397 1275 494 1338 super
510 1252 649 1338 patriam
665 1261 699 1316 et
715 1261 816 1315 testes
834 1250 1017 1314 nominatos
1031 1249 1066 1313 in
1081 1257 1179 1325 carta,
1195 1257 1229 1312 et
1250 1248 1333 1313 bene
1347 1248 1457 1312 delen·

347 1355 398 1420 dit
414 1355 500 1440 quod
515 1376 682 1440 nunquam
698 1361 817 1418 terram
834 1353 923 1416 illam
940 1351 970 1416 ei
985 1351 1083 1431 dedit.

415 1458 458 1523 Et
473 1458 638 1522 Walterus
653 1454 734 1521 dicit
749 1455 834 1542 quod
855 1455 947 1521 dedit
962 1455 993 1520 ei
1008 1463 1127 1518 terram
1144 1453 1234 1518 illam
1250 1462 1284 1518 et
1299 1453 1359 1518 hoo
1373 1454 1458 1519 bene

347 1569 441 1648 patet
463 1561 541 1646 quia
560 1560 735 1646 aliquando
753 1583 859 1624 coram
876 1559 1019 1624 Martino
1033 1559 1074 1623 de
1090 1559 1302 1623 Patheshulla
1317 1567 1351 1624 et
1366 1559 1459 1624 sociis

346 1666 532 1731 iusticiariis
553 1665 784 1730 itinerantibus
806 1664 841 1728 in
861 1687 940 1729 com.
962 1663 1052 1728 Norf.
1073 1663 1161 1748 apud
1184 1662 1285 1727 Lenn’
1305 1662 1460 1726 Priorissa

347 1769 389 1834 de
412 1767 538 1835 Carbo*
559 1768 767 1854 inplacitauit
789 1767 969 1854 predictam
993 1767 1087 1831 Elam
1110 1767 1150 1830 de
1174 1789 1223 1831 xv.
1239 1789 1300 1830 acr.
1316 1773 1401 1830 terra
1417 1767 1458 1831 de

348 1872 461 1936 eadem
485 1881 580 1948 terra,
603 1880 636 1935 et
659 1871 731 1956 ipsa
752 1870 798 1935 ibi
821 1869 987 1955 respondit
1009 1869 1095 1956 quod
1117 1891 1181 1932 non
1204 1869 1313 1955 potuit
1339 1879 1458 1934 terram

348 1974 438 2038 illam
461 1973 578 2038 lucrari
600 1997 660 2038 nec
682 1973 816 2059 perdere
839 1973 916 2058 quia
937 1972 1008 2058 ipsa
1028 1971 1128 2036 nichil
1149 1971 1224 2036 inde
1245 1973 1361 2038 babuit
1381 1975 1459 2060 quia

349 2077 418 2164 ipse
438 2077 604 2142 Walterus
626 2078 690 2142 fuit
712 2077 788 2141 inde
813 2077 848 2140 in
875 2075 1001 2152 saisina,
1022 2083 1056 2139 et
1081 2075 1157 2139 inde
1182 2075 1276 2160 ponit
1302 2098 1336 2140 se
1362 2098 1459 2161 super

349 2181 472 2246 rotulos
487 2181 527 2244 de
543 2180 668 2245 itinere.
713 2179 831 2244 Postea
851 2179 944 2242 uenit
959 2177 1124 2241 Walterus
1138 2185 1173 2241 et
1189 2177 1268 2242 dicit
1288 2177 1374 2263 quod
1389 2178 1460 2264 ipsa

278 2279 281 2288 ’
349 2283 441 2347 dedit
465 2282 495 2346 ei
519 2290 638 2346 terram
665 2279 755 2344 illam
782 2289 816 2346 et
842 2303 900 2366 per
929 2288 1051 2344 cartam
1081 2302 1171 2344 suam
1203 2288 1237 2344 et
1266 2279 1342 2343 inde
1372 2281 1459 2364 cepit

349 2386 536 2472 homagium
552 2407 647 2450 auum
663 2407 720 2470 pro
735 2407 759 2449 c.
776 2383 831 2448 sol.
848 2407 927 2470 quos
942 2383 1011 2469 ipse
1027 2383 1058 2448 ei
1073 2383 1171 2448 dedit.

416 2490 458 2553 Et
490 2489 550 2552 Ela
579 2488 639 2552 hoo
670 2497 777 2550 totum
809 2485 963 2552 defendit.
1018 2487 1062 2550 Et
1088 2487 1161 2550 ideo
1188 2497 1378 2574 preceptum
1409 2497 1459 2554 est

349 2591 533 2656 uicecomiti
554 2589 640 2676 quod
661 2611 767 2654 coram
782 2611 820 2652 eo
836 2597 869 2652 et
885 2611 991 2652 coram
1006 2588 1194 2653 custodibus
1209 2599 1269 2654 etc.
1286 2591 1458 2657 conuenire

349 2694 446 2758 faciat
462 2693 515 2778 xij.
532 2700 600 2756 tam
617 2691 738 2755 milites
753 2698 812 2754 etc.
829 2699 864 2754 et
879 2713 937 2775 per
954 2713 1065 2755 eorum
1088 2701 1327 2756 sacramentum
1348 2705 1417 2770 etc,
1431 2694 1460 2759 si

348 2797 496 2882 predicta
525 2795 586 2858 Ela
611 2793 703 2858 dedit
730 2802 850 2858 terram
876 2793 966 2857 illam
992 2793 1055 2880 ipsi
1080 2793 1226 2859 Waltero
1252 2818 1311 2881 per
1336 2809 1458 2862 cartam

348 2923 440 2964 suam
459 2907 494 2963 et
513 2898 540 2962 si
560 2897 647 2983 cepit
669 2897 744 2961 inde
767 2897 954 2982 homagium
976 2920 1081 2974 suum,
1097 2907 1131 2962 et
1146 2899 1174 2964 si
1189 2899 1276 2964 idem
1292 2901 1457 2966 Walterus

349 3026 505 3090 umquam
528 3011 600 3088 post
621 3002 742 3066 donum
757 3002 839 3066 illud
855 3002 919 3065 fuit
934 3001 966 3065 in
983 3003 1102 3066 seisina
1116 3002 1156 3067 de
1172 3004 1285 3068 eadem
1302 3014 1389 3070 terra
1402 3029 1461 3091 per

350 3105 480 3192 aliquod
496 3113 635 3190 tempus,
650 3113 684 3168 et
700 3104 727 3167 si
743 3127 800 3190 per
814 3103 945 3190 aliquod
966 3113 1096 3190 tempus
1118 3113 1197 3170 tunc
1219 3129 1278 3192 per
1299 3117 1459 3194 quantum

350 3217 490 3294 tempus,
513 3217 547 3272 et
573 3208 601 3271 si
630 3207 740 3292 aliqua
769 3207 900 3292 expleta
929 3207 1016 3292 cepit
1042 3207 1129 3271 unde
1153 3207 1234 3272 dicit
1260 3210 1346 3294 quod
1372 3213 1461 3297 cepit

351 3336 402 3378 xx.
418 3313 482 3390 sol,
497 3321 532 3376 et
547 3311 574 3376 si
595 3311 682 3375 idem
698 3311 863 3375 Walterus
884 3334 942 3396 pro
964 3311 1139 3376 donacione
1162 3313 1219 3377 illa
1240 3314 1331 3379 dedit
1353 3315 1460 3380 eidem

352 3417 411 3481 Ele
436 3440 461 3480 o.
485 3416 538 3480 sol.
562 3415 616 3479 uel
639 3438 712 3492 non,
737 3424 770 3478 et
793 3414 1040 3500 inquisicionem
1062 3415 1174 3480 uenire
1197 3417 1294 3481 faciat
1319 3425 1379 3483 etc.
1402 3441 1462 3505 per

351 3521 462 3584 literas
477 3527 511 3584 et
527 3541 585 3604 per
602 3519 683 3583 duos
703 3528 762 3583 etc.
778 3519 856 3604 quia
878 3518 974 3582 ambo
997 3528 1123 3604 ponunt
1145 3541 1179 3583 se
1201 3543 1299 3606 super
1320 3522 1460 3588 iuratam

352 3625 449 3690 illam

417 3727 580 3792 Robertus
591 3726 631 3790 de
645 3726 676 3790 N
679 3725 839 3790 eucumba
852 3725 1059 3790 atbacbiatus
1074 3727 1137 3790 fuit
1149 3727 1190 3792 ad
1201 3729 1460 3814 respondendum

354 3832 424 3896 Elie
446 3831 487 3895 de
511 3832 629 3896 Stanes
651 3853 749 3916 quare
770 3830 870 3894 traxit
889 3853 965 3896 eum
980 3831 1015 3894 in
1030 3831 1186 3917 placitum
1202 3832 1236 3896 in
1252 3833 1341 3897 curia
1359 3833 1363 3921 Ι
1384 3835 1461 3900 cris·

354 3933 514 3997 tianitatis
530 3933 569 3997 de
585 3933 710 3997 catallis
725 3955 787 4018 que
803 3955 867 3997 non
883 3941 960 3998 sunt
975 3941 1035 3997 etc.
1082 3933 1125 3997 Et
1141 3933 1303 4000 Robertus
1318 3937 1410 4002 uenit
1425 3949 1461 4003 ct

353 4036 515 4122 cognoscit
537 4036 624 4121 quod
645 4035 714 4120 ipse
737 4035 824 4099 Elias
840 4035 1012 4122 aliquando
1027 4059 1134 4101 coram
1149 4037 1334 4103 iusticiariis
1348 4040 1460 4105 itiner-

353 4141 485 4205 antibus
514 4139 725 4226 inplacitatus
755 4141 818 4204 fuit
847 4163 905 4228 per
931 4140 1104 4228 quamdam
1135 4141 1267 4206 assisam
1296 4143 1345 4207 ita
1373 4145 1460 4230 quod

385 4345 395 4378 ¹
412 4345 511 4396 Walter
527 4361 586 4409 says
603 4343 662 4396 that
678 4345 729 4396 Ele
745 4361 808 4410 gare
823 4345 880 4396 him
963 4345 1013 4395 ’Δ
1035 4361 1158 4409 nunnery
1180 4345 1209 4395 in
1231 4345 1276 4396 tho
1298 4345 1410 4396 suburbe
1431 4349 1462 4398 ol

353 4411 478 4526 ltlqulaod
494 4411 546 4461 and
563 4412 622 4460 that
639 4411 671 4460 he
688 4411 801 4460 demised
819 4412 840 4461 it
852 4417 879 4460 to
931 4411 1061 4462 Norwich.
1091 4412 1206 4461 Monast.
1218 4412 1268 4460 rol.
1282 4413 1306 4466 4.
1319 4427 1344 4474 p.
1354 4414 1394 4462 68.
