3360 5236
508 461 658 520 mmm,
680 459 743 508 nn.
770 447 863 519 1233,
886 459 946 508 aa
973 442 1022 510 17.
1252 445 1314 506 583

208 632 383 698 terminum
398 632 456 718 qni
471 631 619 718 preteriit
634 641 704 708 etc,
719 641 753 696 et
769 631 851 696 bene
867 630 980 696 dicunt
1001 630 1086 716 quod
1108 631 1176 717 ipse
1191 631 1315 695 dimisit

208 735 439 800 terramillam
462 734 503 800 ad
527 735 702 800 terminum
726 735 767 800 ix.
790 757 947 798 annorum
974 743 1008 798 et
1026 756 1085 816 'ses
1112 733 1190 798 anni
1215 733 1316 818 elapsi

207 847 284 904 sunt
300 839 384 924 quod
399 838 558 904 terminus
572 837 722 924 preteriit
737 847 796 904 eto.

274 942 317 1005 Et
331 941 422 1006 Jarlo
437 942 529 1006 uenit
545 951 579 1006 et
598 941 678 1006 dicit
698 942 784 1028 quod
805 941 954 1006 ieoffatus
974 940 1037 1006 fuit
1058 963 1115 1026 per
1134 941 1314 1027 predictum

208 1044 391 1110 Johannem
417 1052 451 1109 et
477 1067 536 1130 per
560 1053 683 1109 cartam
710 1067 811 1120 suam,
834 1052 884 1108 set
911 1043 1102 1129 dicitquod
1128 1043 1316 1108 nonhabet

208 1154 329 1214 cartam
344 1169 436 1212 suam
452 1147 485 1212 in
502 1147 653 1234 presenti,
669 1154 704 1211 et
717 1146 803 1233 petit
819 1147 905 1232 quod
920 1169 992 1210 eam
1013 1145 1131 1211 habere
1152 1153 1260 1232 posset
1275 1145 1317 1210 ad

209 1250 309 1316 alium
339 1249 436 1327 diem,
462 1262 496 1316 et
520 1251 603 1316 bene
631 1250 777 1316 defendit
803 1251 889 1336 quod
918 1251 1007 1315 illam
1037 1273 1102 1315 non
1130 1250 1247 1316 habuit
1275 1251 1317 1315 ad

208 1353 385 1418 terminum
401 1361 461 1420 etc.

272 1458 318 1522 Et
333 1457 491 1541 Ricardus
506 1457 611 1522 etalii
626 1480 684 1542 per
698 1465 879 1521 attomatos
894 1480 968 1522 suos
988 1457 1101 1522 dieunt
1122 1457 1208 1544 quod
1227 1457 1316 1522 illem

209 1561 324 1626 habuit
346 1559 389 1626 ad
411 1559 587 1626 terminum
609 1561 787 1626 secundum
809 1562 895 1648 quod
916 1563 1097 1648 predictum
1119 1571 1177 1638 est,
1192 1571 1226 1627 et
1241 1562 1317 1626 inde

209 1664 331 1728 habent
353 1672 475 1730 sectam
497 1664 711 1730 sufficientem
734 1673 792 1729 etc.
840 1665 883 1728 Et
905 1665 1088 1750 producunt
1110 1673 1231 1730 sectam
1254 1688 1317 1751 que

209 1767 308 1832 nichil
333 1765 429 1832 inde²
455 1767 516 1832 scit
542 1789 602 1832 nec
627 1765 751 1852 aliquid
777 1775 919 1832 testatur
943 1791 1003 1833 nec
1029 1769 1092 1853 ipsi
1119 1768 1243 1854 aliquid
1268 1769 1318 1833 in·

209 1881 428 1938 strumentum
442 1871 626 1958 producunt
641 1894 701 1936 nec
715 1872 812 1937 eliud
859 1873 903 1938 Et
923 1872 996 1938 ideo
1014 1857 1251 1938 consideratum
1267 1883 1318 1938 est

209 1975 295 2061 quod
316 1975 407 2040 Jarlo
428 1975 505 2040 inde
529 1976 660 2062 quietus
685 1983 720 2040 et
742 1977 901 2043 Ricardus
926 1978 961 2042 in
987 1977 1222 2044 misericordio'
1246 2001 1318 2065 per-

209 2079 339 2166 quirant
353 2079 416 2146 sibi
431 2103 488 2166 per
502 2079 602 2144 breue
617 2080 657 2144 de
673 2088 761 2145 recto
776 2081 804 2145 si
818 2082 990 2147 noluerint.

151 2235 160 2256 .
275 2183 431 2270 Magister
457 2184 619 2249 Robertus
644 2183 685 2250 de
712 2185 849 2271 Bilneya
874 2187 1073 2252 attachiatus
1097 2187 1160 2252 fuit
1186 2186 1228 2252 ad
1253 2210 1317 2252 res·
1399 2223 1436 2250 or.

210 2285 416 2372 pondendum
432 2285 596 2350 Willelmo
610 2285 651 2350 de
672 2285 832 2351 Mein-mid
853 2288 953 2352 Garin
974 2311 1072 2375 quare
1093 2291 1201 2354 tenuit
1221 2291 1319 2377 placi·

199 2393 282 2458 'tum
297 2391 332 2456 in
351 2391 441 2456 curia
460 2391 685 2457 cristianitatis
706 2392 747 2458 de
768 2393 858 2480 layco
879 2394 972 2460 feodo
992 2395 1094 2482 ipsius
1109 2396 1265 2461 Willelmi
1285 2397 1320 2462 in

211 2497 423 2562 Gememuwe
450 2505 562 2562 eontra
591 2497 853 2583 prohibicionem,
877 2507 912 2564 et
941 2499 1028 2564 unde
1057 2500 1205 2586 queritur
1233 2502 1319 2587 quod

210 2601 318 2666 tenuit
340 2599 496 2687 placitum
519 2601 560 2666 de
582 2601 709 2666 duobus
731 2603 906 2690 mesuagiis
929 2611 963 2668 et
986 2603 1026 2668 de
1050 2604 1175 2669 catallis
1199 2604 1240 2670 xl.
1263 2605 1316 2670 sol.

211 2703 296 2770 node
319 2704 533 2770 deterioratos
555 2714 605 2770 est
627 2714 662 2771 et
682 2706 861 2793 dampnum
881 2707 981 2772 habet
1001 2706 1043 2772 ad
1065 2707 1245 2772 ualenciem
1267 2731 1317 2773 xx.

211 2831 305 2874 marc
321 2815 356 2872 et
370 2807 446 2873 inde
462 2807 610 2894 producit
626 2817 756 2873 sectam.

276 2913 320 2978 Et
346 2913 503 3000 Magister
527 2913 690 2978 Robertus
716 2914 809 2978 uenit
839 2924 872 2979 et
902 2914 1047 2979 defendit
1076 2913 1163 3000 quod
1192 2913 1319 2978 nullum

212 3017 367 3102 placitum
397 3016 506 3082 tenuit
534 3025 595 3100 etc.
625 3025 737 3083 eontra
765 3019 1019 3104 prohibicionem
1050 3027 1109 3084 etc.
1156 3019 1199 3082 Et
1231 3025 1319 3082 secte

212 3117 388 3184 Willelmi⁸
409 3119 593 3184 examinata
613 3129 662 3184 est
682 3129 717 3184 et
735 3128 876 3186 testatur
890 3121 976 3208 quod
992 3121 1100 3186 tenuit
1114 3120 1271 3206 placitum
1286 3121 1320 3184 in

213 3222 301 3287 curia
315 3221 539 3288 cristianitatis
554 3221 594 3286 de
610 3223 758 3288 robberia
771 3224 812 3289 xh
826 3224 880 3288 sol.
918 3225 963 3287 Et
978 3223 1056 3309 quia
1066 3223 1166 3288 breue
1177 3223 1322 3308 loquitur

214 3331 343 3388 tentum
365 3321 406 3388 de
428 3323 518 3409 layeo
540 3323 641 3401 feodo,
663 3332 698 3389 et
720 3323 823 3390 seeta‘
846 3335 988 3390 testatur
1012 3326 1098 3412 quod
1121 3326 1162 3391 de
1188 3327 1321 3404 catallis,

214 3427 285 3492 ideo
300 3427 537 3492 consideratum
552 3436 603 3494 est
623 3429 711 3515 quod
730 3430 887 3517 Magister
907 3431 1069 3496 Robertus
1084 3431 1159 3496 inde
1175 3431 1243 3496 sine
1259 3431 1321 3508 die,

215 3538 249 3594 et
264 3529 448 3594 Willelmus
463 3529 498 3594 in
512 3529 734 3598 misericordia
870 3611 873 3618 ¹

159 3689 165 3704 ,
279 3631 335 3696 R!
351 3631 469 3698 Comes
482 3633 690 3724 Marescallus
705 3657 762 3720 per
776 3645 978 3701 attornatum
993 3659 1088 3702 suum
1109 3639 1194 3724 petit
1209 3661 1322 3704 uersus

215 3735 410 3802 Nieholaum
433 3736 473 3802 de
498 3737 618 3824 Olausy
640 3740 726 3825 quod
755 3741 869 3806 reddat
896 3742 927 3806 ei
953 3741 1132 3807 Robertnm
1159 3743 1263 3807 filium
1287 3753 1321 3808 et

215 3842 366 3907 heredem
387 3843 491 3907 Rann’
506 3842 547 3908 de
567 3844 689 3908 Affrica
708 3845 800 3910 cuius
820 3846 967 3910 custodia
987 3847 1028 3911 ad
1051 3847 1157 3933 ipsum
1180 3848 1322 3932 pertinet

215 3969 252 4010 eo
268 3945 354 4032 quod
368 3946 454 4012 idem
470 3947 550 4012 Rad'
566 3947 606 4014 de
622 3971 660 4014 eo
675 3949 784 4014 tenuit
798 3973 857 4036 per
870 3951 1044 4016 seruioium
1060 3949 1210 4026 militare,
1226 3958 1284 4014 eto.

281 4050 325 4114 Et
354 4049 531 4115 Nieholaus
561 4051 654 4117 uenit
681 4061 715 4120 et
752 4053 832 4119 dicit
868 4055 955 4141 quod
992 4077 1056 4120 non
1094 4053 1193 4118 habet
1230 4054 1322 4120 illum

249 4230 256 4262 ¹
275 4230 357 4279 nichil
373 4231 431 4278 inde
448 4229 534 4280 interl.
552 4230 585 4294 by
596 4233 743 4282 annotator.
795 4235 823 4281 to
840 4231 1018 4282 examinatior
1035 4231 1063 4280 oi
1078 4230 1123 4280 the
1141 4229 1202 4290 suit,
1221 4247 1262 4282 ree
1278 4233 1322 4283 Br.

220 4297 269 4346 See
280 4295 323 4344 Br.
336 4295 354 4343 i.
366 4295 423 4344 ³20.
795 4298 813 4347 i.
826 4298 883 4346 410.

249 4359 260 4391 ‘
277 4359 375 4422 Supply
386 4367 419 4410 et.
828 4362 838 4394 ⁵
855 4361 976 4420 Bicherd,
990 4376 1047 4412 now
1058 4377 1092 4413 on
1105 4361 1148 4412 the
1162 4377 1223 4426 very
1235 4377 1279 4412 ere
1296 4364 1325 4412 ot

250 4425 260 4457 ¹
281 4425 405 4486 thhtmi,
421 4425 506 4477 interl.
521 4425 555 4488 by
566 4431 716 4476 annotator.
795 4427 837 4477 hie
848 4428 939 4477 revolt.

250 4491 351 4549 ‘recta
370 4491 457 4542 interl.
475 4491 508 4554 hy
525 4496 674 4542 annotator.
709 4493 744 4541 Aa
