3308 5226
452 445 454 448 ’
498 459 641 520 mmnr,
662 459 728 511 nn.
752 445 846 522 1234,
868 459 931 510 nn.
956 447 1005 510 18.
1236 447 1299 512 649

260 629 309 711 Et
328 628 490 694 Radullus
513 629 606 694 uenit
630 637 665 693 et
690 629 771 694 dicit
793 629 880 716 quod
900 630 987 696 idem
1009 632 1176 698 Johannes
1198 633 1239 698 de
1262 655 1300 698 eo

193 731 312 810 tenuit,
321 739 356 796 et
370 731 439 818 ipse
455 731 554 796 finem
566 731 643 796 fecit
658 739 732 817 post
746 753 869 796 annum
885 741 919 798 et
934 733 1021 798 diem
1037 735 1130 800 Dom.
1147 735 1247 822 Regis
1259 736 1299 802 de

193 841 280 898 terra
293 834 351 898 illa
364 833 523 910 habenda,
538 841 573 898 et
586 833 673 919 petit
688 833 839 898 similiter
853 834 1010 898 iudicium
1025 835 1110 900 sicut
1125 844 1159 900 et
1174 837 1299 902 Willel·

191 958 266 1000 mus
296 935 324 999 si
349 935 443 1002 Dom.
470 935 542 1000 Rex
568 935 671 1021 possit
696 935 770 1021 plus
796 936 973 1022 perdonare
999 960 1097 1024 quam
1123 938 1165 1004 ad
1191 940 1299 1026 ipsum
1389 1008 1391 1012 ,

191 1039 379 1125 pertineat¹.

133 1200 139 1210 .
256 1143 369 1208 Assisa
384 1143 475 1208 uenit
489 1143 695 1230 recognitura
708 1152 821 1208 utrum
841 1145 963 1232 uiginti
982 1167 1054 1210 acre
1076 1154 1161 1210 terre
1183 1154 1218 1210 et
1233 1153 1299 1212 tres
1379 1167 1421 1198 ὀι

190 1247 268 1313 rode
281 1247 369 1333 prati
384 1255 419 1312 et
434 1270 536 1311 unum
548 1247 752 1333 mesuagium
767 1269 842 1311 cum
857 1255 939 1332 pert.
954 1247 989 1312 in
1001 1248 1221 1335 Wyllinghale
1232 1249 1299 1314 sint

190 1353 293 1418 libera
307 1352 482 1417 elemosina
496 1353 662 1438 pertinens
683 1351 725 1416 ad
743 1351 910 1418 ecclesiam
929 1352 970 1418 do
985 1353 1196 1442 Willinghale
1211 1355 1298 1420 unde

190 1457 349 1544 Magister
360 1457 544 1522 Willelmus
558 1465 609 1521 est
623 1479 767 1542 persona,
779 1479 821 1520 an
836 1457 964 1543 laycum
980 1457 1110 1522 feodum
1126 1459 1241 1524 Emme
1257 1457 1297 1524 de

191 1560 359 1646 Orustwyc
373 1583 437 1647 que
452 1561 546 1625 uenit
567 1568 601 1625 et
621 1561 702 1625 dicit
721 1560 809 1646 quod
830 1562 964 1625 ecclesia
985 1563 1042 1626 ille
1059 1563 1159 1627 nichil
1178 1562 1297 1628 hebere

190 1670 299 1749 potest
318 1663 352 1727 in
375 1662 535 1726 dominico
557 1684 781 1747 necunquam
804 1662 869 1726 fuit
890 1662 965 1726 inde
986 1661 1021 1726 in
1036 1662 1163 1742 saisina,
1178 1663 1242 1728 nisi
1256 1664 1297 1729 de

190 1765 326 1832 seruicio
342 1767 382 1852 vj.
398 1767 463 1844 sol,
478 1775 512 1831 et
527 1766 603 1831 inde
618 1767 711 1852 ponit
726 1789 760 1832 se
775 1789 873 1852 super
887 1766 1034 1852 patriam.

257 1871 301 1934 Et
316 1871 476 1957 Magister
490 1871 675 1936 Willelmus
693 1871 773 1936 dicit
794 1871 880 1958 quod
902 1871 1035 1937 ecclesia
1056 1895 1116 1938 sua
1136 1873 1201 1938 fuit
1219 1873 1297 1940 inde

191 1975 226 2039 in
252 1975 370 2040 seisina
395 1975 526 2040 nomine
552 1976 684 2040 ecclesie
708 1999 766 2041 sue
792 1976 886 2041 etin
911 1975 1079 2053 dominico,
1105 1983 1139 2041 et
1165 1977 1296 2063 quidam

190 2078 376 2144 Willelmus
401 2078 442 2142 de
468 2079 564 2164 Auge
590 2079 794 2165 predecessor
822 2102 901 2144 suus
926 2079 990 2144 fuit
1015 2079 1092 2144 inde
1118 2080 1153 2144 in
1179 2081 1430 2154 seisineuoaquou

1308 2153 1376 2200 numo
1385 2152 1447 2191 datur

191 2182 321 2246 nomine
344 2181 477 2248 ecclesie
500 2203 557 2246 sue
578 2189 612 2247 et
634 2182 670 2246 in
691 2182 852 2248 dominico
874 2189 909 2248 et
930 2182 1007 2248 inde
1029 2181 1122 2268 ponit
1144 2205 1178 2248 se
1200 2206 1298 2270 super
1308 2199 1402 2285 fflgtgg
1409 2209 1462 2293 ii„

191 2285 339 2370 patrim-
1308 2291 1452 2386 wat

1308 2385 1392 2424 eoeleste
1402 2388 1460 2430 terra

256 2389 280 2455 J
280 2397 425 2455 uratores
439 2390 554 2456 dicunt
569 2390 656 2477 quod
671 2391 804 2477 quidam
820 2391 1013 2458 Godefn'dus
1028 2392 1092 2458 fuit
1106 2413 1242 2478 persona
1256 2390 1297 2457 de
1309 2430 1410 2472 „Ml

193 2491 308 2557 eadem
324 2493 459 2558 ecclesia
478 2517 541 2580 que
562 2494 735 2580 aliquando
757 2494 821 2558 suit
843 2494 960 2582 lignea,
976 2503 1010 2559 et
1031 2495 1081 2560 ita
1102 2495 1188 2582 quod
1209 2496 1297 2561 idem

192 2597 386 2662 Godefiidus
415 2597 492 2662 fecit
517 2621 589 2662 eam
616 2597 687 2662 fieri
712 2597 882 2683 lapideam,
908 2607 943 2663 et
968 2599 1098 2686 quando
1123 2599 1209 2665 facta
1234 2601 1298 2666 fuit

192 2699 321 2785 lapidea
334 2700 428 2764 uenit
443 2701 576 2786 quidam
593 2699 786 2765 Godefridus
805 2701 845 2766 de
866 2703 1007 2788 Rupella
1027 2711 1061 2768 et
1081 2703 1172 2768 dedit
1194 2705 1298 2790 primo

192 2804 299 2869 eidem
319 2804 452 2869 ecclesie
472 2805 636 2869 redditum
656 2805 903 2890 prouenientem
925 2807 965 2871 de
986 2808 1099 2872 eedem
1122 2815 1217 2886 terra,
1232 2809 1296 2874 scil.

192 2933 219 2974 v.
235 2909 299 2986 sol,
315 2917 349 2973 et
363 2917 477 2995 postea
491 2909 582 2974 dedit
602 2909 708 2974 eidem
731 2909 863 2974 ecclesie
884 2917 988 2974 totam
1011 2919 1131 2976 terram
1153 2911 1243 2976 illam
1264 2921 1299 2977 et

191 3021 322 3099 pratum
349 3021 383 3078 et
406 3013 610 3100 mesuagium
636 3035 711 3078 cum
736 3021 817 3098 pert.
842 3013 878 3078 in
901 3014 1071 3092 dominico,
1096 3023 1131 3080 et
1154 3015 1298 3101 predicto

192 3116 366 3182 Goderrido
388 3119 518 3183 nomine
540 3117 673 3183 ecclesie
695 3140 754 3182 sue
775 3117 860 3182 sicut
881 3118 917 3183 in
939 3119 1049 3184 dotem
1071 3119 1204 3184 ecclesie
1226 3143 1297 3206 pre-

192 3221 288 3298 dicte,
303 3229 338 3285 et
360 3221 448 3286 idem
471 3221 665 3286 Godefridus
687 3222 769 3286 obiit
791 3221 840 3286 ita
861 3222 992 3288 saisitus
1012 3224 1143 3288 nomine
1165 3225 1297 3291 ecclesie

192 3347 258 3402 sue,
273 3333 308 3388 et
330 3333 404 3410 post
424 3347 499 3390 eum
520 3325 584 3390 fuit
607 3325 740 3411 quidam
763 3325 948 3391 Willelmus
968 3326 1140 3392 Folenfant
1162 3349 1298 3413 persona

192 3429 338 3493 eiusdem
353 3427 494 3505 ecclesie,
509 3428 565 3513 qui
580 3451 730 3514 processu
746 3430 901 3516 temporis
916 3430 979 3495 luit
995 3431 1139 3516 leprosus
1154 3432 1298 3510 effectus,

193 3539 226 3595 et
241 3538 374 3616 propter
392 3530 610 3615 inpotenciam
630 3554 723 3596 suam
745 3533 838 3598 uenit
854 3531 986 3618 quidam
1001 3533 1186 3598 Alexander
1204 3541 1311 3619 pater·

192 3634 288 3699 istius
308 3633 432 3711 Emma,
447 3641 481 3697 et
501 3633 558 3719 qui
578 3633 642 3698 fuit
665 3635 809 3700 seruiens
831 3635 933 3721 ipsius
953 3635 1111 3700 Willelmi
1132 3645 1167 3702 et
1188 3639 1297 3702 tenuit

192 3747 312 3804 terram
334 3739 424 3803 illem
443 3749 578 3824 pratum
599 3749 634 3806 et
655 3741 860 3829 mesuagium
882 3740 923 3805 de
946 3739 1059 3804 eodem
1077 3740 1242 3805 Willelmo
1262 3751 1297 3807 et

192 3840 334 3906 reddidit
349 3840 425 3906 inde
441 3865 497 3906 sex
512 3843 568 3908 sol.
585 3851 620 3907 et
634 3852 763 3907 mortuo
778 3842 891 3908 eodem
907 3842 1071 3908 Willelmo
1085 3842 1149 3907 fuit
1164 3843 1297 3928 quidam

192 3944 377 4010 Willelmus
399 3945 451 4010 Do
477 3945 552 4009 inde
578 3968 715 4031 persona
740 3954 774 4010 et
800 3947 956 4011 concessit
982 3947 1088 4012 eidem
1110 3945 1297 4012 Alexandro

192 4057 313 4114 terram
333 4049 424 4114 illam
444 4055 479 4113 et
496 4057 627 4134 pratum
642 4057 677 4115 et
692 4049 896 4136 mesuagium
911 4072 969 4135 per
983 4050 1156 4115 seruicium
1171 4048 1297 4136 predic·

191 4161 272 4218 tum.
304 4153 348 4217 Et
359 4152 438 4238 quia
451 4153 616 4238 predictus
627 4153 813 4219 Alexander
823 4151 923 4216 nichil
934 4151 1014 4215 iuris
1029 4151 1146 4216 habuit
1160 4152 1224 4216 nisi
1238 4175 1297 4238 per

222 4287 233 4324 ¹
250 4289 294 4339 Br.
306 4289 326 4339 l.
339 4289 386 4338 132
397 4289 422 4342 b.
452 4289 524 4340 After
535 4289 650 4341 elewiul
661 4293 717 4340 ont·
768 4303 803 4339 cn
819 4288 922 4338 esoheet
939 4288 979 4338 for
995 4287 1082 4350 lelony
1092 4285 1121 4336 in
1137 4287 1182 4337 the
1198 4291 1296 4351 county

190 4354 270 4419 lawry
281 4369 297 4405 a
307 4356 380 4417 royal
390 4355 490 4418 pardon
501 4356 554 4404 will
564 4361 611 4405 not
622 4359 718 4404 restore
768 4353 797 4402 ol
815 4353 972 4404 Glouoester.
1010 4351 1057 4402 See
1076 4351 1120 4401 the
1139 4351 1295 4414 apocryphnl

191 4418 383 4470 theeroheeted
398 4419 484 4470 lando.
518 4419 573 4470 The
586 4420 716 4481 kingoan·
768 4420 867 4468 statute
879 4416 1043 4478 Prerogativa
1053 4415 1131 4478 Regis
1142 4430 1197 4479 cap.
1210 4417 1250 4466 16.

191 4486 306 4548 notgive
316 4484 573 4537 whntiscnothers.
606 4484 717 4536 Observa
800 4481 884 4532 ¹One
895 4484 996 4533 ecclesie
1006 4481 1030 4531 is
1041 4481 1210 4545 superfluous.
