<?xml version="1.0" encoding="UTF-8"?>
<!DOCTYPE html PUBLIC "-//W3C//DTD XHTML 1.0 Transitional//EN"
    "http://www.w3.org/TR/xhtml1/DTD/xhtml1-transitional.dtd">
<html xmlns="http://www.w3.org/1999/xhtml" xml:lang="en" lang="en">
 <head>
  <title>
</title>
<meta http-equiv="Content-Type" content="text/html;charset=utf-8" />
  <meta name='ocr-system' content='tesseract 3.04.00' />
  <meta name='ocr-capabilities' content='ocr_page ocr_carea ocr_par ocr_line ocrx_word'/>
</head>
<body>
  <div class='ocr_page' id='page_1' title='image "./bractonsnoteboo04bracgoog_0562.png"; bbox 0 0 3360 5236; ppageno 0'>
   <div class='ocr_carea' id='block_1_1' title="bbox 376 435 1175 508">
    <p class='ocr_par' dir='ltr' id='par_1_1' title="bbox 376 435 1175 508">
     <span class='ocr_line' id='line_1_1' title="bbox 376 435 1175 508; baseline -0.005 -6"><span class='ocrx_word' id='word_1_1' title='bbox 376 443 438 502; x_wconf 81' lang='lat'>554</span> <span class='ocrx_word' id='word_1_2' title='bbox 679 451 829 508; x_wconf 78' lang='lat' dir='ltr'>rnuurr,</span> <span class='ocrx_word' id='word_1_3' title='bbox 854 451 916 500; x_wconf 71' lang='lat' dir='ltr'>un.</span> <span class='ocrx_word' id='word_1_4' title='bbox 944 436 1036 508; x_wconf 75' lang='lat'>1225,</span> <span class='ocrx_word' id='word_1_5' title='bbox 1061 449 1122 496; x_wconf 71' lang='lat' dir='ltr'>un.</span> <span class='ocrx_word' id='word_1_6' title='bbox 1147 435 1175 498; x_wconf 89' lang='lat'>9.</span> 
     </span>
    </p>
   </div>
   <div class='ocr_carea' id='block_1_2' title="bbox 371 622 1489 1654">
    <p class='ocr_par' dir='ltr' id='par_1_2' title="bbox 371 622 1489 1654">
     <span class='ocr_line' id='line_1_2' title="bbox 375 622 1489 709; baseline -0.011 -16"><span class='ocrx_word' id='word_1_7' title='bbox 375 627 494 693; x_wconf 83' lang='lat' dir='ltr'>Oleuer</span> <span class='ocrx_word' id='word_1_8' title='bbox 515 624 654 690; x_wconf 77' lang='lat' dir='ltr'>Thomas</span> <span class='ocrx_word' id='word_1_9' title='bbox 676 623 716 690; x_wconf 92' lang='lat' dir='ltr'>de</span> <span class='ocrx_word' id='word_1_10' title='bbox 739 623 902 690; x_wconf 81' lang='lat' dir='ltr'>Sotlordie</span> <span class='ocrx_word' id='word_1_11' title='bbox 921 631 955 688; x_wconf 88' lang='lat' dir='ltr'>et</span> <span class='ocrx_word' id='word_1_12' title='bbox 975 622 1031 688; x_wconf 82' lang='lat' dir='ltr'>alii</span> <span class='ocrx_word' id='word_1_13' title='bbox 1046 622 1154 709; x_wconf 90' lang='lat' dir='ltr'>plures</span> <span class='ocrx_word' id='word_1_14' title='bbox 1169 645 1243 688; x_wconf 90' lang='lat' dir='ltr'>cum</span> <span class='ocrx_word' id='word_1_15' title='bbox 1259 622 1305 687; x_wconf 89' lang='lat' dir='ltr'>eis</span> <span class='ocrx_word' id='word_1_16' title='bbox 1320 627 1489 686; x_wconf 83' lang='lat' dir='ltr'>uenerunt</span> 
     </span>
     <span class='ocr_line' id='line_1_3' title="bbox 373 726 1489 815; baseline -0.007 -19"><span class='ocrx_word' id='word_1_17' title='bbox 373 731 414 796; x_wconf 81' lang='lat' dir='ltr'>ed</span> <span class='ocrx_word' id='word_1_18' title='bbox 430 731 562 796; x_wconf 91' lang='lat' dir='ltr'>domum</span> <span class='ocrx_word' id='word_1_19' title='bbox 577 729 679 815; x_wconf 88' lang='lat' dir='ltr'>ipsius</span> <span class='ocrx_word' id='word_1_20' title='bbox 694 729 825 794; x_wconf 80' lang='lat' dir='ltr'>deulfi</span> <span class='ocrx_word' id='word_1_21' title='bbox 841 727 901 794; x_wconf 83' lang='lat' dir='ltr'>teli</span> <span class='ocrx_word' id='word_1_22' title='bbox 916 727 969 793; x_wconf 92' lang='lat' dir='ltr'>die</span> <span class='ocrx_word' id='word_1_23' title='bbox 985 728 1044 793; x_wconf 83' lang='lat' dir='ltr'>tali</span> <span class='ocrx_word' id='word_1_24' title='bbox 1060 727 1138 793; x_wconf 84' lang='lat' dir='ltr'>hore</span> <span class='ocrx_word' id='word_1_25' title='bbox 1152 728 1211 794; x_wconf 80' lang='lat' dir='ltr'>teli</span> <span class='ocrx_word' id='word_1_26' title='bbox 1227 729 1294 794; x_wconf 92' lang='lat' dir='ltr'>loco</span> <span class='ocrx_word' id='word_1_27' title='bbox 1309 735 1343 792; x_wconf 90' lang='lat' dir='ltr'>ct</span> <span class='ocrx_word' id='word_1_28' title='bbox 1355 726 1489 790; x_wconf 79' lang='lat' dir='ltr'>exulte-</span> 
     </span>
     <span class='ocr_line' id='line_1_4' title="bbox 373 828 1489 922; baseline -0.007 -21"><span class='ocrx_word' id='word_1_29' title='bbox 373 844 493 901; x_wconf 89' lang='lat' dir='ltr'>uerunt</span> <span class='ocrx_word' id='word_1_30' title='bbox 523 833 618 900; x_wconf 87' lang='lat' dir='ltr'>eum¹</span> <span class='ocrx_word' id='word_1_31' title='bbox 645 844 679 900; x_wconf 88' lang='lat' dir='ltr'>et</span> <span class='ocrx_word' id='word_1_32' title='bbox 706 835 872 922; x_wconf 87' lang='lat' dir='ltr'>fregerunt</span> <span class='ocrx_word' id='word_1_33' title='bbox 898 843 932 898; x_wconf 89' lang='lat' dir='ltr'>et</span> <span class='ocrx_word' id='word_1_34' title='bbox 962 835 997 899; x_wconf 91' lang='lat' dir='ltr'>in</span> <span class='ocrx_word' id='word_1_35' title='bbox 1026 834 1183 900; x_wconf 84' lang='lat' dir='ltr'>roberism</span> <span class='ocrx_word' id='word_1_36' title='bbox 1214 829 1426 899; x_wconf 83' lang='lat' dir='ltr'>abtulerunt’</span> <span class='ocrx_word' id='word_1_37' title='bbox 1454 828 1489 894; x_wconf 91' lang='lat' dir='ltr'>ei</span> 
     </span>
     <span class='ocr_line' id='line_1_5' title="bbox 374 937 1489 1026; baseline -0.006 -20"><span class='ocrx_word' id='word_1_38' title='bbox 374 950 503 1014; x_wconf 81' lang='lat' dir='ltr'>tentum</span> <span class='ocrx_word' id='word_1_39' title='bbox 533 940 597 1004; x_wconf 86' lang='lat' dir='ltr'>scil.</span> <span class='ocrx_word' id='word_1_40' title='bbox 625 940 707 1005; x_wconf 83' lang='lat' dir='ltr'>tales</span> <span class='ocrx_word' id='word_1_41' title='bbox 736 961 786 1005; x_wconf 88' lang='lat' dir='ltr'>res</span> <span class='ocrx_word' id='word_1_42' title='bbox 816 939 902 1004; x_wconf 85' lang='lat' dir='ltr'>tanti</span> <span class='ocrx_word' id='word_1_43' title='bbox 930 939 1038 1026; x_wconf 90' lang='lat' dir='ltr'>precii,</span> <span class='ocrx_word' id='word_1_44' title='bbox 1069 948 1102 1004; x_wconf 90' lang='lat' dir='ltr'>et</span> <span class='ocrx_word' id='word_1_45' title='bbox 1131 937 1217 1026; x_wconf 91' lang='lat' dir='ltr'>quod</span> <span class='ocrx_word' id='word_1_46' title='bbox 1246 940 1306 1004; x_wconf 91' lang='lat' dir='ltr'>hoc</span> <span class='ocrx_word' id='word_1_47' title='bbox 1336 939 1489 1002; x_wconf 82' lang='lat' dir='ltr'>fecerunt</span> 
     </span>
     <span class='ocr_line' id='line_1_6' title="bbox 372 1043 1487 1132; baseline -0.005 -22"><span class='ocrx_word' id='word_1_48' title='bbox 372 1045 522 1132; x_wconf 89' lang='lat' dir='ltr'>nequiter</span> <span class='ocrx_word' id='word_1_49' title='bbox 548 1044 639 1109; x_wconf 89' lang='lat' dir='ltr'>etin</span> <span class='ocrx_word' id='word_1_50' title='bbox 664 1044 783 1109; x_wconf 82' lang='lat' dir='ltr'>felonia</span> <span class='ocrx_word' id='word_1_51' title='bbox 808 1043 902 1108; x_wconf 87' lang='lat' dir='ltr'>offert</span> <span class='ocrx_word' id='word_1_52' title='bbox 928 1044 1140 1110; x_wconf 81' lang='lat' dir='ltr'>disrecionere</span> <span class='ocrx_word' id='word_1_53' title='bbox 1166 1065 1224 1130; x_wconf 88' lang='lat' dir='ltr'>per</span> <span class='ocrx_word' id='word_1_54' title='bbox 1247 1065 1361 1129; x_wconf 90' lang='lat' dir='ltr'>corpus</span> <span class='ocrx_word' id='word_1_55' title='bbox 1384 1063 1487 1106; x_wconf 89' lang='lat' dir='ltr'>suum</span> 
     </span>
     <span class='ocr_line' id='line_1_7' title="bbox 373 1146 1489 1222; baseline -0.008 -6"><span class='ocrx_word' id='word_1_56' title='bbox 373 1173 485 1216; x_wconf 80' lang='lat' dir='ltr'>uersus</span> <span class='ocrx_word' id='word_1_57' title='bbox 507 1148 647 1214; x_wconf 90' lang='lat' dir='ltr'>eundem</span> <span class='ocrx_word' id='word_1_58' title='bbox 671 1147 792 1213; x_wconf 82' lang='lat' dir='ltr'>telem⁸</span> <span class='ocrx_word' id='word_1_59' title='bbox 806 1147 891 1214; x_wconf 85' lang='lat' dir='ltr'>sicut</span> <span class='ocrx_word' id='word_1_60' title='bbox 913 1147 1003 1213; x_wconf 81' lang='lat' dir='ltr'>curis</span> <span class='ocrx_word' id='word_1_61' title='bbox 1024 1146 1285 1222; x_wconf 80' lang='lat' dir='ltr'>considemuerit,</span> <span class='ocrx_word' id='word_1_62' title='bbox 1299 1153 1350 1210; x_wconf 92' lang='lat' dir='ltr'>set</span> <span class='ocrx_word' id='word_1_63' title='bbox 1367 1165 1489 1209; x_wconf 81' lang='lat' dir='ltr'>reuera</span> 
     </span>
     <span class='ocr_line' id='line_1_8' title="bbox 372 1249 1484 1320; baseline -0.007 0"><span class='ocrx_word' id='word_1_64' title='bbox 372 1278 436 1320; x_wconf 89' lang='lat' dir='ltr'>non</span> <span class='ocrx_word' id='word_1_65' title='bbox 459 1254 522 1320; x_wconf 88' lang='lat' dir='ltr'>fuit</span> <span class='ocrx_word' id='word_1_66' title='bbox 545 1261 624 1318; x_wconf 89' lang='lat' dir='ltr'>tunc</span> <span class='ocrx_word' id='word_1_67' title='bbox 646 1254 679 1318; x_wconf 90' lang='lat' dir='ltr'>in</span> <span class='ocrx_word' id='word_1_68' title='bbox 703 1253 798 1318; x_wconf 91' lang='lat' dir='ltr'>domo</span> <span class='ocrx_word' id='word_1_69' title='bbox 821 1253 878 1318; x_wconf 84' lang='lat' dir='ltr'>ille</span> <span class='ocrx_word' id='word_1_70' title='bbox 897 1275 956 1318; x_wconf 87' lang='lat' dir='ltr'>nec</span> <span class='ocrx_word' id='word_1_71' title='bbox 975 1251 1060 1317; x_wconf 92' lang='lat' dir='ltr'>uidit</span> <span class='ocrx_word' id='word_1_72' title='bbox 1075 1251 1233 1317; x_wconf 83' lang='lat' dir='ltr'>roberiem</span> <span class='ocrx_word' id='word_1_73' title='bbox 1249 1261 1283 1316; x_wconf 90' lang='lat' dir='ltr'>et</span> <span class='ocrx_word' id='word_1_74' title='bbox 1298 1250 1325 1314; x_wconf 88' lang='lat' dir='ltr'>si</span> <span class='ocrx_word' id='word_1_75' title='bbox 1341 1249 1401 1314; x_wconf 90' lang='lat' dir='ltr'>hoc</span> <span class='ocrx_word' id='word_1_76' title='bbox 1415 1271 1484 1312; x_wconf 90' lang='lat' dir='ltr'>non</span> 
     </span>
     <span class='ocr_line' id='line_1_9' title="bbox 371 1353 1486 1444; baseline -0.007 -19"><span class='ocrx_word' id='word_1_77' title='bbox 371 1359 490 1426; x_wconf 90' lang='lat' dir='ltr'>sufficit</span> <span class='ocrx_word' id='word_1_78' title='bbox 506 1359 597 1425; x_wconf 84' lang='lat' dir='ltr'>Serlo</span> <span class='ocrx_word' id='word_1_79' title='bbox 612 1357 744 1444; x_wconf 83' lang='lat' dir='ltr'>quidem</span> <span class='ocrx_word' id='word_1_80' title='bbox 760 1357 904 1422; x_wconf 87' lang='lat' dir='ltr'>seruiens</span> <span class='ocrx_word' id='word_1_81' title='bbox 925 1355 1027 1442; x_wconf 89' lang='lat' dir='ltr'>ipsius</span> <span class='ocrx_word' id='word_1_82' title='bbox 1046 1355 1177 1420; x_wconf 82' lang='lat' dir='ltr'>Redulfi</span> <span class='ocrx_word' id='word_1_83' title='bbox 1200 1354 1253 1420; x_wconf 89' lang='lat' dir='ltr'>cui</span> <span class='ocrx_word' id='word_1_84' title='bbox 1275 1353 1486 1419; x_wconf 79' lang='lat' dir='ltr'>commiserat</span> 
     </span>
     <span class='ocr_line' id='line_1_10' title="bbox 371 1455 1485 1544; baseline -0.006 -17"><span class='ocrx_word' id='word_1_85' title='bbox 371 1463 503 1528; x_wconf 91' lang='lat' dir='ltr'>domum</span> <span class='ocrx_word' id='word_1_86' title='bbox 526 1483 617 1526; x_wconf 85' lang='lat' dir='ltr'>suam</span> <span class='ocrx_word' id='word_1_87' title='bbox 641 1458 884 1526; x_wconf 77' lang='lat' dir='ltr'>custodiendam</span> <span class='ocrx_word' id='word_1_88' title='bbox 907 1459 1052 1544; x_wconf 85' lang='lat' dir='ltr'>appellat</span> <span class='ocrx_word' id='word_1_89' title='bbox 1074 1457 1214 1523; x_wconf 87' lang='lat' dir='ltr'>eundem</span> <span class='ocrx_word' id='word_1_90' title='bbox 1237 1457 1416 1522; x_wconf 84' lang='lat' dir='ltr'>Henricum</span> <span class='ocrx_word' id='word_1_91' title='bbox 1440 1455 1485 1520; x_wconf 88' lang='lat' dir='ltr'>de</span> 
     </span>
     <span class='ocr_line' id='line_1_11' title="bbox 372 1559 1486 1654; baseline -0.007 -22"><span class='ocrx_word' id='word_1_92' title='bbox 372 1567 485 1632; x_wconf 88' lang='lat' dir='ltr'>eodem</span> <span class='ocrx_word' id='word_1_93' title='bbox 500 1575 534 1632; x_wconf 90' lang='lat' dir='ltr'>et</span> <span class='ocrx_word' id='word_1_94' title='bbox 549 1565 635 1654; x_wconf 92' lang='lat' dir='ltr'>quod</span> <span class='ocrx_word' id='word_1_95' title='bbox 655 1565 793 1631; x_wconf 78' lang='lat' dir='ltr'>obstulit</span> <span class='ocrx_word' id='word_1_96' title='bbox 814 1564 844 1628; x_wconf 87' lang='lat' dir='ltr'>ei</span> <span class='ocrx_word' id='word_1_97' title='bbox 859 1563 893 1628; x_wconf 91' lang='lat' dir='ltr'>in</span> <span class='ocrx_word' id='word_1_98' title='bbox 909 1562 966 1628; x_wconf 84' lang='lat' dir='ltr'>illa</span> <span class='ocrx_word' id='word_1_99' title='bbox 980 1561 1106 1627; x_wconf 77' lang='lat' dir='ltr'>roheria</span> <span class='ocrx_word' id='word_1_100' title='bbox 1121 1563 1203 1628; x_wconf 81' lang='lat' dir='ltr'>tales</span> <span class='ocrx_word' id='word_1_101' title='bbox 1217 1584 1268 1626; x_wconf 86' lang='lat' dir='ltr'>res</span> <span class='ocrx_word' id='word_1_102' title='bbox 1284 1561 1357 1626; x_wconf 83' lang='lat' dir='ltr'>telis</span> <span class='ocrx_word' id='word_1_103' title='bbox 1372 1559 1486 1647; x_wconf 89' lang='lat' dir='ltr'>precii,</span> 
     </span>
    </p>
   </div>
   <div class='ocr_carea' id='block_1_3' title="bbox 373 1671 1485 1852">
    <p class='ocr_par' dir='ltr' id='par_1_3' title="bbox 373 1671 1485 1852">
     <span class='ocr_line' id='line_1_12' title="bbox 373 1671 738 1759; baseline -0.005 -23"><span class='ocrx_word' id='word_1_104' title='bbox 373 1681 407 1737; x_wconf 90' lang='lat' dir='ltr'>et</span> <span class='ocrx_word' id='word_1_105' title='bbox 422 1671 479 1759; x_wconf 93' lang='lat' dir='ltr'>qui</span> <span class='ocrx_word' id='word_1_106' title='bbox 493 1672 553 1736; x_wconf 93' lang='lat' dir='ltr'>hoc</span> <span class='ocrx_word' id='word_1_107' title='bbox 568 1671 662 1736; x_wconf 81' lang='lat' dir='ltr'>offert</span> <span class='ocrx_word' id='word_1_108' title='bbox 677 1679 738 1735; x_wconf 88' lang='lat' dir='ltr'>etc.</span> 
     </span>
     <span class='ocr_line' id='line_1_13' title="bbox 439 1767 1485 1852; baseline -0.011 -12"><span class='ocrx_word' id='word_1_109' title='bbox 439 1776 482 1840; x_wconf 88' lang='lat' dir='ltr'>Et</span> <span class='ocrx_word' id='word_1_110' title='bbox 498 1774 659 1840; x_wconf 88' lang='lat' dir='ltr'>Henricus</span> <span class='ocrx_word' id='word_1_111' title='bbox 674 1773 767 1838; x_wconf 91' lang='lat' dir='ltr'>uenit</span> <span class='ocrx_word' id='word_1_112' title='bbox 783 1781 817 1836; x_wconf 91' lang='lat' dir='ltr'>et</span> <span class='ocrx_word' id='word_1_113' title='bbox 831 1771 978 1836; x_wconf 80' lang='lat' dir='ltr'>defendit</span> <span class='ocrx_word' id='word_1_114' title='bbox 998 1770 1157 1836; x_wconf 84' lang='lat' dir='ltr'>roberiem</span> <span class='ocrx_word' id='word_1_115' title='bbox 1173 1780 1207 1834; x_wconf 86' lang='lat' dir='ltr'>et</span> <span class='ocrx_word' id='word_1_116' title='bbox 1223 1779 1330 1834; x_wconf 90' lang='lat' dir='ltr'>totum</span> <span class='ocrx_word' id='word_1_117' title='bbox 1346 1778 1380 1832; x_wconf 90' lang='lat' dir='ltr'>et</span> <span class='ocrx_word' id='word_1_118' title='bbox 1395 1767 1485 1852; x_wconf 89' lang='lat' dir='ltr'>petit</span> 
     </span>
    </p>
   </div>
   <div class='ocr_carea' id='block_1_4' title="bbox 218 1841 1505 1964">
    <p class='ocr_par' dir='ltr' id='par_1_4' title="bbox 218 1841 1505 1964">
     <span class='ocr_line' id='line_1_14' title="bbox 218 1841 1505 1964; baseline -0.006 -22"><span class='ocrx_word' id='word_1_119' title='bbox 218 1889 261 1917; x_wconf 71' lang='lat'>⁰¹¹¹·</span> <span class='ocrx_word' id='word_1_120' title='bbox 305 1841 332 1879; x_wconf 67' lang='lat' dir='ltr'>„p</span> <span class='ocrx_word' id='word_1_121' title='bbox 372 1879 435 1945; x_wconf 93' lang='lat' dir='ltr'>sibi</span> <span class='ocrx_word' id='word_1_122' title='bbox 449 1879 577 1944; x_wconf 83' lang='lat' dir='ltr'>elloceri</span> <span class='ocrx_word' id='word_1_123' title='bbox 592 1878 677 1964; x_wconf 91' lang='lat' dir='ltr'>quod</span> <span class='ocrx_word' id='word_1_124' title='bbox 693 1877 780 1943; x_wconf 90' lang='lat' dir='ltr'>idem</span> <span class='ocrx_word' id='word_1_125' title='bbox 796 1876 956 1942; x_wconf 82' lang='lat' dir='ltr'>Redulfus</span> <span class='ocrx_word' id='word_1_126' title='bbox 971 1875 1135 1963; x_wconf 79' lang='lat' dir='ltr'>cognoscit</span> <span class='ocrx_word' id='word_1_127' title='bbox 1151 1873 1236 1960; x_wconf 93' lang='lat' dir='ltr'>quod</span> <span class='ocrx_word' id='word_1_128' title='bbox 1252 1895 1316 1938; x_wconf 89' lang='lat' dir='ltr'>non</span> <span class='ocrx_word' id='word_1_129' title='bbox 1331 1871 1505 1936; x_wconf 82' lang='lat' dir='ltr'>interfuit</span> 
     </span>
    </p>
   </div>
   <div class='ocr_carea' id='block_1_5' title="bbox 317 1975 1487 3209">
    <p class='ocr_par' dir='ltr' id='par_1_5' title="bbox 372 1975 1487 2671">
     <span class='ocr_line' id='line_1_15' title="bbox 372 1975 1487 2048; baseline -0.009 0"><span class='ocrx_word' id='word_1_130' title='bbox 372 2005 431 2048; x_wconf 90' lang='lat' dir='ltr'>nec</span> <span class='ocrx_word' id='word_1_131' title='bbox 453 1983 513 2048; x_wconf 92' lang='lat' dir='ltr'>hoc</span> <span class='ocrx_word' id='word_1_132' title='bbox 535 1981 620 2047; x_wconf 88' lang='lat' dir='ltr'>uidit</span> <span class='ocrx_word' id='word_1_133' title='bbox 644 2004 703 2046; x_wconf 88' lang='lat' dir='ltr'>nec</span> <span class='ocrx_word' id='word_1_134' title='bbox 729 1981 858 2046; x_wconf 86' lang='lat' dir='ltr'>audiuit</span> <span class='ocrx_word' id='word_1_135' title='bbox 866 1980 884 2046; x_wconf 81' lang='lat'>⁴.</span> <span class='ocrx_word' id='word_1_136' title='bbox 931 1981 975 2045; x_wconf 85' lang='lat' dir='ltr'>Et</span> <span class='ocrx_word' id='word_1_137' title='bbox 998 1979 1039 2044; x_wconf 90' lang='lat' dir='ltr'>de</span> <span class='ocrx_word' id='word_1_138' title='bbox 1067 1979 1200 2045; x_wconf 85' lang='lat' dir='ltr'>Scrlone</span> <span class='ocrx_word' id='word_1_139' title='bbox 1226 1977 1306 2041; x_wconf 90' lang='lat' dir='ltr'>dicit</span> <span class='ocrx_word' id='word_1_140' title='bbox 1331 1975 1487 2040; x_wconf 86' lang='lat' dir='ltr'>similiter</span> 
     </span>
     <span class='ocr_line' id='line_1_16' title="bbox 372 2082 1484 2172; baseline -0.005 -22"><span class='ocrx_word' id='word_1_141' title='bbox 372 2085 457 2172; x_wconf 94' lang='lat' dir='ltr'>quod</span> <span class='ocrx_word' id='word_1_142' title='bbox 473 2109 512 2150; x_wconf 86' lang='lat' dir='ltr'>ex</span> <span class='ocrx_word' id='word_1_143' title='bbox 528 2108 592 2172; x_wconf 93' lang='lat' dir='ltr'>quo</span> <span class='ocrx_word' id='word_1_144' title='bbox 606 2084 694 2150; x_wconf 89' lang='lat' dir='ltr'>idem</span> <span class='ocrx_word' id='word_1_145' title='bbox 710 2084 869 2150; x_wconf 83' lang='lat' dir='ltr'>Redulfus</span> <span class='ocrx_word' id='word_1_146' title='bbox 889 2085 978 2171; x_wconf 86' lang='lat' dir='ltr'>prius</span> <span class='ocrx_word' id='word_1_147' title='bbox 993 2093 1027 2150; x_wconf 92' lang='lat' dir='ltr'>et</span> <span class='ocrx_word' id='word_1_148' title='bbox 1043 2083 1265 2170; x_wconf 78' lang='lat' dir='ltr'>principaliter</span> <span class='ocrx_word' id='word_1_149' title='bbox 1279 2104 1354 2147; x_wconf 89' lang='lat' dir='ltr'>eum</span> <span class='ocrx_word' id='word_1_150' title='bbox 1369 2082 1484 2167; x_wconf 78' lang='lat' dir='ltr'>appel-</span> 
     </span>
     <span class='ocr_line' id='line_1_17' title="bbox 372 2185 1484 2277; baseline -0.004 -23"><span class='ocrx_word' id='word_1_151' title='bbox 372 2191 419 2255; x_wconf 84' lang='lat' dir='ltr'>let</span> <span class='ocrx_word' id='word_1_152' title='bbox 437 2191 477 2255; x_wconf 91' lang='lat' dir='ltr'>de</span> <span class='ocrx_word' id='word_1_153' title='bbox 497 2190 668 2277; x_wconf 72' lang='lat' dir='ltr'>principali</span> <span class='ocrx_word' id='word_1_154' title='bbox 688 2188 814 2255; x_wconf 78' lang='lat' dir='ltr'>roheria</span> <span class='ocrx_word' id='word_1_155' title='bbox 837 2212 902 2253; x_wconf 92' lang='lat' dir='ltr'>non</span> <span class='ocrx_word' id='word_1_156' title='bbox 926 2187 1059 2254; x_wconf 89' lang='lat' dir='ltr'>uidetur</span> <span class='ocrx_word' id='word_1_157' title='bbox 1082 2187 1113 2252; x_wconf 92' lang='lat' dir='ltr'>ei</span> <span class='ocrx_word' id='word_1_158' title='bbox 1137 2187 1223 2273; x_wconf 89' lang='lat' dir='ltr'>quod</span> <span class='ocrx_word' id='word_1_159' title='bbox 1247 2186 1338 2252; x_wconf 88' lang='lat' dir='ltr'>Serlo</span> <span class='ocrx_word' id='word_1_160' title='bbox 1361 2185 1484 2251; x_wconf 86' lang='lat' dir='ltr'>habere</span> 
     </span>
     <span class='ocr_line' id='line_1_18' title="bbox 372 2290 1485 2382; baseline -0.006 -21"><span class='ocrx_word' id='word_1_161' title='bbox 372 2296 473 2382; x_wconf 90' lang='lat' dir='ltr'>possit</span> <span class='ocrx_word' id='word_1_162' title='bbox 499 2318 612 2360; x_wconf 86' lang='lat' dir='ltr'>uersus</span> <span class='ocrx_word' id='word_1_163' title='bbox 637 2317 711 2360; x_wconf 90' lang='lat' dir='ltr'>eum</span> <span class='ocrx_word' id='word_1_164' title='bbox 740 2295 913 2381; x_wconf 81' lang='lat' dir='ltr'>appellum.</span> <span class='ocrx_word' id='word_1_165' title='bbox 974 2295 1018 2358; x_wconf 85' lang='lat' dir='ltr'>Et</span> <span class='ocrx_word' id='word_1_166' title='bbox 1048 2293 1160 2359; x_wconf 90' lang='lat' dir='ltr'>eodem</span> <span class='ocrx_word' id='word_1_167' title='bbox 1190 2292 1285 2357; x_wconf 91' lang='lat' dir='ltr'>modo</span> <span class='ocrx_word' id='word_1_168' title='bbox 1314 2290 1485 2376; x_wconf 88' lang='lat' dir='ltr'>respondit</span> 
     </span>
     <span class='ocr_line' id='line_1_19' title="bbox 373 2396 1483 2484; baseline -0.005 -22"><span class='ocrx_word' id='word_1_169' title='bbox 373 2421 485 2464; x_wconf 88' lang='lat' dir='ltr'>uersus</span> <span class='ocrx_word' id='word_1_170' title='bbox 500 2398 594 2464; x_wconf 66' lang='grc' dir='ltr'>91103ὓ</span> <span class='ocrx_word' id='word_1_171' title='bbox 610 2405 644 2464; x_wconf 87' lang='lat' dir='ltr'>et</span> <span class='ocrx_word' id='word_1_172' title='bbox 659 2398 745 2484; x_wconf 88' lang='lat' dir='ltr'>petit</span> <span class='ocrx_word' id='word_1_173' title='bbox 760 2397 823 2463; x_wconf 91' lang='lat' dir='ltr'>sibi</span> <span class='ocrx_word' id='word_1_174' title='bbox 838 2397 968 2463; x_wconf 82' lang='lat' dir='ltr'>ellocan&#39;</span> <span class='ocrx_word' id='word_1_175' title='bbox 983 2396 1069 2483; x_wconf 94' lang='lat' dir='ltr'>quod</span> <span class='ocrx_word' id='word_1_176' title='bbox 1084 2396 1193 2460; x_wconf 87' lang='lat' dir='ltr'>nullus</span> <span class='ocrx_word' id='word_1_177' title='bbox 1208 2417 1320 2460; x_wconf 89' lang='lat' dir='ltr'>eorum</span> <span class='ocrx_word' id='word_1_178' title='bbox 1336 2415 1483 2480; x_wconf 77' lang='lat' dir='ltr'>unquam</span> 
     </span>
     <span class='ocr_line' id='line_1_20' title="bbox 373 2497 1484 2588; baseline -0.005 -21"><span class='ocrx_word' id='word_1_179' title='bbox 373 2525 427 2567; x_wconf 87' lang='lat' dir='ltr'>eos</span> <span class='ocrx_word' id='word_1_180' title='bbox 453 2501 633 2588; x_wconf 83' lang='lat' dir='ltr'>appellauit</span> <span class='ocrx_word' id='word_1_181' title='bbox 659 2502 693 2566; x_wconf 92' lang='lat' dir='ltr'>in</span> <span class='ocrx_word' id='word_1_182' title='bbox 720 2501 877 2568; x_wconf 78' lang='lat' dir='ltr'>comitatu</span> <span class='ocrx_word' id='word_1_183' title='bbox 909 2501 962 2566; x_wconf 89' lang='lat' dir='ltr'>uel</span> <span class='ocrx_word' id='word_1_184' title='bbox 992 2500 1071 2566; x_wconf 81' lang='lat' dir='ltr'>alibi</span> <span class='ocrx_word' id='word_1_185' title='bbox 1101 2509 1159 2564; x_wconf 91' lang='lat' dir='ltr'>etc.</span> <span class='ocrx_word' id='word_1_186' title='bbox 1207 2499 1251 2563; x_wconf 85' lang='lat' dir='ltr'>Et</span> <span class='ocrx_word' id='word_1_187' title='bbox 1281 2497 1389 2562; x_wconf 61' lang='lat' dir='ltr'>inimi</span> <span class='ocrx_word' id='word_1_188' title='bbox 1436 2497 1484 2561; x_wconf 87' lang='lat' dir='ltr'>Et</span> 
     </span>
     <span class='ocr_line' id='line_1_21' title="bbox 373 2605 1014 2671; baseline 0.002 -1"><span class='ocrx_word' id='word_1_189' title='bbox 373 2627 487 2670; x_wconf 90' lang='lat' dir='ltr'>uerum</span> <span class='ocrx_word' id='word_1_190' title='bbox 503 2606 578 2670; x_wconf 94' lang='lat' dir='ltr'>uult</span> <span class='ocrx_word' id='word_1_191' title='bbox 592 2605 698 2671; x_wconf 90' lang='lat' dir='ltr'>dicere</span> <span class='ocrx_word' id='word_1_192' title='bbox 715 2613 774 2670; x_wconf 89' lang='lat' dir='ltr'>etc.</span> <span class='ocrx_word' id='word_1_193' title='bbox 1012 2619 1014 2622; x_wconf 82' lang='grc'><strong>’</strong></span> 
     </span>
    </p>

    <p class='ocr_par' dir='ltr' id='par_1_6' title="bbox 317 2705 1482 3209">
     <span class='ocr_line' id='line_1_22' title="bbox 439 2705 1480 2796; baseline -0.003 -23"><span class='ocrx_word' id='word_1_194' title='bbox 439 2709 482 2774; x_wconf 89' lang='lat' dir='ltr'>Et</span> <span class='ocrx_word' id='word_1_195' title='bbox 497 2707 648 2796; x_wconf 80' lang='lat' dir='ltr'>quiahoc</span> <span class='ocrx_word' id='word_1_196' title='bbox 663 2709 824 2795; x_wconf 85' lang='lat' dir='ltr'>cognoscit</span> <span class='ocrx_word' id='word_1_197' title='bbox 839 2717 874 2774; x_wconf 91' lang='lat' dir='ltr'>et</span> <span class='ocrx_word' id='word_1_198' title='bbox 888 2730 953 2773; x_wconf 91' lang='lat' dir='ltr'>non</span> <span class='ocrx_word' id='word_1_199' title='bbox 969 2707 1113 2794; x_wconf 87' lang='lat' dir='ltr'>loquitur</span> <span class='ocrx_word' id='word_1_200' title='bbox 1128 2707 1168 2772; x_wconf 88' lang='lat' dir='ltr'>de</span> <span class='ocrx_word' id='word_1_201' title='bbox 1189 2707 1262 2772; x_wconf 87' lang='lat' dir='ltr'>uisu</span> <span class='ocrx_word' id='word_1_202' title='bbox 1286 2705 1339 2770; x_wconf 89' lang='lat' dir='ltr'>uel</span> <span class='ocrx_word' id='word_1_203' title='bbox 1361 2705 1480 2771; x_wconf 79' lang='lat' dir='ltr'>auditu</span> 
     </span>
     <span class='ocr_line' id='line_1_23' title="bbox 373 2811 1482 2900; baseline -0.004 -22"><span class='ocrx_word' id='word_1_204' title='bbox 373 2824 407 2878; x_wconf 89' lang='lat' dir='ltr'>et</span> <span class='ocrx_word' id='word_1_205' title='bbox 436 2822 584 2900; x_wconf 80' lang='lat' dir='ltr'>pretereo</span> <span class='ocrx_word' id='word_1_206' title='bbox 612 2812 722 2877; x_wconf 88' lang='lat' dir='ltr'>nullus</span> <span class='ocrx_word' id='word_1_207' title='bbox 751 2812 989 2899; x_wconf 82' lang='lat' dir='ltr'>appellencium</span> <span class='ocrx_word' id='word_1_208' title='bbox 1017 2833 1160 2898; x_wconf 79' lang='lat' dir='ltr'>unquam</span> <span class='ocrx_word' id='word_1_209' title='bbox 1187 2811 1287 2875; x_wconf 89' lang='lat' dir='ltr'>Henr’</span> <span class='ocrx_word' id='word_1_210' title='bbox 1311 2831 1482 2896; x_wconf 74' lang='lat' dir='ltr'>nunquam</span> 
     </span>
     <span class='ocr_line' id='line_1_24' title="bbox 373 2913 1481 3004; baseline -0.004 -22"><span class='ocrx_word' id='word_1_211' title='bbox 373 2917 463 3004; x_wconf 88' lang='lat' dir='ltr'>prius</span> <span class='ocrx_word' id='word_1_212' title='bbox 484 2917 751 3004; x_wconf 62' lang='lat' dir='ltr'>appellauerunt*</span> <span class='ocrx_word' id='word_1_213' title='bbox 767 2916 1015 2982; x_wconf 84' lang='lat' dir='ltr'>Consideretum</span> <span class='ocrx_word' id='word_1_214' title='bbox 1031 2924 1081 2981; x_wconf 88' lang='lat' dir='ltr'>est</span> <span class='ocrx_word' id='word_1_215' title='bbox 1102 2914 1188 3000; x_wconf 90' lang='lat' dir='ltr'>quod</span> <span class='ocrx_word' id='word_1_216' title='bbox 1211 2913 1292 2979; x_wconf 91' lang='lat' dir='ltr'>illud</span> <span class='ocrx_word' id='word_1_217' title='bbox 1313 2915 1481 3000; x_wconf 82' lang='lat' dir='ltr'>appellum</span> 
     </span>
     <span class='ocr_line' id='line_1_25' title="bbox 373 3019 732 3086; baseline -0.006 0"><span class='ocrx_word' id='word_1_218' title='bbox 373 3021 500 3086; x_wconf 89' lang='lat' dir='ltr'>nullum</span> <span class='ocrx_word' id='word_1_219' title='bbox 516 3029 550 3085; x_wconf 90' lang='lat' dir='ltr'>et</span> <span class='ocrx_word' id='word_1_220' title='bbox 565 3020 638 3086; x_wconf 88' lang='lat' dir='ltr'>ideo</span> <span class='ocrx_word' id='word_1_221' title='bbox 655 3019 732 3086; x_wconf 80' lang='lat' dir='ltr'>etc.⁸</span> 
     </span>
     <span class='ocr_line' id='line_1_26' title="bbox 317 3122 1479 3209; baseline -0.003 -18"><span class='ocrx_word' id='word_1_222' title='bbox 317 3192 323 3207; x_wconf 76' lang='grc'>,</span> <span class='ocrx_word' id='word_1_223' title='bbox 438 3123 620 3190; x_wconf 83' lang='lat' dir='ltr'>⁹Rohertus</span> <span class='ocrx_word' id='word_1_224' title='bbox 649 3122 689 3188; x_wconf 90' lang='lat' dir='ltr'>de</span> <span class='ocrx_word' id='word_1_225' title='bbox 717 3123 796 3190; x_wconf 81' lang='lat' dir='ltr'>Grec</span> <span class='ocrx_word' id='word_1_226' title='bbox 822 3123 1039 3188; x_wconf 88' lang='lat' dir='ltr'>summonitus</span> <span class='ocrx_word' id='word_1_227' title='bbox 1064 3123 1127 3187; x_wconf 88' lang='lat' dir='ltr'>fuit</span> <span class='ocrx_word' id='word_1_228' title='bbox 1152 3122 1194 3188; x_wconf 82' lang='lat' dir='ltr'>ed</span> <span class='ocrx_word' id='word_1_229' title='bbox 1219 3123 1479 3209; x_wconf 86' lang='lat' dir='ltr'>respondendum</span> 
     </span>
    </p>
   </div>
   <div class='ocr_carea' id='block_1_6' title="bbox 278 3227 1480 3316">
    <p class='ocr_par' dir='ltr' id='par_1_7' title="bbox 278 3227 1480 3316">
     <span class='ocr_line' id='line_1_27' title="bbox 278 3227 1480 3316; baseline 0 -22"><span class='ocrx_word' id='word_1_230' title='bbox 278 3254 316 3282; x_wconf 88' lang='lat'>0·</span> <span class='ocrx_word' id='word_1_231' title='bbox 374 3229 601 3294; x_wconf 73' lang='lat' dir='ltr'>Bartholomeo</span> <span class='ocrx_word' id='word_1_232' title='bbox 615 3227 656 3293; x_wconf 92' lang='lat' dir='ltr'>de</span> <span class='ocrx_word' id='word_1_233' title='bbox 672 3227 752 3295; x_wconf 81' lang='lat' dir='ltr'>Grec</span> <span class='ocrx_word' id='word_1_234' title='bbox 767 3228 807 3294; x_wconf 93' lang='lat' dir='ltr'>de</span> <span class='ocrx_word' id='word_1_235' title='bbox 823 3229 942 3316; x_wconf 80' lang='lat' dir='ltr'>placito</span> <span class='ocrx_word' id='word_1_236' title='bbox 957 3229 1044 3316; x_wconf 94' lang='lat' dir='ltr'>quod</span> <span class='ocrx_word' id='word_1_237' title='bbox 1063 3229 1234 3315; x_wconf 84' lang='lat' dir='ltr'>permittet</span> <span class='ocrx_word' id='word_1_238' title='bbox 1254 3251 1328 3293; x_wconf 91' lang='lat' dir='ltr'>eum</span> <span class='ocrx_word' id='word_1_239' title='bbox 1350 3251 1480 3314; x_wconf 89' lang='lat' dir='ltr'>presen-</span> 
     </span>
    </p>
   </div>
   <div class='ocr_carea' id='block_1_7' title="bbox 374 3333 1479 3421">
    <p class='ocr_par' dir='ltr' id='par_1_8' title="bbox 374 3333 1479 3421">
     <span class='ocr_line' id='line_1_28' title="bbox 374 3333 1479 3421; baseline -0.002 -22"><span class='ocrx_word' id='word_1_240' title='bbox 374 3344 442 3400; x_wconf 82' lang='lat' dir='ltr'>tare</span> <span class='ocrx_word' id='word_1_241' title='bbox 468 3334 627 3420; x_wconf 83' lang='lat' dir='ltr'>ydoneam</span> <span class='ocrx_word' id='word_1_242' title='bbox 653 3356 821 3420; x_wconf 83' lang='lat' dir='ltr'>personam</span> <span class='ocrx_word' id='word_1_243' title='bbox 848 3335 889 3401; x_wconf 81' lang='lat' dir='ltr'>ad</span> <span class='ocrx_word' id='word_1_244' title='bbox 915 3335 1082 3402; x_wconf 80' lang='lat' dir='ltr'>ecclesiam</span> <span class='ocrx_word' id='word_1_245' title='bbox 1105 3333 1146 3399; x_wconf 88' lang='lat' dir='ltr'>de</span> <span class='ocrx_word' id='word_1_246' title='bbox 1173 3333 1358 3421; x_wconf 81' lang='lat' dir='ltr'>Elmighem</span> <span class='ocrx_word' id='word_1_247' title='bbox 1368 3333 1389 3366; x_wconf 90' lang='lat'>¹⁰</span> <span class='ocrx_word' id='word_1_248' title='bbox 1415 3357 1479 3420; x_wconf 89' lang='lat' dir='ltr'>que</span> 
     </span>
    </p>
   </div>
   <div class='ocr_carea' id='block_1_8' title="bbox 373 3440 1478 3630">
    <p class='ocr_par' dir='ltr' id='par_1_9' title="bbox 373 3440 1478 3630">
     <span class='ocr_line' id='line_1_29' title="bbox 373 3440 1478 3527; baseline 0.001 -24"><span class='ocrx_word' id='word_1_249' title='bbox 373 3447 468 3504; x_wconf 82' lang='lat' dir='ltr'>uacet</span> <span class='ocrx_word' id='word_1_250' title='bbox 494 3448 528 3504; x_wconf 91' lang='lat' dir='ltr'>et</span> <span class='ocrx_word' id='word_1_251' title='bbox 554 3440 595 3505; x_wconf 83' lang='lat' dir='ltr'>ed</span> <span class='ocrx_word' id='word_1_252' title='bbox 620 3463 711 3506; x_wconf 84' lang='lat' dir='ltr'>suem</span> <span class='ocrx_word' id='word_1_253' title='bbox 737 3449 863 3527; x_wconf 86' lang='lat' dir='ltr'>spectat</span> <span class='ocrx_word' id='word_1_254' title='bbox 889 3442 1097 3507; x_wconf 81' lang='lat' dir='ltr'>donacionem</span> <span class='ocrx_word' id='word_1_255' title='bbox 1125 3449 1193 3518; x_wconf 85' lang='lat' dir='ltr'>etc,</span> <span class='ocrx_word' id='word_1_256' title='bbox 1218 3450 1252 3505; x_wconf 90' lang='lat' dir='ltr'>et</span> <span class='ocrx_word' id='word_1_257' title='bbox 1278 3440 1365 3506; x_wconf 91' lang='lat' dir='ltr'>unde</span> <span class='ocrx_word' id='word_1_258' title='bbox 1391 3440 1478 3505; x_wconf 93' lang='lat' dir='ltr'>idem</span> 
     </span>
     <span class='ocr_line' id='line_1_30' title="bbox 373 3542 1477 3630; baseline 0.004 -24"><span class='ocrx_word' id='word_1_259' title='bbox 373 3542 619 3607; x_wconf 78' lang='lat' dir='ltr'>Bartholomeus</span> <span class='ocrx_word' id='word_1_260' title='bbox 642 3543 785 3609; x_wconf 84' lang='lat' dir='ltr'>ostendit</span> <span class='ocrx_word' id='word_1_261' title='bbox 808 3545 894 3630; x_wconf 90' lang='lat' dir='ltr'>quod</span> <span class='ocrx_word' id='word_1_262' title='bbox 918 3545 1017 3610; x_wconf 89' lang='lat' dir='ltr'>debet</span> <span class='ocrx_word' id='word_1_263' title='bbox 1040 3553 1225 3630; x_wconf 78' lang='lat' dir='ltr'>presentare</span> <span class='ocrx_word' id='word_1_264' title='bbox 1245 3544 1289 3610; x_wconf 79' lang='lat' dir='ltr'>ed</span> <span class='ocrx_word' id='word_1_265' title='bbox 1312 3545 1477 3610; x_wconf 82' lang='lat' dir='ltr'>ecelesiam</span> 
     </span>
    </p>
   </div>
   <div class='ocr_carea' id='block_1_9' title="bbox 371 3762 1479 4546">
    <p class='ocr_par' dir='ltr' id='par_1_10' title="bbox 371 3762 1479 4546">
     <span class='ocr_line' id='line_1_31' title="bbox 406 3762 1479 3828; baseline 0.004 -17"><span class='ocrx_word' id='word_1_266' title='bbox 406 3763 413 3793; x_wconf 93' lang='lat'>¹</span> <span class='ocrx_word' id='word_1_267' title='bbox 433 3762 501 3814; x_wconf 83' lang='lat' dir='ltr'>Gerr.</span> <span class='ocrx_word' id='word_1_268' title='bbox 532 3772 555 3811; x_wconf 80' lang='lat' dir='ltr'>et</span> <span class='ocrx_word' id='word_1_269' title='bbox 581 3765 677 3812; x_wconf 86' lang='lat' dir='ltr'>domum</span> <span class='ocrx_word' id='word_1_270' title='bbox 699 3779 770 3813; x_wconf 79' lang='lat' dir='ltr'>suam</span> <span class='ocrx_word' id='word_1_271' title='bbox 793 3765 898 3812; x_wconf 74' lang='lat' dir='ltr'>assulto-</span> <span class='ocrx_word' id='word_1_272' title='bbox 984 3765 1359 3815; x_wconf 67' lang='lat' dir='ltr'>“Thismcrkssnomiesiom</span> <span class='ocrx_word' id='word_1_273' title='bbox 1389 3767 1479 3828; x_wconf 75' lang='lat' dir='ltr'>Henry</span> 
     </span>
     <span class='ocr_line' id='line_1_32' title="bbox 371 3828 1477 3893; baseline 0.004 -17"><span class='ocrx_word' id='word_1_274' title='bbox 371 3835 471 3885; x_wconf 77' lang='lat' dir='ltr'>oerum,</span> <span class='ocrx_word' id='word_1_275' title='bbox 483 3828 513 3878; x_wconf 77' lang='lat' dir='ltr'>A.</span> <span class='ocrx_word' id='word_1_276' title='bbox 528 3828 556 3876; x_wconf 90' lang='lat' dir='ltr'>B.</span> <span class='ocrx_word' id='word_1_277' title='bbox 951 3831 1073 3892; x_wconf 82' lang='lat' dir='ltr'>proceeds</span> <span class='ocrx_word' id='word_1_278' title='bbox 1093 3835 1121 3879; x_wconf 92' lang='lat' dir='ltr'>to</span> <span class='ocrx_word' id='word_1_279' title='bbox 1141 3835 1208 3880; x_wconf 79' lang='lat' dir='ltr'>state</span> <span class='ocrx_word' id='word_1_280' title='bbox 1226 3831 1285 3880; x_wconf 82' lang='lat' dir='ltr'>thet</span> <span class='ocrx_word' id='word_1_281' title='bbox 1308 3830 1393 3893; x_wconf 84' lang='lat' dir='ltr'>Relph</span> <span class='ocrx_word' id='word_1_282' title='bbox 1416 3833 1477 3880; x_wconf 88' lang='lat' dir='ltr'>took</span> 
     </span>
     <span class='ocr_line' id='line_1_33' title="bbox 404 3893 1478 3958; baseline 0.004 -17"><span class='ocrx_word' id='word_1_283' title='bbox 404 3893 503 3941; x_wconf 71' lang='lat' dir='ltr'>’Corn</span> <span class='ocrx_word' id='word_1_284' title='bbox 527 3896 555 3942; x_wconf 77' lang='lat' dir='ltr'>in</span> <span class='ocrx_word' id='word_1_285' title='bbox 575 3896 672 3942; x_wconf 78' lang='lat' dir='ltr'>roberto</span> <span class='ocrx_word' id='word_1_286' title='bbox 692 3897 715 3942; x_wconf 83' lang='lat' dir='ltr'>ei</span> <span class='ocrx_word' id='word_1_287' title='bbox 732 3896 898 3949; x_wconf 80' lang='lat' dir='ltr'>abstulerunt.</span> <span class='ocrx_word' id='word_1_288' title='bbox 951 3909 1024 3957; x_wconf 76' lang='lat' dir='ltr'>ewsy</span> <span class='ocrx_word' id='word_1_289' title='bbox 1035 3894 1148 3957; x_wconf 75' lang='lat' dir='ltr'>Henry’s</span> <span class='ocrx_word' id='word_1_290' title='bbox 1159 3895 1224 3954; x_wconf 83' lang='lat' dir='ltr'>wile,</span> <span class='ocrx_word' id='word_1_291' title='bbox 1242 3896 1300 3944; x_wconf 82' lang='lat' dir='ltr'>thot</span> <span class='ocrx_word' id='word_1_292' title='bbox 1315 3897 1382 3945; x_wconf 82' lang='lat' dir='ltr'>after</span> <span class='ocrx_word' id='word_1_293' title='bbox 1397 3896 1478 3958; x_wconf 78' lang='lat' dir='ltr'>living</span> 
     </span>
     <span class='ocr_line' id='line_1_34' title="bbox 372 3958 1479 4024; baseline 0.004 -18"><span class='ocrx_word' id='word_1_294' title='bbox 372 3960 402 4006; x_wconf 82' lang='lat' dir='ltr'>A.</span> <span class='ocrx_word' id='word_1_295' title='bbox 426 3958 513 4008; x_wconf 86' lang='lat' dir='ltr'>Fuller</span> <span class='ocrx_word' id='word_1_296' title='bbox 525 3959 619 4008; x_wconf 78' lang='lat' dir='ltr'>details</span> <span class='ocrx_word' id='word_1_297' title='bbox 630 3959 657 4006; x_wconf 92' lang='lat' dir='ltr'>in</span> <span class='ocrx_word' id='word_1_298' title='bbox 669 3961 699 4006; x_wconf 78' lang='lat' dir='ltr'>A.</span> <span class='ocrx_word' id='word_1_299' title='bbox 712 3959 741 4006; x_wconf 91' lang='lat' dir='ltr'>B.</span> <span class='ocrx_word' id='word_1_300' title='bbox 952 3959 1014 4008; x_wconf 83' lang='lat' dir='ltr'>with</span> <span class='ocrx_word' id='word_1_301' title='bbox 1025 3960 1110 4022; x_wconf 83' lang='lat' dir='ltr'>Relph</span> <span class='ocrx_word' id='word_1_302' title='bbox 1123 3960 1329 4010; x_wconf 78' lang='lat' dir='ltr'>shecnmeback</span> <span class='ocrx_word' id='word_1_303' title='bbox 1345 3965 1373 4010; x_wconf 92' lang='lat' dir='ltr'>to</span> <span class='ocrx_word' id='word_1_304' title='bbox 1390 3963 1479 4024; x_wconf 82' lang='lat' dir='ltr'>Henry</span> 
     </span>
     <span class='ocr_line' id='line_1_35' title="bbox 404 4023 1478 4086; baseline 0.003 -14"><span class='ocrx_word' id='word_1_305' title='bbox 404 4023 415 4054; x_wconf 78' lang='lat'>³</span> <span class='ocrx_word' id='word_1_306' title='bbox 431 4026 534 4072; x_wconf 75' lang='lat' dir='ltr'>euvtdem</span> <span class='ocrx_word' id='word_1_307' title='bbox 546 4026 691 4080; x_wconf 65' lang='lat' dir='ltr'>Henricunu</span> <span class='ocrx_word' id='word_1_308' title='bbox 704 4025 734 4072; x_wconf 83' lang='lat' dir='ltr'>A.</span> <span class='ocrx_word' id='word_1_309' title='bbox 747 4023 777 4071; x_wconf 93' lang='lat' dir='ltr'>B.</span> <span class='ocrx_word' id='word_1_310' title='bbox 951 4025 1071 4086; x_wconf 78' lang='lat' dir='ltr'>bringing</span> <span class='ocrx_word' id='word_1_311' title='bbox 1082 4025 1128 4074; x_wconf 89' lang='lat' dir='ltr'>her</span> <span class='ocrx_word' id='word_1_312' title='bbox 1139 4027 1238 4074; x_wconf 88' lang='lat' dir='ltr'>clothes</span> <span class='ocrx_word' id='word_1_313' title='bbox 1249 4025 1313 4074; x_wconf 85' lang='lat' dir='ltr'>with</span> <span class='ocrx_word' id='word_1_314' title='bbox 1327 4025 1382 4083; x_wconf 89' lang='lat' dir='ltr'>her,</span> <span class='ocrx_word' id='word_1_315' title='bbox 1394 4026 1478 4076; x_wconf 84' lang='lat' dir='ltr'>which</span> 
     </span>
     <span class='ocr_line' id='line_1_36' title="bbox 404 4087 1358 4154; baseline 0.002 -18"><span class='ocrx_word' id='word_1_316' title='bbox 404 4089 415 4120; x_wconf 88' lang='lat'><strong>⁴</strong></span> <span class='ocrx_word' id='word_1_317' title='bbox 431 4087 486 4138; x_wconf 83' lang='lat' dir='ltr'>The</span> <span class='ocrx_word' id='word_1_318' title='bbox 497 4089 611 4152; x_wconf 78' lang='lat' dir='ltr'>appellor</span> <span class='ocrx_word' id='word_1_319' title='bbox 622 4091 692 4138; x_wconf 86' lang='lat' dir='ltr'>must</span> <span class='ocrx_word' id='word_1_320' title='bbox 704 4089 783 4152; x_wconf 83' lang='lat' dir='ltr'>speek</span> <span class='ocrx_word' id='word_1_321' title='bbox 793 4089 820 4138; x_wconf 84' lang='lat' dir='ltr'>oi</span> <span class='ocrx_word' id='word_1_322' title='bbox 831 4089 900 4138; x_wconf 80' lang='lat' dir='ltr'>what</span> <span class='ocrx_word' id='word_1_323' title='bbox 951 4089 973 4138; x_wconf 89' lang='lat' dir='ltr'>is</span> <span class='ocrx_word' id='word_1_324' title='bbox 985 4089 1030 4138; x_wconf 87' lang='lat' dir='ltr'>the</span> <span class='ocrx_word' id='word_1_325' title='bbox 1042 4090 1137 4152; x_wconf 74' lang='lat' dir='ltr'>alleged</span> <span class='ocrx_word' id='word_1_326' title='bbox 1149 4090 1264 4154; x_wconf 83' lang='lat' dir='ltr'>robbery.</span> <span class='ocrx_word' id='word_1_327' title='bbox 1286 4091 1316 4139; x_wconf 77' lang='lat' dir='ltr'>A.</span> <span class='ocrx_word' id='word_1_328' title='bbox 1328 4091 1358 4139; x_wconf 93' lang='lat' dir='ltr'>B.</span> 
     </span>
     <span class='ocr_line' id='line_1_37' title="bbox 371 4151 1479 4219; baseline 0.005 -18"><span class='ocrx_word' id='word_1_329' title='bbox 371 4151 405 4202; x_wconf 89' lang='lat' dir='ltr'>he</span> <span class='ocrx_word' id='word_1_330' title='bbox 419 4153 527 4204; x_wconf 77' lang='lat' dir='ltr'>himself</span> <span class='ocrx_word' id='word_1_331' title='bbox 544 4153 593 4204; x_wconf 76' lang='lat' dir='ltr'>hes</span> <span class='ocrx_word' id='word_1_332' title='bbox 609 4168 669 4203; x_wconf 86' lang='lat' dir='ltr'>seen</span> <span class='ocrx_word' id='word_1_333' title='bbox 686 4169 715 4204; x_wconf 88' lang='lat' dir='ltr'>or</span> <span class='ocrx_word' id='word_1_334' title='bbox 731 4153 819 4204; x_wconf 74' lang='lat' dir='ltr'>heard.</span> <span class='ocrx_word' id='word_1_335' title='bbox 853 4154 896 4204; x_wconf 89' lang='lat' dir='ltr'>Br.</span> <span class='ocrx_word' id='word_1_336' title='bbox 983 4153 1083 4204; x_wconf 81' lang='lat' dir='ltr'>⁷Gorr.</span> <span class='ocrx_word' id='word_1_337' title='bbox 1103 4171 1214 4219; x_wconf 69' lang='lat' dir='ltr'>utiquam</span> <span class='ocrx_word' id='word_1_338' title='bbox 1236 4159 1318 4219; x_wconf 75' lang='lat' dir='ltr'>ipmm</span> <span class='ocrx_word' id='word_1_339' title='bbox 1340 4157 1479 4207; x_wconf 69' lang='lat' dir='ltr'>Hau-imm</span> 
     </span>
     <span class='ocr_line' id='line_1_38' title="bbox 373 4218 1236 4317; baseline 0.005 -51"><span class='ocrx_word' id='word_1_340' title='bbox 373 4218 391 4266; x_wconf 87' lang='grc'><strong>1.</strong></span> <span class='ocrx_word' id='word_1_341' title='bbox 404 4219 460 4266; x_wconf 85' lang='grc'><strong>141.</strong></span> <span class='ocrx_word' id='word_1_342' title='bbox 706 4225 707 4228; x_wconf 78' lang='grc'>’</span> <span class='ocrx_word' id='word_1_343' title='bbox 951 4221 1151 4317; x_wconf 80' lang='lat' dir='ltr'>appellauerunt,</span> <span class='ocrx_word' id='word_1_344' title='bbox 1163 4221 1193 4269; x_wconf 80' lang='lat' dir='ltr'>A.</span> <span class='ocrx_word' id='word_1_345' title='bbox 1205 4221 1236 4270; x_wconf 94' lang='lat' dir='ltr'>B.</span> 
     </span>
     <span class='ocr_line' id='line_1_39' title="bbox 406 4282 1479 4347; baseline 0.006 -16"><span class='ocrx_word' id='word_1_346' title='bbox 406 4284 416 4314; x_wconf 78' lang='lat'><strong>⁶</strong></span> <span class='ocrx_word' id='word_1_347' title='bbox 434 4282 516 4332; x_wconf 82' lang='lat' dir='ltr'>There</span> <span class='ocrx_word' id='word_1_348' title='bbox 534 4297 577 4332; x_wconf 76' lang='lat' dir='ltr'>ere</span> <span class='ocrx_word' id='word_1_349' title='bbox 593 4287 643 4333; x_wconf 81' lang='lat' dir='ltr'>two</span> <span class='ocrx_word' id='word_1_350' title='bbox 663 4283 832 4334; x_wconf 72' lang='lat' dir='ltr'>subordinate</span> <span class='ocrx_word' id='word_1_351' title='bbox 854 4297 897 4346; x_wconf 80' lang='lat' dir='ltr'>ep·</span> <span class='ocrx_word' id='word_1_352' title='bbox 1010 4285 1096 4347; x_wconf 82' lang='lat' dir='ltr'>Relph</span> <span class='ocrx_word' id='word_1_353' title='bbox 1104 4284 1156 4336; x_wconf 80' lang='lat' dir='ltr'>end</span> <span class='ocrx_word' id='word_1_354' title='bbox 1163 4285 1205 4334; x_wconf 90' lang='lat' dir='ltr'>his</span> <span class='ocrx_word' id='word_1_355' title='bbox 1211 4286 1479 4337; x_wconf 78' lang='lat' dir='ltr'>fellowsereumeroed</span> 
     </span>
     <span class='ocr_line' id='line_1_40' title="bbox 373 4347 1470 4411; baseline 0.005 -16"><span class='ocrx_word' id='word_1_356' title='bbox 373 4347 476 4410; x_wconf 86' lang='lat' dir='ltr'>pellors‚</span> <span class='ocrx_word' id='word_1_357' title='bbox 490 4348 547 4398; x_wconf 87' lang='lat' dir='ltr'>who</span> <span class='ocrx_word' id='word_1_358' title='bbox 562 4347 678 4398; x_wconf 82' lang='lat' dir='ltr'>however</span> <span class='ocrx_word' id='word_1_359' title='bbox 695 4349 728 4398; x_wconf 89' lang='lat' dir='ltr'>do</span> <span class='ocrx_word' id='word_1_360' title='bbox 743 4353 790 4398; x_wconf 90' lang='lat' dir='ltr'>not</span> <span class='ocrx_word' id='word_1_361' title='bbox 807 4349 899 4411; x_wconf 81' lang='lat' dir='ltr'>eppesl</span> <span class='ocrx_word' id='word_1_362' title='bbox 950 4349 1002 4400; x_wconf 80' lang='lat' dir='ltr'>und</span> <span class='ocrx_word' id='word_1_363' title='bbox 1012 4351 1087 4400; x_wconf 79' lang='lat' dir='ltr'>melre</span> <span class='ocrx_word' id='word_1_364' title='bbox 1098 4352 1149 4400; x_wconf 90' lang='lat' dir='ltr'>fine</span> <span class='ocrx_word' id='word_1_365' title='bbox 1161 4350 1223 4400; x_wconf 80' lang='lat' dir='ltr'>with</span> <span class='ocrx_word' id='word_1_366' title='bbox 1233 4351 1384 4403; x_wconf 82' lang='lat' dir='ltr'>fivemarks.</span> <span class='ocrx_word' id='word_1_367' title='bbox 1398 4353 1428 4401; x_wconf 77' lang='lat' dir='ltr'>A.</span> <span class='ocrx_word' id='word_1_368' title='bbox 1439 4352 1470 4403; x_wconf 91' lang='lat' dir='ltr'>B.</span> 
     </span>
     <span class='ocr_line' id='line_1_41' title="bbox 373 4412 1330 4480; baseline 0.006 -20"><span class='ocrx_word' id='word_1_369' title='bbox 373 4412 463 4474; x_wconf 77' lang='lat' dir='ltr'>Henry</span> <span class='ocrx_word' id='word_1_370' title='bbox 474 4412 521 4462; x_wconf 93' lang='lat' dir='ltr'>but</span> <span class='ocrx_word' id='word_1_371' title='bbox 537 4413 599 4476; x_wconf 86' lang='lat' dir='ltr'>only</span> <span class='ocrx_word' id='word_1_372' title='bbox 611 4414 721 4480; x_wconf 80' lang='lat' dir='ltr'>Henry’s</span> <span class='ocrx_word' id='word_1_373' title='bbox 737 4414 898 4466; x_wconf 74' lang='lat' dir='ltr'>socessoriee.</span> <span class='ocrx_word' id='word_1_374' title='bbox 982 4415 993 4448; x_wconf 78' lang='lat'><strong>⁹</strong></span> <span class='ocrx_word' id='word_1_375' title='bbox 1011 4415 1040 4464; x_wconf 76' lang='lat' dir='ltr'>A.</span> <span class='ocrx_word' id='word_1_376' title='bbox 1053 4430 1088 4465; x_wconf 89' lang='lat' dir='ltr'>m.</span> <span class='ocrx_word' id='word_1_377' title='bbox 1102 4417 1132 4466; x_wconf 85' lang='lat'>10</span> <span class='ocrx_word' id='word_1_378' title='bbox 1141 4415 1171 4474; x_wconf 79' lang='lat'>(13</span> <span class='ocrx_word' id='word_1_379' title='bbox 1190 4416 1221 4465; x_wconf 88' lang='lat' dir='ltr'>B.</span> <span class='ocrx_word' id='word_1_380' title='bbox 1234 4431 1269 4466; x_wconf 91' lang='lat' dir='ltr'>m.</span> <span class='ocrx_word' id='word_1_381' title='bbox 1283 4417 1330 4468; x_wconf 72' lang='lat' dir='ltr'>ld.</span> 
     </span>
     <span class='ocr_line' id='line_1_42' title="bbox 373 4477 1252 4546; baseline 0.003 -16"><span class='ocrx_word' id='word_1_382' title='bbox 373 4477 402 4530; x_wconf 81' lang='lat' dir='ltr'>A.</span> <span class='ocrx_word' id='word_1_383' title='bbox 415 4477 444 4532; x_wconf 88' lang='lat' dir='ltr'>B.</span> <span class='ocrx_word' id='word_1_384' title='bbox 984 4479 1004 4512; x_wconf 85' lang='lat'>¹⁰</span> <span class='ocrx_word' id='word_1_385' title='bbox 1020 4483 1209 4546; x_wconf 60' lang='lat' dir='ltr'>Ramnetum,</span> <span class='ocrx_word' id='word_1_386' title='bbox 1223 4482 1252 4534; x_wconf 78' lang='lat' dir='ltr'>A.</span> 
     </span>
    </p>
   </div>
   <div class='ocr_carea' id='block_1_10' title="bbox 0 0 1684 5236">
    <p class='ocr_par' dir='ltr' id='par_1_11' title="bbox 0 0 1684 5236">
     <span class='ocr_line' id='line_1_43' title="bbox 0 0 1684 5236; baseline 0 2"><span class='ocrx_word' id='word_1_387' title='bbox 0 0 1684 5236; x_wconf 95' lang='lat' dir='ltr'> </span> 
     </span>
    </p>
   </div>
  </div>
 </body>
</html>
