3308 5226
217 962 274 1002 Note
281 962 306 1002 dc
315 971 362 1012 pro-

216 1009 316 1050 hlbtttono
323 1012 345 1048 et

216 1057 366 1142 tthffitt'

216 1159 253 1198 pos
271 1149 360 1198 prohibt-

215 1196 292 1235 ttonem
301 1199 332 1235 set

215 1243 272 1292 quod
280 1243 335 1282 debi-

216 1293 261 1329 tum
270 1290 350 1329 conuic-

139 1363 144 1375 .
215 1341 260 1376 tuni
269 1336 307 1376 fnit
315 1337 336 1375 tn

216 1385 261 1422 utto
269 1386 329 1422 tetu-

215 1429 285 1469 tom.

379 459 443 522 620
588 471 824 532 mensnmms,
847 471 911 521 nn.
936 457 1029 534 1233,
1052 471 1115 520 nn
1140 457 1275 524 17-18.

379 669 419 710 ex
441 667 538 710 censa
559 644 676 721 mutui,
698 649 733 708 et
755 651 952 730 cognoscunt
974 644 1060 729 quod
1086 643 1244 730 placitum
1274 643 1356 709 illud
1385 643 1491 709 secuti

379 751 511 814 suerunt
526 771 628 835 usqne
643 747 685 813 ad
700 746 954 833 prohibicionem
970 755 1020 812 set
1031 769 1198 834 nunquam
1210 757 1284 835 post
1295 749 1489 836 prohibicio-

379 875 454 917 nem
469 851 601 938 sequuti
616 851 756 915 fuerunt.

445 956 488 1020 Et
504 956 620 1021 Petrus
635 977 693 1042 per
707 961 910 1019 attornetum
926 975 1022 1018 suum
1037 954 1131 1020 uenit
1146 963 1181 1020 et
1203 955 1283 1021 dicit
1305 957 1393 1043 quod
1416 965 1490 1043 post

379 1059 631 1147 prohibicionem
654 1057 758 1124 secuti
779 1067 857 1121 sunt
879 1057 1036 1144 placitum
1059 1067 1094 1123 et
1116 1058 1202 1145 quod
1228 1059 1376 1124 debitum
1406 1059 1491 1124 illud

379 1189 443 1230 non
458 1165 647 1243 debebatur,
662 1187 721 1230 nce
736 1163 822 1228 idem
835 1163 951 1227 Petrus
963 1185 1106 1248 unquam
1118 1163 1287 1228 conuictus
1296 1163 1360 1227 fuit
1371 1165 1406 1228 in
1418 1165 1491 1230 uite

379 1269 494 1355 ipsius²
516 1257 746 1356 super'debito
769 1267 834 1344 illo,
856 1289 914 1332 nec
936 1267 1085 1333 debitum
1115 1267 1197 1332 iilud
1226 1269 1394 1355 cognitum
1427 1270 1491 1334 suit

380 1396 523 1459 unquam
545 1373 580 1438 in
603 1373 674 1437 uita
696 1371 797 1458 ipsius
820 1371 959 1436 Gnlfiidi
981 1380 1040 1437 etc.
1086 1372 1131 1436 Et
1153 1372 1231 1457 quin
1251 1372 1401 1438 debitum
1424 1397 1490 1438 non

380 1479 443 1543 fuit
473 1479 640 1565 cognitum
671 1477 849 1542 secundum
880 1476 967 1563 quod
997 1476 1179 1562 predictum
1210 1485 1260 1542 est
1290 1477 1491 1544 dictumest

380 1583 504 1649 Abbati
526 1593 561 1647 et
584 1581 769 1648 Baldewino
792 1581 879 1667 quod
901 1582 1050 1646 decetero
1073 1603 1137 1644 non
1167 1591 1347 1667 sequentur
1376 1606 1491 1648 uersus

380 1691 487 1775 ipsum
518 1688 660 1766 Petrum,
690 1695 740 1752 set
770 1687 904 1752 heredes
934 1685 1036 1772 ipsius
1065 1687 1255 1772 perquirent
1284 1687 1346 1752 sibi
1376 1710 1492 1754 uersus

380 1795 487 1880 ipsum
503 1795 637 1859 Petrum
652 1791 679 1858 si
695 1791 839 1856 uiderint
854 1789 1014 1876 expedire.

444 1895 626 1962 ⁸Johonnes
647 1896 688 1960 de
711 1895 800 1960 Dine
820 1895 1038 1959 summonitus
1065 1895 1128 1960 fuit
1157 1896 1200 1961 ed
1228 1895 1491 1983 respondendum

283 2025 309 2054 en
380 1999 527 2066 Juliene⁴
542 2000 582 2065 de
598 1999 717 2085 placito
732 2021 831 2085 quare
848 2021 912 2062 non
927 1998 1076 2084 equietet
1091 2021 1163 2064 enm
1179 2022 1292 2064 uersus
1312 1999 1491 2064 Ricardum

220 2853 276 2893 Non
284 2853 311 2894 de

220 2900 288 2940 medio
296 2899 353 2949 qnod

219 2947 327 2996 mulsum
336 2948 371 2986 ds-

220 2995 254 3033 Μ
262 2997 366 3034 unomen·

221 3045 266 3080 tum
274 3041 331 3090 quod

220 3087 363 3128 dutumutln

221 3134 309 3173 liberum

221 3181 352 3228 manhatum

221 3237 288 3276 usque
297 3229 324 3267 nd

221 3275 307 3314 torcium
314 3276 372 3315 herc

221 3322 287 3361 demt

381 2104 485 2169 filium
515 2103 612 2190 neg*
641 2103 682 2168 de
712 2103 857 2168 seruiciis
889 2112 924 2168 et
960 2105 1249 2170 consuetudinibus
1286 2127 1366 2191 ques
1403 2105 1493 2170 idem

381 2207 539 2272 Ricardus
554 2206 657 2294 exigit
672 2207 713 2272 ab
729 2229 768 2271 ea
782 2206 822 2271 de
839 2214 1027 2270 tenemento
1043 2206 1130 2293 quod
1152 2215 1245 2272 tenet
1267 2208 1302 2272 in
1324 2209 1492 2274 Maxstun'

380 2311 558 2390 ‘Huchem
573 2321 607 2376 et
622 2310 709 2375 unde
724 2332 796 2374 eam
811 2310 979 2395 equietere
999 2309 1098 2375 dehet
1121 2333 1160 2375 eo
1182 2311 1268 2396 quod
1291 2311 1418 2376 medius
1440 2321 1493 2376 est

382 2415 545 2492 intereos,
560 2423 595 2479 et
611 2413 696 2478 unde
712 2411 825 2477 endem
840 2412 975 2477 Julienn
990 2413 1112 2498 profert
1134 2421 1256 2478 certam
1280 2413 1425 2500 Philippi
1448 2415 1491 2480 de

383 2520 469 2585 Dine
490 2519 700 2584 antecessoris
722 2517 824 2604 ipsius
845 2516 1005 2582 «iohannis
1027 2539 1091 2604 que
1114 2525 1256 2582 testetur
1286 2519 1372 2605 quod
1402 2529 1493 2584 tene-

383 2631 531 2686 mentum
553 2621 635 2686 illud
657 2620 772 2686 datum
795 2620 859 2684 fuit
881 2620 916 2684 in
939 2619 1077 2684 liberum
1100 2621 1320 2708 maritagium,
1344 2631 1378 2686 ct
1403 2621 1491 2687 unde

383 2727 453 2812 ipse
466 2725 546 2790 dicit
561 2725 647 2811 quod
662 2724 825 2810 predictus
840 2723 997 2788 Ricardus
1012 2747 1084 2789 eem
1100 2723 1268 2812 distringit
1282 2747 1340 2811 pro
1355 2725 1493 2791 seruicio

382 2827 510 2892 dimidii
525 2825 647 2903 militis,
662 2825 748 2890 unde
764 2826 851 2890 idem
867 2825 1034 2891 Johnnnes
1049 2849 1120 2891 eam
1144 2826 1312 2912 equietere
1333 2826 1434 2892 debet
1457 2837 1492 2892 et

382 2955 484 3019 usque
513 2931 556 2997 ed
585 2931 719 2995 tercium
751 2930 913 3009 heredem,
942 2939 977 2996 et
1008 2932 1093 2996 unde
1123 2932 1272 3017 queritur
1308 2931 1395 3018 quod
1432 2954 1491 3017 per

382 3037 619 3102 districcionem
633 3035 723 3100 illem
735 3043 769 3099 et
782 3057 838 3120 pro
849 3035 978 3100 defectu
991 3019 1093 3121 ipsius
1104 3036 1127 3100 J
1128 3035 1265 3100 ohannis
1276 3036 1491 3101 deterioratus

383 3149 524 3218 estete,
547 3148 581 3204 et
603 3138 780 3225 dampnum
804 3138 904 3204 habet
926 3138 968 3203 ad
991 3139 1171 3204 ualenciem
1196 3163 1224 3204 x.
1248 3162 1343 3204 merc.
1364 3149 1399 3204 et
1415 3139 1491 3205 inde

383 3241 532 3328 producit
547 3251 675 3307 sectam.

450 3347 493 3410 Et
507 3346 531 3411 J
531 3346 673 3430 ohannes
689 3345 780 3410 uenit
796 3352 830 3411 et
844 3345 927 3410 bene
939 3346 1102 3433 cognoscit
1118 3346 1205 3433 quod
1228 3369 1300 3412 eam
1323 3347 1491 3433 aquieture

382 3448 481 3514 debet
503 3449 544 3514 de
566 3457 753 3514 tenemento
774 3449 831 3512 illo
853 3457 887 3513 et
909 3449 995 3535 quod
1017 3449 1099 3514 illud
1121 3449 1236 3514 dutum
1259 3449 1324 3514 fuit
1345 3450 1380 3514 in
1396 3450 1493 3514 meri·

384 3555 520 3641 teginm,
542 3563 576 3618 et
598 3554 679 3619 bene
702 3552 849 3617 defendit
871 3551 957 3638 quod
979 3561 1112 3638 propter
1133 3552 1297 3617 defectum
1314 3575 1411 3617 suum
1426 3575 1492 3616 non

383 3657 598 3745 distringitur,
627 3667 661 3723 et
690 3658 763 3723 ideo
792 3656 1030 3722 consideratum
1061 3657 1148 3744 quod
1177 3657 1306 3723 uadint⁸
1328 3657 1434 3744 legem
1457 3679 1492 3722 se

383 3761 436 3846 xij.
468 3784 566 3827 menn
597 3771 632 3827 et
661 3761 774 3826 ueniet
802 3783 877 3826 cum
907 3761 979 3848 lege
1009 3783 1030 3826 e
1058 3761 1111 3825 die
1141 3769 1201 3826 etc.
1247 3761 1364 3826 Postea
1398 3761 1493 3826 uenit

383 3866 519 3932 Juliene
539 3889 598 3952 per
618 3873 821 3930 ettometum
844 3887 941 3929 suum
964 3873 998 3929 et
1020 3865 1163 3930 remittit
1187 3867 1300 3951 legem,
1316 3873 1350 3928 et
1366 3864 1493 3929 dictum

384 3979 435 4035 est
448 3970 472 4035 J
473 3970 592 4035 ohenni
607 3969 693 4056 quod
708 3969 856 4034 decetero
871 3967 1055 4056 acquietet⁹
1070 3991 1142 4034 eom
1158 3977 1217 4034 etc.

418 4179 428 4211 ¹
444 4177 501 4228 ‘l'ho
516 4179 635 4228 executor
651 4179 747 4226 mnnot
763 4191 809 4226 sue
823 4176 912 4226 unless
995 4177 1006 4208 ⁴
1023 4175 1122 4239 supply
1130 4176 1161 4226 de
1171 4177 1265 4234 (inunt,
1277 4175 1307 4224 Δ.

386 4243 636 4294 thedebthnebeen
648 4241 780 4291 recovered
794 4241 828 4305 by
839 4241 911 4304 jndg·
995 4239 1073 4303 ⁵310,
1087 4242 1117 4292 Δ.

385 4313 458 4358 ment
474 4309 503 4358 in
520 4307 565 4358 the
581 4308 713 4358 testator’s
728 4307 845 4357 lifetime.
877 4307 912 4356 So
995 4305 1006 4337 ⁶
1023 4306 1122 4370 supply
1133 4313 1165 4364 et.
1178 4305 1209 4356 Δ.

385 4375 429 4426 Br.
443 4374 461 4422 ἰ.
473 4373 521 4424 407
530 4372 554 4424 b.
994 4370 1005 4403 ⁷
1022 4371 1065 4422 Br.
1080 4371 1097 4422 r.
1112 4371 1154 4420 21.

419 4439 429 4468 ¹
446 4437 545 4501 Supply
557 4437 681 4500 (taurici,
692 4437 723 4485 Δ.
995 4435 1006 4468 ⁸
1022 4437 1093 4485 Gorr.
1104 4437 1207 4491 hodiem
1225 4435 1297 4496 uud’,
1310 4435 1339 4485 Δ.

418 4503 429 4535 ³
445 4503 475 4551 Δ.
488 4517 523 4551 m.
535 4503 574 4551 21.
995 4501 1006 4532 ⁹
1023 4503 1143 4563 equiem,
1155 4500 1184 4549 A.
