3360 5236
355 444 418 506 502
652 454 792 513 lumin,
815 451 878 501 nn.
905 440 997 512 1233,
1020 453 1081 501 an.
1108 438 1156 505 17.

354 629 407 715 xij.
433 637 467 694 et
492 651 551 716 per
575 651 685 694 eorum
707 637 945 694 sacramentum
969 638 1028 694 etc.
1052 629 1081 694 si
1103 628 1287 696 Willelmus
1307 631 1466 697 Bonastra

189 736 280 825 Νῡὶῑῆξξ
281 735 336 823 2⁰²³
355 732 518 819 quondam
541 733 593 797 nir
619 733 735 796 Emme
763 731 815 796 die
839 754 903 818 quo
925 731 1062 796 eandem
1085 731 1235 796 Emmam
1257 732 1468 819 desponsauit

191 841 313 963 ἔξψζῇ
305 840 341 869 ‘²¹²²
355 835 483 901 dotauit
498 858 569 900 eam
585 858 644 922 per
658 857 824 900 assensum
840 835 963 900 Leticie
979 835 1093 900 matris
1110 859 1168 900 sue
1183 837 1225 901 de
1240 837 1367 904 duabus
1382 839 1464 925 uirg.

191 935 237 1012 {¹12¹}
241 933 326 964 m
355 945 538 1002 terrenum
561 945 641 1023 pert.
666 937 700 1001 in
724 937 894 1014 Shottona,
916 937 970 1001 uel
993 960 1065 1004 non
1111 938 1156 1002 Et
1178 938 1356 1006 uicecomas
1374 941 1467 1005 misit

355 1041 600 1126 inquisicionem
616 1063 679 1128 que
696 1041 772 1105 talis
787 1047 837 1104 est
852 1037 938 1126 quod
958 1039 1045 1104 idem
1066 1039 1251 1107 Willelmus
1271 1065 1335 1107 non
1355 1043 1468 1130 potuit

356 1167 428 1210 eam
443 1145 519 1209 inde
537 1145 649 1209 dotare
670 1167 729 1210 nec
748 1143 895 1230 predicta
917 1143 1042 1208 Leticia
1057 1143 1099 1209 ad
1122 1145 1181 1210 boc
1203 1147 1335 1232 prebuit
1357 1169 1467 1212 assen-

356 1270 436 1312 sum
482 1247 526 1311 Et
548 1247 620 1312 ideo
642 1246 881 1311 consideratum
903 1231 1062 1332 estquod
1092 1248 1256 1332 predictus
1280 1247 1468 1315 Willelmus

357 1373 470 1416 uersus
484 1373 582 1437 quem
597 1351 668 1438 ipsa
689 1351 805 1416 Emma
821 1349 921 1436 peciit
942 1359 1062 1414 terram
1085 1350 1175 1415 illam
1197 1351 1233 1416 in
1255 1351 1365 1416 dotem
1387 1351 1466 1417 inde

357 1456 427 1521 sine
441 1455 503 1534 die,
518 1464 553 1520 et
568 1455 685 1520 Emma
698 1477 829 1540 pauper.

234 1559 307 1626 738.
423 1560 524 1625 Lucia
553 1582 616 1646 que
645 1559 709 1624 suit
738 1580 819 1623 uxor
848 1557 971 1622 Thome
1001 1556 1042 1622 de
1068 1557 1215 1622 Arderne
1241 1557 1326 1644 petit
1352 1581 1468 1624 uersus

233 1661 305 1702 ΡΜ
358 1663 465 1729 Adam
488 1664 529 1729 de
550 1665 671 1730 Sancta
689 1663 793 1728 Eleus
812 1661 946 1727 terciam
968 1670 1095 1747 partem
1118 1663 1158 1725 xl.
1175 1685 1235 1728 aer.
1252 1671 1336 1726 terre
1358 1671 1393 1728 et
1411 1663 1470 1749 xij.

358 1790 419 1833 aer.
435 1768 520 1853 prati
536 1791 610 1833 cum
625 1776 705 1854 pert.
721 1767 756 1831 in
772 1767 913 1830 Lertona
928 1751 1091 1830 uodonem
1103 1787 1213 1847 suam,
1230 1765 1315 1831 unde
1334 1775 1403 1844 eta,
1418 1767 1469 1833 ita

359 1871 445 1956 quod
467 1871 541 1936 Ada
562 1870 693 1934 uocauit
715 1869 756 1933 ad
781 1881 961 1933 warantum
981 1869 1160 1934 Radulfum
1182 1870 1223 1936 de
1246 1870 1403 1948 Ardeme‚
1431 1883 1469 1936 et

195 1983 286 2024 sono
278 1983 327 2070 „¹⁸⁶¹
358 1973 475 2038 habuit
498 1973 597 2038 breue
626 1973 720 2038 Dom.
747 1972 847 2058 Regis
871 1971 913 2037 de
939 1972 1173 2038 summouendo
1200 1996 1276 2038 eum
1306 1974 1347 2038 ad
1378 1975 1468 2040 hunc

194 2077 238 2220 ΞΜ
219 2031 311 2209 ἔξῇω
358 2076 503 2154 diem,et
469 2077 587 2163 etipse
605 2076 689 2142 dixit
709 2076 796 2163 quod
814 2076 961 2140 nonfuit
983 2077 1201 2142 summonitus
1222 2078 1286 2142 nisi
1307 2101 1366 2164 per
1384 2079 1468 2144 duos

194 2170 427 2256 fflffi‘wdies
448 2181 630 2246 antediem
652 2189 842 2246 contentum
864 2181 899 2244 in
920 2179 1022 2256 breui,
1037 2189 1072 2244 et
1094 2180 1274 2246 nicecomes
1295 2182 1355 2246 hoc
1377 2183 1466 2246 idem

195 2263 335 2350 ttffin'hlt
357 2285 536 2365 mandauit,
558 2294 593 2351 et
614 2287 700 2372 petit
722 2285 950 2350 racionabilem
976 2285 1271 2350 summonicionem.
1318 2286 1362 2350 Et
1391 2287 1468 2351 ideo

194 2355 317 2444 iffi&
357 2387 454 2453 datus
476 2397 527 2454 est
549 2389 579 2454 ei
600 2390 670 2454 dies
692 2413 712 2454 a
733 2390 786 2454 die
809 2397 868 2456 etc.
892 2396 931 2453 ut
953 2387 1118 2474 predictus
1141 2388 1214 2452 Aua
1236 2395 1315 2454 tunc
1344 2389 1468 2454 habeat

296 2567 299 2574 Δ
358 2492 423 2556 tale
435 2514 623 2578 recuperare
633 2493 728 2578 quale
740 2491 859 2556 babere
871 2491 996 2555 debeat
1035 2491 1079 2554 Et
1091 2491 1193 2555 Lucia
1207 2491 1293 2575 petit
1279 2491 1468 2556 tiudicium

357 2593 483 2659 desicut
508 2594 595 2659 idem
618 2594 692 2659 Ada
714 2593 830 2660 habuit
852 2593 1011 2658 auxilium
1033 2593 1121 2657 curie
1144 2601 1178 2657 ot
1199 2615 1265 2656 non
1287 2601 1338 2658 est
1359 2615 1469 2680 prose-

356 2706 453 2762 cutus
474 2719 588 2762 uersus
611 2704 791 2761 warantum
817 2717 921 2771 suum,
946 2702 981 2758 et
1005 2693 1083 2780 quia
1105 2693 1180 2758 Ada
1202 2693 1302 2758 nichil
1324 2693 1471 2760 ostendit

357 2822 456 2886 quare
479 2795 542 2866 fuit
563 2800 730 2886 inpeditus
752 2822 812 2864 nec
834 2799 920 2885 quod
943 2807 1106 2864 warantus
1128 2821 1206 2862 suus
1227 2797 1470 2863 racionabiliter

357 2904 573 2968 summonitus
599 2903 671 2980 fuit,
696 2903 945 2968 Consideratum
972 2901 1135 2987 estquod
1165 2902 1267 2966 Lucia
1296 2911 1469 2988 recuperat

356 3006 507 3071 saisinam
522 3029 614 3071 suam
632 3027 743 3070 uersus
758 3028 834 3070 enm
850 3014 884 3071 et
898 3005 973 3070 Ada
986 3005 1021 3068 in
1042 3005 1269 3081 misericordia,
1288 3013 1324 3070 et
1343 3006 1468 3071 habeat

357 3110 422 3175 tale
437 3133 625 3196 recuperare
641 3110 736 3195 quale
751 3109 871 3173 habere
886 3107 1026 3173 debebit.
1072 3107 1191 3172 Postea
1204 3129 1225 3172 a
1239 3108 1292 3172 die
1307 3117 1367 3173 etc.
1383 3118 1468 3195 aput

357 3213 681 3278 westmonasterium
711 3213 893 3278 concordati
929 3222 1007 3278 sunt
1044 3211 1205 3276 Radulfus
1241 3219 1277 3276 et
1312 3211 1388 3276 Ada
1424 3213 1467 3278 da

357 3317 519 3393 warentia,
543 3325 578 3380 et
601 3324 652 3381 est
678 3315 846 3381 eoncordia
871 3315 956 3391 talis,
984 3315 1049 3379 scil.
1081 3313 1168 3400 quod
1197 3314 1363 3400 predictus
1391 3314 1469 3380 Ada

335 3417 505 3510 *remittat
533 3419 564 3484 ei
594 3420 781 3484 warentiam
811 3427 872 3484 etc.
909 3427 943 3484 et
979 3418 1144 3504 predictus
1181 3419 1342 3484 Redulfus
1372 3419 1468 3486 dabit

356 3521 493 3610 singulis
513 3523 607 3588 annis
628 3531 700 3588 tota
722 3523 794 3588 uita
815 3522 918 3609 ipsius
940 3521 1041 3587 Lucio
1063 3521 1125 3607 xvj.
1149 3523 1203 3586 sol.
1226 3543 1284 3607 pro
1306 3523 1469 3588 escambio

356 3626 444 3692 illius
459 3635 544 3692 terre
564 3636 598 3692 et
617 3627 712 3712 prati,
727 3629 761 3691 et
781 3635 856 3712 post
877 3635 1015 3700 mortem
1037 3625 1139 3711 ipsius
1162 3625 1261 3690 Lucie
1283 3634 1471 3690 reuertatur

356 3729 414 3795 illa
427 3737 515 3796 terra
529 3737 563 3794 et
577 3737 708 3816 pratum
729 3729 771 3794 ad
788 3729 895 3814 ipsum
915 3727 1022 3793 Adam
1045 3736 1080 3792 et
1102 3727 1237 3792 heredes
1258 3749 1333 3792 suos
1354 3729 1468 3814 quiete

357 3833 398 3900 de
413 3833 483 3919 ipso
498 3833 638 3898 Radulfo
653 3841 688 3897 ct
702 3832 876 3898 heredibus
890 3831 957 3896 suis
972 3840 1042 3908 eta,
1057 3839 1091 3896 et
1107 3829 1267 3896 Radnlfirs
1282 3839 1316 3896 et
1331 3831 1468 3898 heredes

356 3939 408 4005 sni
428 3949 507 4004 tunc
529 3937 634 4025 quieti
656 3945 753 4002 erunt
775 3936 1006 4022 inperpetuum
1029 3935 1070 4000 de
1092 3934 1222 3999 redditu
1246 3935 1466 4020 predictorum

356 4043 419 4129 xvj.
435 4043 488 4108 sol.

388 4273 537 4332 ¹Braoton‚
560 4272 579 4322 1.
603 4269 696 4330 anob.
723 4269 787 4321 cites
815 4270 882 4320 from
934 4269 990 4320 aino
1007 4272 1035 4319 to
1051 4268 1084 4318 be
1100 4267 1170 4318 Fita.
1187 4269 1287 4328 noan,
1310 4269 1357 4321 191
1381 4269 1465 4335 (Τὼ.

354 4337 535 4390 MichR.
553 4339 593 4396 17,
610 4335 883 4387 whatnrnatbethis
933 4333 1008 4384 AB
1022 4337 1056 4396 9)

354 4401 883 4466 oaae3mcrelytoshowthattheramay
965 4397 1466 4461 ¹8oenr.r.aa4.na1phwasen.

354 4469 738 4520 badowarcxamnmmotrr'r.
764 4466 881 4516 Itseenrs
932 4464 1150 4514 trtledtoflftaan
1161 4463 1235 4527 days
