3196 5226
360 441 422 524 1¹04
546 453 676 502 suasu
699 453 773 504 sun
795 453 932 514 mssa,
954 455 1019 504 nn.
1044 439 1136 516 1220,
1159 456 1222 504 nn
1246 444 1274 504 4.

358 637 418 694 etc.
448 627 551 714 ipsam
581 627 751 693 Edelinam
781 627 823 694 ad
853 636 1034 694 warantum
1064 651 1177 694 uersus
1205 651 1268 708 eos,
1297 638 1332 694 et
1361 650 1467 716 quarn

358 741 478 798 terram
501 733 589 798 idem
613 733 774 798 Henricus
796 733 906 798 amisit
929 755 987 820 per
1009 733 1165 800 debltam
1188 735 1290 820 ipsius
1315 733 1469 810 Edeline‚

359 847 393 901 et
417 836 503 903 unde
523 837 610 902 idem
634 837 796 903 Henricus
819 833 946 924 profert
963 847 1085 904 cartam
1107 839 1209 926 ipsius
1235 839 1372 904 Edeline
1398 861 1468 925 que

359 951 507 1020 testatur,
523 942 608 1028 quod
623 943 694 1029 ipsa
713 943 748 1007 in
769 942 871 1008 libera
889 951 1052 1028 potestate
1071 953 1184 1009 suaet
1204 944 1335 1009 omnino
1349 943 1469 1030 quieta

359 1045 399 1110 de
423 1045 548 1124 marito,
572 1045 663 1111 dedit
689 1055 749 1112 etc
780 1047 922 1112 Henrico
951 1047 991 1112 de
1022 1049 1188 1134 Braybrok
1218 1057 1253 1114 et
1276 1047 1466 1116 Clemencie

359 1149 451 1214 uxori
479 1149 549 1214 eius
575 1158 682 1216 toturn
708 1151 887 1216 manerium
914 1151 954 1216 de
981 1152 1189 1239 Piperhargh’
1213 1176 1288 1218 cum
1311 1152 1468 1218 omnibus

358 1252 566 1338 pertinenciis
586 1253 652 1318 suis
667 1261 702 1318 et
716 1262 864 1339 preterea
876 1277 1011 1340 grauem
1026 1255 1067 1320 de
1082 1255 1255 1342 Lcdlinges
1272 1263 1307 1320 et
1326 1277 1466 1343 granam

358 1356 399 1420 de
430 1356 642 1436 Sakelesford‚
671 1357 857 1422 habendum
886 1365 920 1424 et
949 1357 1127 1424 tenendum
1156 1357 1219 1445 ipsi
1248 1360 1392 1424 Henrico
1430 1369 1468 1425 et

360 1461 532 1526 heredibus
554 1461 620 1526 suis
644 1461 684 1526 de
708 1461 779 1546 ipsa
802 1470 837 1526 et
860 1461 1032 1526 heredibus
1057 1462 1125 1526 suis
1150 1470 1257 1527 totum
1280 1464 1466 1528 manerium

359 1586 435 1628 cum
465 1565 673 1651 pertinenciis
702 1574 737 1630 et
765 1588 840 1630 cum
869 1566 1062 1652 grauisetc.
1086 1567 1215 1652 etipsa
1240 1569 1468 1633 warentizahit

359 1667 465 1734 eidem
481 1669 623 1734 Henrico
641 1678 676 1734 et
695 1669 869 1734 heredibus
888 1671 955 1736 suis
975 1679 1036 1736 etc.
1051 1679 1164 1736 contra
1183 1694 1294 1736 omnes
1316 1671 1468 1738 homines

358 1783 418 1838 etc.
434 1781 469 1836 et
484 1773 543 1836 hac
557 1772 683 1838 racione
698 1774 785 1859 petit
799 1774 886 1861 quod
901 1774 932 1840 ei
949 1775 1135 1840 warentizet
1150 1785 1270 1842 terram
1285 1777 1384 1842 illann

424 1877 468 1940 Et
484 1877 621 1942 Edelina
634 1879 727 1942 uenit
742 1887 776 1943 et
791 1878 871 1944 dicit
886 1879 972 1965 quod
987 1903 1051 1944 non
1066 1880 1165 1946 debet
1186 1891 1306 1946 terram
1325 1882 1416 1947 illam
1433 1883 1468 1948 ei

359 1981 573 2057 warentizare,
598 1982 675 2067 quia
703 1982 775 2068 ipsa
803 2005 971 2070 nunquam
1000 1985 1090 2049 illam
1119 1986 1150 2050 ei
1176 1985 1275 2063 dedit,
1301 2009 1362 2050 nec
1385 1985 1467 2051 dare

360 2083 468 2168 potuit
483 2083 560 2170 quia
574 2084 644 2170 ipsa
657 2107 825 2170 nunquam
840 2085 916 2151 inde
931 2086 1082 2152 seisinam
1098 2087 1214 2152 habuit
1228 2089 1277 2152 ita
1291 2088 1378 2174 quod
1389 2112 1465 2154 earn

360 2186 435 2250 dare
456 2196 571 2272 posset,
587 2189 663 2273 quia
686 2187 873 2273 Stephanus
894 2189 946 2253 uir
967 2212 1045 2254 suus
1059 2189 1151 2254 dedit
1173 2199 1291 2255 terram
1314 2191 1405 2256 illam
1429 2191 1466 2256 in

359 2289 566 2376 maritagium
591 2312 664 2354 cum
690 2290 875 2356 Clemencia
899 2291 967 2356 filia
991 2314 1050 2356 sua
1073 2293 1178 2356 Alone
1199 2293 1240 2358 de
1263 2293 1466 2380 Plugenhay‚

360 2393 417 2478 qui
436 2393 526 2458 illam
548 2393 656 2458 tenuit
678 2402 748 2458 tota
770 2394 841 2458 uita
862 2417 921 2459 sua
942 2403 977 2459 et
999 2403 1072 2480 post
1093 2418 1169 2460 eum
1185 2397 1401 2463 Waundricus
1420 2398 1465 2464 de

359 2497 492 2562 Curtell'
509 2497 603 2562 duxit
618 2521 688 2562 earn
704 2497 739 2562 in
756 2521 894 2574 uxorem,
910 2507 944 2563 et
959 2499 1075 2564 habuit
1090 2499 1227 2564 eandem
1247 2509 1367 2565 terram
1386 2525 1463 2567 cum

358 2599 423 2676 illa,
445 2610 479 2664 et
508 2600 660 2665 defuncto
687 2601 882 2666 Waundrico
911 2602 998 2666 idern
1022 2603 1185 2668 Henricus
1207 2603 1302 2669 duxit
1328 2627 1402 2670 earn
1427 2607 1464 2671 in

359 2725 491 2768 uxorem
518 2712 553 2767 et
576 2703 721 2768 eamdem
747 2712 866 2769 terram
896 2706 983 2791 cepit
1012 2729 1086 2770 curn
1117 2729 1156 2770 ea
1184 2717 1223 2772 ut
1252 2709 1464 2796 maritagium

360 2807 461 2894 ipsius
484 2807 676 2886 Clemencie,
698 2817 732 2872 et
755 2831 922 2894 nunquam
944 2809 986 2873 ed
1008 2833 1080 2874 earu
1103 2819 1216 2895 postea
1237 2834 1367 2877 reuersa
1389 2813 1465 2891 fuit,

361 2911 446 2976 unde
462 2913 544 2977 hene
564 2912 710 2978 defendit
725 2913 810 2999 quod
830 2915 901 2999 ipsa
918 2937 1084 3001 nunquam
1100 2916 1164 2980 fuit
1184 2916 1295 2982 scisita
1314 2917 1355 2981 de
1375 2925 1466 2984 terra

360 3014 424 3091 illa,
440 3014 487 3080 ita
501 3015 587 3100 quod
602 3038 674 3080 eam
689 3016 765 3081 dare
780 3025 888 3102 posset
903 3027 937 3082 et
952 3017 1027 3083 inde
1042 3017 1135 3104 ponit
1150 3041 1184 3084 se
1202 3041 1299 3105 super
1320 3020 1463 3086 iuratam

361 3117 473 3203 patrie.

426 3221 470 3286 Et
490 3220 651 3286 Henricus
670 3223 763 3286 uenit
778 3231 813 3286 et
827 3221 907 3286 dicit
922 3223 1007 3308 quod
1022 3223 1093 3309 ipsa
1107 3224 1170 3289 fuit
1190 3225 1301 3290 seisita
1315 3226 1356 3291 de
1376 3235 1466 3293 terra

360 3325 417 3388 illa
442 3325 495 3389 die
517 3348 581 3411 quo
610 3325 682 3411 ipsa
706 3325 826 3389 donum
856 3325 937 3390 illud
967 3326 998 3390 ei
1024 3327 1100 3392 fecit
1126 3328 1174 3392 ita
1203 3330 1289 3415 quod
1318 3331 1467 3416 predicta

360 3427 545 3493 Clemencia
566 3427 708 3493 reddidit
730 3429 792 3514 ipsi
815 3428 950 3494 Edeline
972 3439 1091 3494 terram
1107 3431 1206 3509 illam,
1221 3455 1259 3496 eo
1281 3433 1367 3519 quod
1389 3457 1463 3500 eam

360 3529 480 3594 iniuste
500 3539 639 3616 ceperat,
653 3539 688 3595 et
709 3530 781 3616 ipsa
801 3531 939 3596 Edelina
960 3540 1078 3597 terram
1100 3533 1190 3598 illam
1212 3535 1244 3599 ei
1265 3535 1356 3600 dedit
1378 3537 1466 3602 sicut

360 3633 541 3718 predictum
557 3644 607 3698 est
621 3635 709 3720 apud
724 3634 921 3712 Cattehulla‚
937 3636 1020 3700 etin
1041 3637 1141 3702 libera
1160 3646 1323 3723 potestate
1345 3663 1413 3719 sue,
1428 3650 1464 3706 et

360 3736 435 3801 inde
450 3737 598 3822 producit
613 3747 743 3815 sectam,
758 3739 880 3804 scilicet
895 3741 1073 3806 Henricum
1089 3742 1119 3806 le
1141 3743 1293 3830 Sauuage
1311 3753 1345 3810 et
1362 3745 1462 3811 sdios¹

360 3843 416 3927 qui
432 3842 650 3906 interfuerunt
665 3843 723 3907 ubi
743 3843 814 3929 ipsa
827 3843 948 3908 donum
966 3845 1048 3912 illud
1068 3847 1099 3910 ei
1114 3847 1198 3924 fecit,
1214 3857 1249 3912 et
1271 3850 1299 3914 si
1319 3849 1379 3916 hoc
1397 3873 1463 3916 non

359 3945 479 4009 sufficit
516 3945 610 4010 offert
643 3944 841 4010 diracionare
870 3969 928 4032 per
957 3971 1070 4034 corpus
1099 3949 1237 4034 predicti
1267 3951 1402 4018 Henrici
1432 3953 1463 4018 le

360 4051 511 4135 Sauuage
526 4050 583 4136 qui
605 4049 665 4113 hoc
687 4049 782 4113 offert
796 4049 991 4116 diracionere
1014 4073 1072 4138 per
1093 4075 1207 4138 corpus
1228 4077 1326 4118 suum
1348 4065 1407 4121 etc.
1424 4066 1463 4121 ut

358 4154 414 4221 ille
429 4154 485 4240 qui
500 4153 649 4218 interfuit
664 4162 698 4217 et
714 4154 773 4217 hoc
789 4154 882 4219 uidit.

424 4256 669 4323 Consideratum
692 4257 847 4342 estquod
869 4256 1051 4343 inquiratur
1070 4280 1128 4345 per
1147 4269 1383 4326 sacramentum
1407 4263 1461 4349 xij.

390 4417 882 4480 ¹Fourotherperaonsnrenamedin
934 4418 1014 4468 duccd
1036 4433 1066 4469 ss
1091 4418 1144 4470 suit
1173 4421 1257 4484 (recht)
1287 4421 1462 4488 occasionally

356 4485 386 4535 A.
423 4483 477 4533 The
494 4498 583 4533 names
600 4485 629 4532 of
644 4483 687 4533 the
704 4499 813 4547 persons
826 4499 882 4548 pro·
934 4499 1028 4548 appear
1039 4499 1072 4534 on
1085 4485 1129 4534 the
1141 4485 1211 4536 rolla.
