3276 5234
402 443 642 504 monastrias,
664 443 728 494 an.
754 429 846 506 1220,
868 443 931 492 sn
956 427 1049 518 Η.
1219 431 1281 494 255

168 611 369 697 monaehis¹]
391 615 541 700 prefatus
562 614 725 680 Robertus
750 614 886 680 eandem
912 616 1080 682 ecclesiam
1104 617 1144 682 de
1171 619 1282 705 Tange

168 711 271 778 libere
292 722 329 780 et
344 715 496 782 absolute
519 716 697 803 possidebit
717 716 880 783 reddendo
899 719 1070 784 annuatim
1089 718 1137 804 [¹¹]
1152 719 1282 785 nomine

168 816 335 902 pensionis
363 817 535 886 dimidiam
564 841 704 886 maroam
728 841 825 906 quam
856 820 943 886 idem
966 821 1128 888 Robertus
1149 821 1282 888 reddere

167 923 349 989 consueuit

235 1025 281 1090 Et
303 1025 452 1114 Rogems
473 1049 533 1114 per
552 1034 756 1093 attornatum
780 1049 876 1094 suum
899 1027 979 1094 dicit
1005 1027 1092 1115 quod
1116 1035 1204 1096 carte
1226 1029 1282 1095 ille
1324 1093 1330 1110 ,

169 1151 236 1194 non
259 1129 384 1196 debent
407 1133 439 1198 ei
463 1155 577 1199 nocere
604 1133 684 1220 quin
707 1132 807 1198 assisa
823 1130 998 1218 procedet’
1019 1132 1098 1218 quia
1118 1132 1282 1219 predictus

169 1231 361 1320 Emnlphus
389 1235 454 1302 fuit
481 1236 559 1302 inde
587 1259 724 1323 persona
752 1235 794 1302 ad
823 1234 1096 1322 presentationem
1126 1235 1282 1302 Willelmi

167 1345 210 1412 de
233 1347 386 1414 Beaunes
409 1349 517 1416 fratris
539 1349 591 1416 sui
613 1349 706 1416 cuius
728 1350 822 1414 heres
844 1349 914 1435 ipse
938 1357 997 1426 est,
1020 1349 1184 1415 reddendo
1204 1349 1282 1415 inde

167 1471 227 1535 per
251 1473 378 1516 annum
400 1452 506 1518 eidem
529 1453 654 1532 Abbati
683 1453 759 1518 dim.
783 1475 878 1518 marc
908 1452 1040 1518 nomine
1069 1452 1218 1519 beneficii
1247 1461 1282 1518 et

167 1553 253 1618 bene
282 1556 447 1641 cognoscit
470 1556 557 1642 quod
586 1555 674 1622 idem
698 1555 812 1622 Abbas
837 1555 937 1622 debet
962 1555 1039 1622 inde
1062 1556 1182 1623 habere
1203 1557 1280 1624 dim.

168 1678 264 1724 mare.
280 1667 318 1723 et
337 1658 509 1726 aduoeacio
529 1659 651 1725 residui
672 1658 771 1725 debet
793 1658 825 1724 ei
846 1680 1020 1724 remanere.
1066 1658 1156 1724 Dicit
1178 1659 1280 1726 eciam

167 1759 258 1846 quod
286 1759 377 1828 idem
404 1762 592 1849 Emulphus
620 1761 702 1828 obiit
732 1762 792 1827 hoc
821 1783 906 1828 anno
935 1761 1052 1826 ultimo
1081 1783 1225 1848 persona,
1246 1771 1281 1828 et

167 1863 247 1930 inde
269 1865 357 1950 petit
379 1865 519 1932 assisam
565 1867 616 1932 De
642 1866 740 1932 cartis
770 1865 851 1932 dicit
880 1865 967 1953 quod
995 1875 1167 1954 postquam
1196 1869 1280 1934 facte

167 1969 305 2034 fuerumt
319 1970 524 2054 presentauit
538 1970 702 2057 predictus
717 1969 902 2036 Willelmus
916 1971 1016 2036 frater
1030 1993 1108 2037 suus
1127 1972 1279 2038 clericum

167 2070 209 2136 ad
239 2071 411 2138 ecclesiam
439 2073 538 2151 illam,
559 2073 683 2140 scilieet
712 2072 895 2160 predictum
918 2074 1123 2162 Emulphum
1146 2084 1181 2142 et
1202 2075 1279 2143 inde

167 2175 254 2260 petit
268 2175 403 2242 assisam
418 2185 478 2242 ete

233 2280 279 2344 Et
295 2281 375 2367 quia
389 2281 534 2368 Rogerus
554 2280 635 2347 dicit
655 2282 742 2368 quod
758 2281 947 2369 Emulphus
967 2283 1049 2350 obiit
1069 2285 1187 2352 ultima
1207 2309 1278 2373 per·

166 2407 247 2450 sona
260 2393 468 2472 presentatus
483 2393 517 2450 et
531 2393 605 2472 post
619 2393 742 2452 cartam
757 2386 895 2454 Comitis
906 2387 1026 2475 Rogeri
1040 2389 1278 2456 consideratum

166 2495 217 2553 est
247 2487 337 2574 quod
360 2487 460 2554 assisa
485 2487 644 2574 procedat
691 2488 735 2552 Et
761 2489 861 2576 Hugo
884 2487 925 2554 de
949 2489 1108 2556 Belinhal'
1134 2500 1193 2558 etc.
1213 2492 1278 2579 jur'

166 2591 248 2654 snm'
276 2590 365 2676 quod
387 2589 497 2656 sinte
520 2590 574 2656 die
600 2599 660 2656 ete
683 2591 789 2677 parati
818 2599 1018 2658 sacramento
1046 2615 1278 2682 recognoscere,

167 2695 240 2780 quis
255 2694 436 2760 aduocatus
450 2703 509 2761 ete

110 2871 118 2887 ⁸
232 2797 367 2864 'Assisa
402 2799 495 2866 uenit
528 2800 734 2888 recognitura
761 2800 790 2866 si
818 2801 870 2867 J.⁴
900 2800 942 2866 de
971 2801 1067 2868 Turri
1096 2806 1277 2872 auunculus
1387 2848 1393 2859 -

165 2905 306 2972 Roberti
328 2905 392 2970 fuir
413 2905 543 2972 saisitus
564 2907 600 2972 in
622 2905 782 2972 dominico
811 2929 870 2971 suo
900 2913 939 2970 ut
967 2906 1008 2972 de
1038 2907 1130 2973 feodo
1159 2908 1199 2975 de
1223 2910 1276 2997 vij.

165 3011 249 3076 acris
285 3017 372 3076 terre
409 3033 483 3076 oum
513 3011 722 3098 pertinenciis
751 3009 786 3076 in
816 3010 955 3076 Pecham
984 3011 1038 3078 die
1067 3035 1131 3099 quo
1160 3021 1220 3080 etc.
1249 3015 1277 3081 si

165 3113 250 3179 obiit
279 3123 355 3200 post
384 3114 522 3200 primam
551 3114 792 3180 coronationem
816 3113 971 3180 Hemiei⁶
997 3115 1098 3202 Regis
1123 3119 1277 3184 auunculi

165 3227 199 3284 et
237 3219 267 3284 si
296 3226 368 3296 eta,
397 3241 495 3305 quam
532 3227 652 3286 terram
679 3217 881 3306 Reginaldus
909 3217 951 3284 de
980 3219 1277 3308 Brentungeherste

165 3330 260 3388 tenet
275 3322 334 3409 qui
349 3323 442 3388 uenit
457 3331 492 3389 et
507 3323 590 3390 bene
605 3323 753 3390 concedit
767 3323 929 3390 assisam⁰.

230 3428 403 3494 Juratores
426 3429 540 3496 dieunt
567 3429 654 3518 quod
677 3429 842 3517 predictus
866 3429 1036 3496 Judanus'
1060 3430 1124 3496 fuit
1147 3433 1276 3500 saisitus

165 3541 204 3598 ut
224 3533 266 3598 de
287 3532 382 3598 feodo
403 3556 462 3599 suo
485 3542 520 3599 et
541 3533 576 3600 in
598 3534 759 3600 dominico
781 3533 834 3599 die
857 3555 921 3620 quo
941 3534 1005 3600 iter
1021 3557 1117 3600 suum
1139 3537 1276 3624 arripuit
1288 3577 1345 3618 Μ,
1352 3577 1439 3664 Ἥκω

164 3638 199 3702 in
213 3636 478 3724 peregrinacione
498 3661 558 3704 sua
579 3647 614 3704 et
628 3638 715 3726 quod
736 3639 824 3704 idem
846 3638 983 3725 arripuit
1004 3648 1078 3726 post
1099 3643 1275 3708 terminum
1287 3624 1440 3712 ttttftffl

165 3751 226 3808 etr.
250 3749 285 3807 et
308 3739 396 3828 quod
417 3741 505 3807 idem
527 3741 690 3808 Robertus
709 3749 760 3807 est
781 3741 990 3828 pmpinquior
1011 3742 1104 3809 heres
1125 3743 1203 3824 eius,
1225 3755 1275 3812 set
1287 3717 1432 3806 fflffis

165 3847 319 3912 nesciunt
352 3869 411 3933 pro
441 3869 518 3913 uero
550 3848 579 3913 si
609 3847 773 3913 Jordanus
801 3856 948 3912 mortuus
978 3853 1028 3912 eet
1057 3871 1117 3914 nco
1146 3872 1196 3927 ne,
1225 3858 1275 3916 set
1287 3814 1440 3958 fflfffif:

165 3952 285 4018 melius
300 3952 438 4018 credunt
452 3952 539 4039 quod
558 3960 706 4017 mortuus
726 3951 769 4016 sit
784 3973 882 4038 quam
900 3950 1006 4016 uiuus.
1050 3951 1095 4017 Et
1109 3953 1228 4040 quesiti
1266 3954 1422 4052 aaa&

166 4057 232 4124 fuit
253 4057 385 4124 saisitus
414 4057 468 4124 die
490 4081 555 4145 quo
584 4057 667 4122 obiit
695 4055 781 4122 siout
810 4055 910 4120 breue
935 4054 1025 4134 dicit,
1046 4055 1161 4122 dicunt
1189 4059 1275 4146 quod
1286 4049 1419 4186 ffiffim

198 4227 208 4260 ¹
226 4225 351 4276 manner
361 4225 561 4278 thssewordsto
579 4227 614 4291 Ἷ.
640 4226 696 4277 'I'hs
778 4225 789 4258 ⁴
806 4225 941 4286 Jordaam,
954 4225 985 4284 Δ,
997 4225 1028 4274 Β.

165 4289 585 4344 hlunderisduatosnintsr'
638 4291 696 4344 tion
779 4289 1114 4343 “ItshonldbeRieardt
1147 4293 1273 4347 InAH.

166 4359 239 4410 inA.
575 4418 579 4428 Ι
747 4355 796 4454 hap
807 4354 875 4470 1121me
882 4355 1011 4472 olprxtpd
1022 4355 1079 4408 into
1090 4359 1123 4409 R.

198 4424 355 4539 :miii
365 4423 395 4549 (i;
413 4489 444 4539 Β.
457 4503 492 4540 m.
505 4491 520 4542 7
532 4488 557 4540 d.
780 4486 791 4522 ⁷
808 4486 880 4536 Gorr.
891 4435 1028 4538 carina.
