3260 5218
346 489 468 539 nramr
490 488 565 538 nun
588 487 727 551 unsrun,
751 487 816 537 nn.
842 474 936 548 1220,
959 485 1023 538 sn.
1047 474 1075 535 4.
1219 468 1260 538 75

162 659 365 744 pertinenciis
385 660 418 724 in
439 659 647 746 Kingestona
667 665 704 722 ut
727 657 778 722 ius
798 679 893 722 suum
909 663 969 720 etc.
986 655 1072 720 unde
1088 653 1264 719 Aldriohus

163 787 241 828 auus
265 789 343 830 suus
363 765 423 830 suit
447 764 578 828 seisitus
600 763 636 827 in
659 761 818 827 dominico
841 769 900 826 etc.
928 769 1074 846 tempore
1095 760 1137 824 H.
1163 757 1264 845 Regis

162 867 214 932 aui
229 867 349 933 domini
363 867 461 954 Regis
483 867 641 953 capiendo
663 874 723 930 etc.
741 865 781 929 lx.
805 865 859 929 sol.
884 871 943 928 etc
964 863 968 950 Ι
989 870 1024 927 et
1046 862 1086 928 de
1109 861 1265 926 Aldrieho
1315 867 1386 918 [Μ]

162 971 325 1036 demendit
344 973 393 1037 ius
415 981 501 1037 terre
522 972 611 1036 illius
632 971 799 1036 Gileberto
819 969 886 1033 filio
903 991 960 1033 suo
976 975 1011 1033 et
1026 966 1112 1053 patri
1128 965 1264 1031 Heuriei

162 1077 249 1141 etde
265 1075 427 1142 Gileberto
441 1077 519 1142 huie
534 1077 677 1142 Henrico
691 1076 757 1140 filio
773 1074 934 1140 etheredi
954 1095 1012 1138 suo
1032 1081 1066 1138 et
1087 1073 1146 1138 hoo
1168 1073 1264 1138 offert

161 1180 351 1246 dirneionare
365 1191 463 1268 prout
478 1182 568 1247 curia
583 1179 841 1245 considerauerit.

222 1286 267 1350 Et
292 1287 462 1351 Edwardus
482 1309 540 1373 pro
561 1308 595 1351 se
616 1293 650 1351 et
671 1284 812 1350 Auelina
831 1283 924 1349 cuius
939 1283 1007 1348 loeo
1022 1282 1156 1368 ponitur
1170 1281 1264 1347 uenit

162 1399 193 1455 et
207 1389 349 1456 defendit
364 1391 415 1456 ius
430 1413 526 1456 suum
542 1399 577 1455 et
592 1391 685 1477 ponit
703 1413 736 1455 se
757 1389 792 1454 in
812 1411 965 1476 magnam
986 1388 1118 1452 assisam
1141 1385 1265 1452 domini

162 1496 258 1582 Regis
273 1505 305 1560 et
316 1496 398 1583 petit
409 1497 666 1582 recognieionem
677 1495 748 1560 fieri
760 1494 832 1580 quis
843 1517 954 1559 eorum
966 1493 1071 1557 maius
1082 1493 1133 1556 ius
1145 1491 1264 1556 habeat

162 1599 195 1663 in
225 1609 310 1665 terra
343 1601 406 1665 illa
454 1601 498 1665 Et
528 1600 606 1686 quia
634 1599 749 1664 bellini
779 1599 819 1664 de
851 1597 1068 1684 Kingestona¹
1097 1604 1265 1683 presentes

164 1704 289 1768 fuerunt
309 1713 343 1768 et
364 1711 532 1768 testantur
554 1703 640 1789 quod
661 1725 781 1791 magna
802 1703 902 1767 assisa
921 1703 1005 1767 iacet
1028 1701 1063 1765 in
1085 1701 1165 1764 uilla
1182 1698 1264 1778 sua¹,

164 1802 401 1870 Consideratum
430 1813 481 1870 est
511 1805 598 1892 quod
626 1805 725 1870 assisa
753 1805 813 1870 fiat
842 1804 906 1868 nisi
935 1803 1025 1868 aliud
1054 1800 1264 1888 superueniat

163 1916 218 1972 etc

99 2015 118 2076 '.
222 2009 430 2096 ⁸Preeeptum
442 2011 506 2076 fuit
518 2011 703 2076 uicecomiti
714 2011 800 2098 quod
812 2011 839 2076 si
849 2009 1008 2076 Ricardus
1023 2009 1063 2074 de
1076 2009 1263 2097 Baggetorr’
1310 2023 1393 2062 nouos

164 2115 268 2179 feeerit
297 2116 475 2181 etc.⁶t11nc
504 2115 640 2181 haberet
666 2139 772 2182 eorum
801 2115 986 2181 iusticiariis
1009 2122 1069 2180 etc.
1092 2113 1262 2178 Matheum
1275 2127 1380 2214 {ppergpe

164 2218 267 2294 llorel,
278 2219 435 2282 Thomam
450 2218 490 2283 de
503 2219 666 2297 Ferrariis,
677 2218 857 2284 Robertum
870 2219 1081 2295 Grosseteste‚
1093 2217 1263 2282 Almemm

165 2320 367 2407 Propositum,
387 2321 553 2407 Rogerum
577 2322 789 2408 Prepesitum,
810 2322 1013 2387 Willelmum
1036 2320 1206 2384 Bedellum
1229 2326 1264 2383 et

164 2423 329 2489 Ricardum
359 2425 461 2489 Bedel
492 2425 534 2489 ad
555 2425 813 2511 respondendum
835 2426 981 2511 predicto
1003 2424 1141 2489 Ricardo
1164 2445 1263 2510 quare

162 2537 266 2592 eontra
294 2551 407 2615 pacem
437 2529 561 2593 domini
589 2530 690 2617 Regis
715 2531 750 2595 ui
773 2539 807 2596 et
829 2532 927 2596 armis
948 2532 1150 2595 intruserunt
1172 2552 1207 2594 se
1228 2529 1264 2593 in

162 2630 265 2696 domos
293 2655 368 2697 suas
399 2641 433 2697 et
463 2641 584 2697 terram
608 2655 700 2698 suam
726 2634 766 2698 de
793 2634 979 2721 Baggetorr'
1004 2642 1039 2699 et
1064 2634 1183 2698 catalla
1205 2655 1265 2698 sua

161 2744 402 2821 asportauerunt
428 2743 463 2801 et
485 2759 562 2800 eum
588 2737 664 2802 inde
691 2737 856 2804 eiecerunt
882 2747 917 2803 et
943 2739 1041 2804 blada
1067 2761 1127 2804 sua
1152 2739 1263 2826 flagel-

162 2841 314 2906 lauerunt.
361 2842 405 2906 Et
420 2842 600 2906 uicecomes
619 2842 790 2906 mandauit
811 2843 897 2928 quod
918 2851 1032 2907 tenent
1051 2865 1085 2908 se
1100 2843 1135 2907 in
1151 2841 1264 2907 cestris

162 2944 283 3009 Totton’
307 2953 342 3010 et
365 2945 482 3010 nolunt
508 2945 621 3010 uenire
645 2945 687 3010 ad
711 2968 825 3032 paoem
850 2955 910 3012 ete.
932 2955 967 3011 et
993 2949 1077 3032 quod
1108 2947 1185 3012 feeit
1214 2947 1263 3012 in·
1277 2967 1399 3017 sosquos

162 3047 366 3132 quisicionem
390 3057 424 3112 et
446 3048 537 3112 illam
566 3047 657 3113 misit
686 3049 861 3136 sigillatam
887 3049 1035 3134 pluribus
1057 3049 1180 3136 sigillis,
1202 3072 1264 3135 que
1277 3015 1385 3110 iiiiiiiiil¹1

1277 3109 1428 3150 noluntuenlre

161 3151 230 3216 talis
266 3160 317 3216 est
351 3152 439 3238 quod
475 3152 559 3217 bene
594 3153 701 3217 sciunt
742 3152 829 3239 quod
864 3153 1011 3217 homines
1041 3153 1176 3218 Hemici
1205 3152 1265 3216 lilii
1277 3157 1413 3246 :gffig‘

160 3253 292 3318 Comitis
313 3261 477 3319 uenerunt
499 3254 587 3340 apud
606 3255 695 3319 Aure
709 3253 847 3340 predicti
871 3255 1003 3320 Ricardi
1021 3255 1061 3319 de
1076 3255 1264 3342 Baggetorr’

159 3367 189 3422 et
218 3359 354 3422 bladum
381 3381 477 3423 suum
505 3367 539 3424 et
569 3360 680 3424 fenum
709 3383 805 3425 suum
835 3367 1084 3446 asportauerunt
1114 3367 1149 3424 et
1179 3359 1266 3446 quod

158 3461 253 3527 nichil
276 3461 325 3526 ibi
346 3463 605 3528 remonsacrunt⁰
625 3471 684 3527 etc.

217 3566 263 3630 Et
277 3565 376 3630 datus
395 3573 445 3629 est
465 3565 534 3630 dies
549 3573 584 3630 et
599 3566 719 3631 habeat
734 3567 834 3632 breue
850 3566 936 3653 quod
952 3566 1129 3632 uiceeomes
1145 3567 1265 3632 habeat

154 3689 285 3754 corpora
306 3689 419 3732 eorum
441 3675 475 3732 et
497 3667 525 3732 si
544 3691 579 3733 se
601 3669 821 3734 subtraxerint
843 3679 879 3735 et
901 3669 1065 3734 noluerint
1087 3670 1199 3736 uenire
1222 3671 1265 3735 ad

155 3796 266 3858 pacem
296 3779 359 3838 etc.
388 3771 631 3860 interrogentur
660 3784 694 3838 et
723 3773 928 3862 utlagentur⁷
957 3775 993 3838 in
1022 3775 1179 3839 comitatu
1215 3797 1264 3839 se-

155 3878 296 3942 cundum
322 3877 428 3964 legem
450 3885 536 3942 terre
559 3887 594 3942 et
615 3877 789 3964 diligenter
810 3879 953 3964 inquirat
977 3878 1063 3964 quod
1085 3878 1263 3964 dampnum

186 4047 195 4080 ¹
212 4050 307 4098 mutui
318 4050 414 4098 domitu
424 4051 499 4112 repis,
514 4049 545 4098 B.
766 4049 824 4099 Ἀ.
836 4065 871 4101 m.
886 4051 915 4110 4;
938 4049 968 4099 Β.
980 4049 1079 4101 med.

184 4113 196 4145 ¹
212 4116 270 4171 illa,
282 4115 316 4163 B.
350 4113 415 4162 This
430 4115 557 4176 certainly
567 4115 684 4176 suggests
766 4115 778 4148 ⁴
794 4115 930 4178 Relerring
943 4120 969 4164 to
981 4117 1045 4165 Osse
1056 4119 1096 4165 82.

155 4178 211 4229 that
226 4178 301 4230 there
316 4193 383 4228 were
397 4181 480 4228 towns
496 4180 524 4228 in
540 4179 624 4228 which
639 4180 684 4230 tha
767 4181 778 4213 ⁸
795 4181 850 4230 Tha
863 4181 921 4230 urit
936 4181 1021 4230 would
1037 4183 1166 4244 rum-if
1179 4183 1211 4232 R.
1231 4183 1262 4231 de

154 4244 233 4306 mend
243 4243 331 4294 assito
341 4243 429 4292 would
439 4247 485 4293 not
496 4243 537 4305 lie,
551 4259 622 4294 more
638 4259 683 4294 an·
734 4247 767 4296 Β.
776 4247 847 4309 finds
861 4249 970 4310 security
983 4246 1084 4309 (jecerit
1101 4254 1124 4295 te
1140 4248 1262 4310 securum)

156 4309 268 4371 noussen
289 4310 373 4358 forms
389 4309 419 4358 oi
438 4309 569 4372 litigation
586 4309 684 4374 having
730 4312 776 4374 sor
783 4313 943 4373 prosecutione
955 4313 994 4359 his
1006 4312 1067 4360 suit·

156 4375 215 4425 boen
230 4373 371 4438 preserved
390 4377 419 4424 to
435 4374 480 4424 the
497 4375 634 4424 townslollr
650 4375 685 4438 by
768 4375 974 4433 ‘rememora-ut,
985 4376 1022 4436 A;
1040 4377 1197 4434 dimiserunt,
1209 4375 1240 4424 Β.

155 4441 222 4502 royal
233 4440 347 4490 charter.
378 4441 427 4490 Sao
438 4455 487 4501 eg.
497 4439 685 4490 oWinchester
768 4439 779 4472 ⁷
796 4440 866 4490 Here
877 4441 899 4489 B
912 4443 992 4504 stops.

155 4505 251 4557 charter
261 4505 291 4556 ol
308 4507 382 4563 1215,
395 4505 456 4556 Rot.
472 4505 542 4555 Cart.
555 4520 580 4570 p.
596 4507 651 4557 217.
