3212 5230
380 483 615 544 memma,
637 481 701 533 an.
725 469 818 543 1229,
842 481 905 532 aa
930 469 1066 532 13-14.
1209 469 1271 532 301

171 660 275 737 pater
285 654 379 740 ipsius
394 655 452 720 Ele
467 677 634 741 nunquam
649 655 731 719 obiit
745 653 874 719 saisitus
889 653 930 719 de
945 653 1058 718 eadem
1081 661 1167 718 terra
1181 662 1220 717 ut
1235 654 1274 720 de

171 757 271 824 feodo
284 768 316 824 et
330 759 405 836 iure,
420 768 471 824 aet
486 759 515 824 si
528 760 597 845 ipae
613 757 667 823 nel
682 757 733 824 W.
750 757 866 824 Comes
889 757 1103 847 Lungespeye
1124 759 1177 824 uir
1198 783 1276 826 auus

168 857 314 945 aliquam
328 860 402 926 inde
417 861 602 926 habuerunt
617 859 767 925 seiainam
783 860 843 925 hoe
858 859 921 924 fuit
934 883 993 946 pm
1003 861 1133 926 defectu
1148 861 1276 927 seruieii

168 971 208 1026 et
236 963 359 1029 nomine
384 963 530 1029 custodie
557 971 630 1049 post
657 971 795 1028 montem
822 963 972 1050 Hugonis
997 963 1037 1028 de
1066 963 1194 1028 Fatales
1219 963 1276 1050 qui

167 1065 251 1132 inde
279 1068 356 1132 obiit
384 1068 517 1134 saisitus
545 1075 583 1132 ut
613 1067 653 1132 de
683 1067 776 1132 feodo
805 1075 840 1132 et
870 1067 926 1153 qui
955 1067 1064 1132 tenuit
1093 1067 1133 1132 de
1163 1068 1275 1134 eodem

166 1171 334 1237 Willelmo
355 1173 484 1238 Pateria
500 1172 627 1238 Oomite
649 1193 709 1257 per
729 1171 901 1236 seruieium
917 1171 1053 1236 duorum
1076 1171 1219 1237 militum
1242 1181 1276 1237 et

166 1275 260 1361 qnod
273 1275 320 1340 ita
332 1277 375 1340 sit
390 1275 477 1362 petit
492 1283 531 1340 ut
545 1275 643 1362 priua.

108 1451 115 1468 ι
236 1380 418 1445 Willelmus
447 1379 487 1444 de
510 1381 592 1445 Gell'
618 1388 653 1445 et
678 1379 800 1444 Felicia
825 1403 906 1444 uxor
927 1380 997 1445 eius
1018 1388 1137 1467 petunt
1164 1403 1276 1446 uersus

166 1480 368 1546 willelmum
384 1482 426 1547 de
442 1483 538 1548 Emet
559 1483 677 1569 xxxvij.
694 1505 755 1548 aor.
778 1490 864 1548 terre
886 1505 961 1548 eum
983 1491 1064 1568 pert.
1088 1483 1123 1548 in
1145 1483 1275 1548 Wicke·

165 1585 273 1650 fordia
286 1595 325 1650 ut
339 1585 391 1650 ius
406 1585 509 1672 ipsius
523 1585 643 1651 Felicia
659 1594 719 1650 ete

235 1689 278 1752 Et
303 1688 490 1753 Willelmus
515 1689 555 1753 de
583 1689 679 1754 Ereet
705 1689 799 1753 uenit
825 1697 859 1754 et
874 1688 954 1752 dicit
976 1687 1062 1775 quod
1083 1712 1148 1754 non
1178 1689 1276 1755 debet

165 1794 285 1859 adhoc
299 1795 398 1860 breue
414 1794 606 1882 respondere
625 1795 703 1881 quia
724 1792 776 1860 die
792 1817 856 1880 quo
870 1795 969 1859 breue
989 1794 1053 1860 suit
1075 1794 1275 1882 inpetratum

166 1919 234 1960 non
256 1897 364 1962 tenuit
379 1897 450 1984 ipae
465 1907 568 1962 totam
591 1906 710 1962 terram
732 1897 822 1962 illam
844 1897 921 1984 quia
943 1897 1082 1984 quedam
1105 1897 1276 1986 Helewyaa

167 1998 279 2064 tenuit
293 1999 334 2064 de
353 2023 392 2064 eo
413 1999 491 2064 inde
512 1998 599 2084 xviij.
615 2021 677 2064 aer.
692 2007 726 2064 et
748 2021 788 2064 ea
806 2007 935 2063 mortua
956 1999 1042 2084 cepit
1064 1999 1133 2085 ipae
1155 2007 1274 2065 terram
1287 2017 1418 2114 dmum

166 2102 258 2168 illam
274 2103 397 2168 seilicet
412 2102 500 2188 xviij.
515 2125 575 2168 aer.
592 2103 627 2167 in
642 2125 775 2167 manum
790 2125 891 2179 suam,
903 2111 937 2168 et
951 2103 1051 2168 nichil
1066 2103 1141 2170 inde
1156 2104 1275 2170 elamat
1287 2121 1330 2152 ¹¹⁰⁰
1340 2111 1413 2152 unna

165 2205 231 2270 nisi
246 2205 435 2284 custodiam,
450 2215 485 2271 et
500 2204 625 2270 desiout
640 2227 705 2269 non
719 2212 812 2270 tenet
831 2213 935 2270 totam
958 2213 1077 2270 terram
1097 2207 1188 2272 illam
1210 2229 1275 2272 non

165 2309 243 2374 uult
271 2309 315 2374 ad
339 2309 400 2374 hoc
429 2309 528 2375 breue
551 2308 741 2396 respondere
764 2309 827 2374 nisi
848 2309 938 2374 curia
959 2309 1219 2390 considerauerit,
1240 2321 1275 2378 et

165 2413 295 2479 deaicut
324 2437 388 2478 non
416 2414 524 2478 tenuit
549 2421 653 2478 totam
675 2421 794 2478 terram
817 2413 981 2478 illamdie
1005 2437 1068 2500 quo
1090 2415 1190 2480 breue
1212 2415 1276 2480 fuit

166 2520 379 2605 inpetratum

235 2621 280 2685 Et
294 2621 480 2687 Willelmua
500 2629 535 2685 et
557 2619 679 2685 Felicia
697 2619 810 2685 dieunt
831 2619 917 2706 quod
940 2620 1000 2686 hoe
1024 2643 1088 2686 non
1108 2621 1207 2688 debet
1228 2622 1276 2688 eis

165 2747 284 2790 noeere
310 2725 389 2812 quia
413 2723 580 2811 predictus
603 2723 762 2788 Ricardus
787 2745 874 2788 nune
903 2731 995 2789 tenet
1021 2732 1125 2788 totam
1155 2733 1275 2792 terram

166 2829 261 2893 illam
290 2836 326 2893 et
355 2827 431 2893 lieet
460 2835 549 2892 terra
573 2827 630 2892 illa
654 2826 732 2891 data
757 2825 872 2890 fuisset
900 2825 935 2890 in
964 2827 1171 2914 maritagium
1201 2850 1276 2892 cum

167 2931 318 3019 predicta
328 2932 492 2998 Helewisa
503 2940 614 2997 tamen
625 2929 747 2996 reuerti
762 2929 861 2994 debet
875 2929 917 2994 ad
931 2929 1110 3015 predictam
1122 2930 1275 2996 Felieiam

167 3035 312 3122 eoquod
334 3035 448 3100 eadem
463 3033 627 3100 Helewisa
648 3033 729 3098 obiit
749 3033 818 3098 eine
838 3033 957 3098 herede
979 3033 1020 3098 de
1040 3056 1074 3099 aa
1095 3043 1129 3098 et
1144 3033 1276 3120 quidam

168 3139 329 3204 Ritaudua
352 3139 452 3203 frater
479 3137 581 3224 ipsius
611 3136 730 3202 Felicia
756 3136 894 3202 abstulit
919 3136 1056 3202 eandem
1086 3146 1205 3203 terram
1235 3139 1275 3204 de

168 3243 286 3310 eadem
313 3243 435 3308 Felicia
460 3251 494 3307 et
520 3241 612 3307 dedit
635 3263 708 3307 eam
733 3241 769 3306 in
794 3241 1002 3329 mantagium
1028 3264 1102 3306 cum
1130 3241 1277 3328 predicta

168 3346 343 3412 Helewisa
388 3345 432 3410 Et
457 3345 535 3432 quia
559 3344 760 3432 recognitum
787 3353 838 3410 est
863 3345 951 3430 quod
975 3344 1159 3410 Willelmue
1184 3354 1275 3411 tenet

168 3459 292 3516 tertam
316 3449 406 3514 illam
432 3457 467 3514 et
492 3449 578 3535 quod
603 3449 672 3535 ipse
702 3457 752 3514 ast
778 3449 813 3514 in
838 3449 956 3514 saisina
981 3448 1021 3514 de
1047 3449 1160 3515 eadem
1190 3459 1276 3517 terra

169 3553 420 3622 Considemtum
436 3561 485 3618 est
500 3552 586 3640 quod
600 3552 799 3639 respondeat.

238 3657 316 3721 Poat
330 3655 422 3721 uenit
435 3655 619 3721 Willelmus
630 3664 664 3720 et
675 3665 770 3720 uocat
781 3654 856 3721 inde
868 3655 910 3721 ad
921 3665 1100 3721 warantum
1112 3657 1275 3745 Rogemm

169 3763 212 3828 de
236 3762 381 3847 Bautesy
403 3769 438 3825 et
460 3759 654 3825 Matillidem
677 3783 809 3825 uxorem
831 3759 908 3826 eiua
953 3761 1016 3826 Per
1036 3762 1194 3828 auxilium
1216 3773 1275 3830 ete.

170 3867 293 3932 hebeat
308 3887 361 3931 eoa
376 3873 435 3930 eto.

88 3981 113 4042 ',
239 3969 396 4035 Ricardus
410 3968 451 4034 de
465 3968 697 4056 Bagingedena
711 3969 955 4056 queriturquod
966 3969 1276 4038 WillelmuaRusael
1332 3995 1389 4026 που

170 4086 207 4142 et
233 4075 340 4140 Alieia
363 4096 444 4138 uxor
465 4073 535 4138 eiua
557 4073 630 4160 plus
652 4072 775 4138 habent
796 4073 831 4137 in
854 4072 963 4139 dotem
986 4073 1087 4160 ipsius
1108 4075 1213 4141 Alicie
1235 4076 1275 4142 de

170 4187 361 4245 tenemento
382 4177 470 4264 quod
498 4176 561 4242 fuit
584 4175 714 4242 Ricardi
737 4175 777 4242 de
800 4177 1031 4264 Bagingedena
1053 4177 1154 4264 patria
1175 4179 1276 4266 ipsius

171 4283 304 4350 Ricardi
318 4283 411 4348 cuius
425 4281 518 4348 heres
533 4283 602 4369 ipae
622 4290 673 4348 eat
691 4281 779 4348 unde
798 4281 886 4348 idem
908 4281 1066 4347 Ricardue
1089 4282 1169 4348 dicit
1189 4285 1275 4370 quod

171 4387 245 4474 ipsa
258 4386 357 4451 habet
376 4385 412 4450 in
434 4385 620 4451 Wudetona
640 4409 669 4452 x.
693 4385 762 4450 libr.
786 4393 871 4451 tene
892 4385 1022 4450 nomine
1044 4385 1129 4476 dotds
1151 4387 1275 4474 etipse

172 4489 351 4556 nonhabet
368 4488 446 4552 alibi
461 4488 496 4553 in
511 4489 743 4576 Bagingedena
757 4488 796 4553 de
821 4487 1002 4552 hereditate
1023 4489 1125 4574 patris
1143 4490 1193 4562 aui
1213 4491 1275 4556 nisi
