3314 5238
477 459 612 541 nisrnn,
634 459 699 509 no.
725 446 817 520 1231,
839 459 912 510 nu..
927 448 976 510 15.
1216 449 1278 512 439

164 631 250 689 terra
264 645 343 688 cum
360 636 447 711 pert.
458 627 573 693 debuit
587 651 752 694 remanere
767 627 912 714 predicto
922 629 1086 694 Willelmo
1097 639 1132 695 et
1147 631 1279 696 Mabilie

164 736 233 792 tota
256 729 332 794 uita
354 739 477 796 suaet
499 740 572 818 post
594 741 730 796 mortem
753 732 896 818 ipsorum
911 732 1069 798 Willelmi
1091 741 1125 798 et
1147 734 1279 799 Mobilie

161 831 277 898 debuit
293 841 389 898 terra
404 835 463 900 illa
476 835 598 899 reuerti
612 835 653 900 cd
668 835 807 900 eundem
823 835 1012 921 Philippum
1026 858 1084 922 per
1098 836 1280 922 predictum

161 937 260 1001 finem
283 937 377 1003 sicut
402 940 437 1003 in
463 939 650 1026 cirographo
676 939 762 1003 inter
787 961 840 1003 eos
866 940 1010 1004 conlecto
1032 941 1224 1019 continetur,
1246 953 1281 1007 et

161 1039 247 1125 quod
262 1040 358 1106 idern
376 1042 551 1128 Philippus
570 1043 692 1128 profert
707 1050 741 1106 et
755 1042 841 1128 quod
856 1050 997 1107 testatur
1017 1043 1102 1128 quod
1116 1044 1280 1130 predictus

160 1143 338 1230 Philippus
362 1145 554 1231 recognouit
576 1153 680 1210 totum
703 1153 822 1210 terram
844 1145 935 1210 illam
955 1169 1030 1211 cum
1049 1156 1130 1233 pert.
1146 1171 1214 1213 esse
1229 1149 1280 1213 ius

159 1247 308 1333 ipsorum
324 1249 492 1314 Willelmi
507 1257 541 1314 et
556 1249 690 1314 Mobilie
714 1250 888 1315 tenendam
905 1259 976 1314 totu
990 1251 1061 1316 uita
1075 1252 1217 1338 ipsorum
1232 1253 1281 1318 ito

159 1351 246 1437 quod
261 1360 343 1436 post
360 1361 503 1418 mortem
518 1353 687 1444 utriusque
702 1353 844 1438 ipsorum
863 1361 933 1417 tote
953 1362 1039 1418 term
1058 1355 1115 1419 illa
1136 1365 1278 1421 reuerte-

159 1464 251 1520 retur
269 1455 317 1520 ed
341 1456 455 1541 ipsum
478 1455 665 1540 Philippum
689 1463 723 1518 et
745 1453 878 1519 heredes
900 1475 975 1520 suos
997 1457 1107 1541 quiete
1130 1458 1278 1546 inperpe-

160 1567 267 1636 tuum,
282 1569 321 1623 et
337 1558 430 1623 unde
444 1558 531 1623 idem
547 1558 731 1623 Willelmus
750 1559 898 1644 queritur
918 1560 1004 1645 quod
1019 1583 1093 1625 cum
1107 1583 1166 1647 per
1180 1563 1279 1628 finem

160 1663 254 1727 illum
271 1672 367 1728 esset
383 1663 418 1726 in
433 1671 520 1726 terra
532 1661 589 1725 illa
604 1669 677 1746 post
691 1669 828 1725 mortem
850 1663 994 1748 predicte
1017 1664 1150 1730 Mabilie
1171 1667 1279 1730 uxoris

161 1787 218 1830 sue
234 1773 272 1830 et
293 1764 437 1830 inisset¹
452 1765 487 1829 in
507 1787 635 1851 campos
657 1787 740 1842 suos,
754 1775 916 1830 uenerunt
937 1767 1102 1852 predictus
1124 1770 1223 1856 Hugo
1245 1779 1280 1835 et

161 1891 275 1933 omnes
300 1869 365 1933 alii
387 1867 564 1954 supradicti
586 1875 621 1932 et
642 1875 887 1954 prostrauerunt
909 1892 984 1935 eum
1007 1871 1047 1935 de
1070 1893 1153 1957 equo
1172 1895 1230 1937 suo
1244 1873 1279 1937 in

162 1997 226 2060 quo
241 1974 387 2039 sedebat
403 1981 436 2038 et
452 1973 563 2036 sellam
578 1994 670 2036 suam
685 1973 852 2058 fregerunt
872 1981 906 2037 et
928 1996 1003 2038 eum
1025 1975 1279 2041 uerberauerunt

162 2088 197 2142 et
219 2079 373 2165 turpiter
392 2086 427 2142 et
449 2076 617 2140 inhoneste
641 2099 716 2140 eum
741 2085 965 2142 tractauerunt
988 2087 1022 2143 et
1045 2088 1158 2165 postea
1179 2080 1278 2146 intra·

163 2191 287 2246 uerunt
303 2182 421 2247 domos
440 2181 541 2265 ipsius
555 2179 712 2254 Willelmi
735 2189 769 2244 et
791 2189 947 2266 ceperunt
969 2181 1161 2268 palefridum
1183 2205 1278 2248 suum

163 2297 197 2352 et
212 2289 314 2354 illum
330 2288 538 2352 abduxerunt
553 2296 587 2352 et
607 2294 763 2372 ceperunt
785 2287 896 2351 fenum
919 2295 953 2351 et
975 2287 1039 2352 slis
1061 2311 1123 2374 que
1145 2288 1277 2354 inuene-

164 2403 242 2457 runt
274 2401 314 2458 et
344 2393 473 2457 arbores
506 2398 750 2478 prostrauerunt
782 2397 817 2455 et
851 2391 1015 2456 redditum
1052 2401 1208 2478 ceperunt
1237 2393 1277 2458 de

165 2494 359 2560 hominibus
381 2496 431 2560 its
454 2495 539 2582 quod
560 2495 739 2581 dampnum
762 2494 862 2560 habet
884 2504 953 2574 etc,
975 2504 1010 2560 et
1031 2496 1107 2562 inde
1130 2497 1278 2584 producit

166 2609 303 2666 sectam.

232 2705 281 2770 Et
297 2705 399 2790 Hugo
414 2712 449 2768 et
463 2725 574 2767 omnes
589 2701 645 2766 elii
664 2709 773 2787 preter
787 2701 989 2766 Willelmum
1011 2702 1035 2766 J
1035 2701 1115 2768 udcs
1138 2703 1278 2768 ueniunt

168 2815 202 2872 et
223 2806 411 2872 defendunt
434 2805 503 2870 uim
529 2815 564 2869 et
589 2805 741 2869 iniuriam
763 2813 798 2870 et
824 2813 939 2882 totum,
962 2812 996 2869 et
1021 2827 1136 2870 uerum
1162 2807 1279 2871 uolunt

168 2911 285 2976 dicere.
332 2911 461 2975 Reuera
482 2910 713 2975 terramillam
736 2910 823 2974 unde
845 2909 1011 2974 contencio
1032 2917 1081 2974 est
1101 2910 1192 2976 dedit
1207 2913 1277 2998 qui-

169 3015 245 3080 dnm
268 3015 411 3080 Thomas
433 3013 474 3079 de
494 3015 585 3079 Bello
602 3015 715 3079 Monte
731 3014 866 3101 Hugoni
880 3013 1006 3078 Druual
1021 3013 1055 3078 in
1070 3015 1277 3101 meritc-glum

169 3141 245 3185 cum
272 3119 421 3206 predicta
446 3119 581 3184 Mabilia
606 3118 781 3183 tenendam
808 3116 870 3182 sibi
896 3125 930 3181 et
954 3117 1126 3183 heredibus
1148 3119 1215 3184 suis
1236 3119 1277 3184 de

170 3225 249 3312 ipsis
264 3225 409 3311 Hugone
421 3232 455 3288 et
470 3223 604 3288 Mebilia
618 3222 812 3288 exeuntibus
824 3229 858 3286 et
868 3220 931 3306 ipsi
945 3220 1079 3286 heredes
1094 3221 1279 3289 habuerunt

171 3329 337 3416 quendam
363 3329 538 3415 Hugonem
564 3326 605 3392 de
631 3327 758 3391 Druual
787 3333 913 3412 putrem
937 3325 1033 3389 istius
1059 3326 1218 3422 Hpgonis,
1244 3337 1278 3393 et

172 3443 287 3518 postea
307 3442 436 3496 mortuo
459 3430 603 3517 predicto
625 3431 766 3516 Hugone
788 3428 893 3515 primo
914 3427 985 3492 uiro
1005 3451 1063 3493 suo
1083 3430 1194 3516 nupsit
1208 3431 1279 3517 ipsa

173 3537 304 3602 cuidam
320 3535 479 3600 Auenello
494 3535 534 3598 de
549 3556 613 3620 quo
627 3533 733 3597 nullos
748 3533 865 3596 liberos
879 3531 1004 3609 habuit,
1020 3539 1053 3596 et
1068 3541 1195 3597 mortuo
1209 3533 1279 3619 ipso

174 3639 335 3705 Auenello
355 3637 467 3724 nupsit
486 3638 528 3703 ad
549 3637 704 3701 ultimum
719 3635 777 3700 isti
791 3633 955 3698 Willelmo
970 3641 1004 3698 et
1019 3632 1059 3698 de
1075 3657 1138 3720 quo
1152 3636 1279 3700 nullum

176 3743 316 3808 liberum
345 3740 490 3817 habuit&
520 3749 554 3804 et
584 3747 712 3803 mortue
740 3736 886 3824 predicta
915 3736 1049 3801 Mabilia
1074 3738 1166 3802 uenit
1192 3739 1278 3804 idem

176 3849 276 3935 Hugo
292 3855 326 3912 et
340 3845 450 3933 posuit
466 3868 499 3910 se
515 3845 687 3909 interram
706 3843 796 3908 illam
819 3850 857 3906 ut
879 3841 913 3906 in
935 3841 987 3906 ius
1008 3850 1043 3906 et
1065 3842 1279 3910 hereditatem

175 3976 266 4018 sunm
285 3974 349 4038 que
369 3949 400 4015 ei
422 3948 588 4016 descendit
609 3946 756 4034 predicta
777 3945 904 4010 racione
926 3953 961 4009 et
983 3945 1069 4010 unde
1092 3945 1172 4012 dicit
1193 3949 1279 4033 quod

175 4057 239 4121 fuit
260 4055 295 4120 in
317 4054 437 4119 seisina
457 4053 541 4118 sicut
563 4051 603 4116 de
625 4051 696 4116 iure
718 4073 776 4115 suo
798 4059 832 4115 et
853 4049 1035 4115 hereditate
1056 4073 1123 4130 sua,
1138 4060 1173 4117 et
1193 4053 1279 4117 unde

176 4159 255 4224 dicit
270 4157 358 4244 quod
372 4179 437 4221 non
452 4178 486 4220 se
500 4153 634 4220 intrusit
649 4153 684 4218 in
699 4160 818 4217 terram
834 4152 923 4216 illam
938 4152 1066 4218 iniuste.

208 4363 218 4395 ¹
235 4364 372 4413 immiscet
388 4361 518 4413 corrected
537 4361 593 4413 into
615 4363 704 4412 luisset
754 4359 786 4410 be
808 4357 954 4472 tenuntbby
966 4361 1104 4473 purtem..
1119 4360 1168 4437 hs¹
1181 4365 1209 4411 to
1225 4361 1281 4450 ¹tbp

176 4429 369 4544 hyffgldodlidll·
375 4495 463 4544 events
477 4493 593 4544 Willism
608 4495 705 4542 cannot
755 4424 983 4552 fflgglirpgppoe
991 4425 1184 4540 {pathapphrs
1201 4427 1281 4477 mm
