3276 5234
350 413 414 476 268
647 425 787 485 urucas,
809 423 875 473 nn.
900 411 993 486 1229,
1016 424 1079 474 aa
1106 411 1154 474 13.

349 595 474 672 habuit,
504 603 554 660 set
584 594 758 681 inquirent.
818 594 863 658 Et
892 594 965 659 ideo
993 595 1021 659 si
1050 616 1132 681 opus
1162 593 1260 659 fuerit
1291 593 1348 658 fiat
1378 593 1453 658 inde

349 699 526 786 inquisicio

414 802 540 868 ¹Assisa
561 801 654 866 uenit
676 801 883 888 recognitura
903 801 977 887 quis
999 801 1176 866 aduocatus
1198 811 1345 888 tempore
1367 801 1456 887 pacis

348 904 550 992 presentauit
565 904 716 968 ultimam
735 925 904 990 personam
925 926 989 990 que
1010 912 1140 970 mortua
1160 913 1210 969 est
1224 905 1266 969 ad
1288 904 1455 970 ecclesiam

349 1007 390 1072 de
420 1007 610 1094 Haregraue
636 1028 699 1092 que
722 1014 827 1084 uacat,
850 1006 942 1072 cuius
964 1007 1212 1072 aduocacionem
1235 1007 1394 1072 Ricardus
1415 1007 1456 1071 de

349 1111 524 1198 Desebing’
546 1111 667 1176 clamat
697 1132 810 1175 uersus
833 1111 977 1176 Priorem
1000 1111 1182 1197 Hospitalis
1204 1112 1396 1184 Jerosolime
1422 1111 1458 1174 in

349 1216 471 1303 Anglia
496 1215 552 1302 qui
578 1215 670 1278 uenit
694 1237 752 1300 per
777 1223 979 1280 attomatum
1005 1238 1101 1280 suum
1126 1225 1160 1281 et
1189 1217 1344 1303 cognouit
1370 1213 1458 1302 quod

350 1320 483 1407 quidam
492 1321 591 1384 frater
601 1319 642 1385 de
654 1319 856 1384 Melkesham
868 1321 1048 1405 appellauit
1060 1329 1172 1385 contra
1182 1321 1459 1407 presentationem

350 1424 452 1510 ipsius
476 1423 606 1487 Ricardi
629 1445 695 1486 non
718 1422 849 1486 nomine
874 1421 1001 1500 Primis,
1025 1432 1076 1488 set
1105 1423 1274 1488 cuiusdam
1297 1423 1460 1490 Johannis

351 1530 483 1594 Bauzan
498 1528 554 1613 qui
569 1536 619 1592 est
639 1527 723 1592 infra
743 1536 865 1592 etatem
885 1529 977 1592 etin
999 1527 1131 1593 consilio
1152 1529 1255 1614 ipsius
1277 1529 1404 1607 Primis,
1423 1537 1461 1593 et

351 1633 420 1720 ipse
444 1656 508 1697 non
533 1633 589 1696 wlt
615 1631 780 1717 impedire,
807 1641 858 1696 set
881 1655 946 1696 non
970 1633 1134 1720 cognoscit
1158 1633 1245 1719 quod
1274 1642 1461 1698 antecessor

350 1735 452 1822 ipsius
478 1734 609 1800 Ricardi
635 1757 802 1820 nunquam
824 1743 1042 1820 presentasset
1064 1757 1234 1821 personam
1257 1736 1299 1801 ad
1321 1735 1460 1800 eandem

351 1839 524 1903 ecclesiam.
570 1837 615 1901 Et
636 1835 804 1902 Johannes
825 1859 956 1923 presens
978 1846 1028 1902 est
1052 1846 1086 1902 et
1102 1847 1153 1902 est
1172 1838 1258 1903 infra
1272 1847 1403 1916 etatem,
1423 1847 1461 1902 et

350 1940 541 2027 dicitquod
567 1942 765 2028 presentatio
791 1941 833 2007 ad
862 1964 938 2006 eum
968 1942 1119 2028 pertinet,
1150 1951 1184 2006 et
1207 1942 1280 2007 ideo
1306 1941 1461 2028 procedat

351 2065 458 2110 assisa

417 2147 462 2210 Et
485 2145 642 2210 iuratores
665 2145 780 2210 dicunt
803 2145 891 2232 quod
920 2145 1054 2232 quidam
1083 2146 1231 2234 Rogerus
1262 2147 1461 2213 Constantin

352 2247 555 2336 presentauit
578 2247 740 2332 quendam
763 2248 921 2312 Thomam
944 2247 1001 2334 qui
1023 2248 1140 2312 ultimo
1163 2249 1246 2314 obiit
1268 2272 1403 2336 persona
1424 2251 1463 2314 in

353 2351 467 2416 eadem
482 2351 616 2416 ecclesia
630 2359 665 2416 et
680 2352 736 2436 qui
751 2351 793 2416 ad
808 2353 1085 2437 presentacionem
1100 2376 1193 2418 suam
1213 2355 1278 2419 fuit
1292 2355 1462 2420 admissus.

354 2455 398 2520 Et
422 2454 541 2541 quesiti
567 2454 640 2539 quis
663 2453 707 2518 sit
730 2454 823 2518 heres
849 2455 951 2540 ipsius
973 2456 1102 2544 Rogeri,
1123 2457 1239 2522 dicunt
1261 2458 1348 2544 quod
1370 2456 1461 2522 idem

354 2560 502 2646 Rogerus
524 2557 641 2622 habuit
664 2580 767 2622 unum
789 2558 895 2623 filium
918 2559 1120 2624 Willelmum
1142 2562 1282 2639 nomine,
1311 2570 1345 2626 et
1371 2561 1461 2626 idem

354 2663 538 2728 Willelmus
553 2661 670 2727 habuit
685 2685 787 2727 unum
803 2663 908 2727 filium
927 2665 1101 2751 Rogerum,
1118 2674 1152 2730 et
1167 2688 1267 2730 unam
1282 2665 1462 2730 'Amiciam

356 2765 494 2842 nomine,
510 2772 544 2828 et
559 2765 647 2828 idem
662 2765 807 2850 Rogerus
823 2766 905 2830 obiit
920 2767 989 2831 sine
1005 2767 1123 2832 herede
1138 2767 1179 2833 de
1194 2791 1229 2832 se
1244 2777 1279 2832 et
1293 2769 1464 2834 descendit

355 2869 518 2934 hereditas
533 2869 658 2933 Amieie
679 2870 777 2934 sorori
797 2893 854 2936 sue
873 2894 936 2956 que
959 2873 1023 2936 fuit
1041 2895 1122 2937 uxor
1144 2873 1274 2937 Ricardi
1296 2873 1337 2938 de
1359 2873 1464 2937 Dere-

354 2976 458 3062 burgo
487 2973 585 3039 etde
616 2997 681 3059 qua
709 2973 809 3039 hahet
838 2997 961 3060 pueros.
1007 2976 1052 3040 Et
1080 2976 1195 3062 dicunt
1218 2977 1304 3062 quod
1333 2977 1465 3042 Amisia

356 3078 472 3143 habuit
501 3075 716 3141 hereditatem
746 3077 884 3162 predicti
914 3078 1041 3164 Rogeri
1071 3087 1105 3144 et
1135 3101 1249 3144 reuera
1275 3079 1464 3144 Willelmus

355 3183 442 3247 filius
464 3180 583 3267 Rogeri
603 3179 753 3244 uendidit
776 3189 895 3244 terram
918 3181 958 3245 de
981 3183 1170 3269 Haregrane
1193 3182 1322 3248 cuidam
1345 3183 1464 3246 Frum-

356 3286 452 3350 baldo
477 3285 651 3350 tenendam
673 3285 713 3350 de
736 3285 858 3350 eodem.
903 3285 946 3349 Et
969 3286 1046 3371 quia
1068 3286 1154 3350 idem
1177 3286 1335 3352 Ricardus
1361 3286 1465 3350 habet

357 3388 572 3453 hereditatem
587 3389 695 3452 uxoris
709 3411 767 3452 sue
782 3397 817 3453 et
832 3388 962 3453 heredis
975 3389 1076 3474 ipsius
1087 3390 1195 3454 uxoris
1210 3413 1267 3455 sue
1283 3389 1463 3456 secundum

358 3493 624 3559 consuetudinem
654 3493 754 3578 regni,
782 3493 1030 3559 Consideratum
1052 3502 1103 3558 est
1125 3494 1211 3580 quod
1233 3495 1389 3559 Ricardus
1411 3517 1465 3560 re-

357 3599 527 3684 cuperauit
556 3599 706 3663 saisinam
735 3597 776 3663 de
806 3598 951 3684 predicta
980 3598 1193 3664 aduocaoione
1230 3600 1356 3664 racione
1387 3622 1465 3686 pre-

358 3703 518 3768 dictorum
542 3701 698 3766 heredum
725 3709 759 3765 et
789 3701 880 3765 Prior
908 3701 944 3764 in
973 3701 1214 3768 misericordia⁸.
1259 3701 1466 3768 Perdonatur

359 3806 437 3892 quia
470 3827 534 3869 non
571 3804 776 3890 inplacitanit
812 3805 943 3872 nomine
980 3827 1038 3869 suo
1074 3814 1126 3870 set
1158 3805 1289 3871 nomine
1325 3805 1468 3892 predicti

360 3908 526 3976 Johannis.

425 4015 519 4079 ⁴Dies
533 4013 630 4078 datus
645 4021 695 4077 est
711 4013 891 4099 Reginaldo
911 4013 952 4078 de
973 4010 1262 4078 Kalmundesdena
1283 4019 1318 4077 et
1340 4013 1469 4099 Agneti

393 4185 402 4216 ¹
420 4184 451 4232 A.
462 4197 498 4230 m.
510 4183 535 4233 9.
935 4179 984 4228 but
995 4180 1056 4243 only
1067 4195 1083 4230 a
1095 4193 1175 4242 quaro
1186 4177 1301 4240 impedit.

393 4249 405 4282 ²
421 4247 519 4310 supply
524 4248 618 4310 filiam,
632 4244 662 4294 A.
805 4279 808 4282 -
968 4247 980 4278 ⁴
995 4245 1026 4294 A.
1036 4261 1071 4294 m.
1079 4247 1103 4296 9.
1127 4243 1222 4307 copied
1232 4242 1320 4307 hythe
1332 4241 1468 4293 mechani-

393 4314 542 4371 ⁸Braoton‚
576 4311 595 4360 f.
623 4311 678 4373 244,
705 4308 795 4358 thinks
827 4309 886 4360 that
935 4308 1244 4374 oaloopyistbecausetho
1252 4307 1379 4370 marginal
1389 4309 1469 4358 mark

362 4381 455 4431 tenant
466 4377 499 4440 by
511 4376 555 4426 the
571 4379 673 4438 cumesy
683 4389 732 4424 can
743 4377 790 4424 not
811 4373 886 4436 bring
936 4375 1037 4437 against
1048 4375 1093 4426 the
1103 4375 1156 4426 last
1167 4387 1226 4426 caso
1235 4378 1327 4424 wenta
1339 4373 1408 4424 little
1419 4377 1469 4424 too

363 4446 407 4498 the
426 4442 509 4494 assiae
528 4443 557 4492 of
574 4440 674 4494 datrein
700 4443 885 4504 presentment,
936 4442 984 4490 lar.
