3276 5234
344 437 408 498 194
645 444 869 506 11111111.
894 429 986 508 1227,
1009 445 1072 494 11.
1097 434 1147 494 11.

343 615 499 681 Mauricio
521 615 584 700 ipsi
606 613 774 700 Stephano
796 621 835 677 ut
857 612 924 678 filio
953 621 989 678 et
1017 613 1130 680 heredi
1158 637 1226 692 suo,
1257 616 1344 682 unde
1372 618 1451 703 quia

343 717 486 782 nondum
522 716 674 803 peruenit
711 715 753 781 ad
787 716 925 780 tercium
962 715 1115 782 heredem
1151 740 1217 782 uon
1245 717 1345 784 debet
1373 718 1450 786 inde

342 821 516 886 seruicium
538 821 651 895 facere,
672 825 707 882 et
729 818 815 904 quod
837 818 886 883 ita
906 818 959 894 sit,
981 827 1078 884 uocat
1099 819 1176 886 inde
1198 819 1240 886 ad
1269 829 1450 886 warantum

344 923 533 1009 Philippum
555 922 596 987 de
619 921 713 987 Colre
735 920 888 985 heredem
909 919 1049 1005 predicti
1078 920 1223 986 Gallridi
1269 921 1336 1002 Qui
1361 944 1450 986 1111-

344 1028 487 1093 monitus
515 1027 609 1091 uenit
638 1033 672 1090 et
700 1025 782 1090 dicit
810 1025 898 1110 quod
926 1047 991 1088 non
1020 1024 1119 1089 debet
1148 1025 1181 1090 ei
1210 1033 1330 1090 terram
1359 1025 1450 1090 illam

343 1130 560 1205 warrantizare,
581 1128 658 1214 quia
679 1150 847 1213 nunquam
868 1127 900 1190 ei
921 1126 1053 1212 aliquod
1074 1127 1151 1192 inde
1173 1128 1348 1193 seruieium
1371 1127 1451 1192 facit

343 1253 403 1297 nec
417 1253 584 1317 nunquam
600 1237 691 1297 tenet
713 1252 789 1294 eum
810 1251 869 1314 pro
890 1228 1030 1305 domino,
1051 1251 1112 1294 neo
1133 1229 1258 1315 aliquid
1280 1230 1342 1294 scit
1364 1229 1451 1316 quod

343 1335 392 1400 ita
405 1335 483 1400 data
497 1335 541 1398 sit
555 1334 590 1398 in
608 1333 817 1418 marilegium
839 1341 875 1396 et
897 1331 970 1396 ideo
992 1354 1057 1396 non
1079 1333 1136 1398 ult
1157 1333 1365 1398 warantizare
1387 1333 1452 1398 m'si

343 1437 433 1502 curia
446 1435 705 1502 considerauerit.

410 1541 454 1604 Et
469 1539 656 1626 Stephanus
667 1538 760 1603 uenit
774 1545 809 1602 et
823 1537 903 1602 dicit
918 1537 1003 1623 quod
1019 1538 1067 1602 ita
1081 1537 1160 1604 data
1173 1539 1238 1604 fuit
1260 1539 1295 1602 in
1316 1539 1448 1604 marita·

342 1645 435 1731 gium
449 1644 534 1708 sicut
548 1643 730 1730 predictum
745 1651 804 1719 est,
819 1651 853 1707 et
868 1642 944 1708 inde
964 1643 1057 1728 ponit
1079 1665 1113 1707 se
1133 1665 1231 1728 super
1251 1643 1391 1728 patriam
1415 1651 1451 1708 et

343 1749 438 1814 offert
459 1747 553 1814 Dom.
576 1746 660 1832 Regi
681 1768 784 1810 unum
806 1744 1000 1830 palefridum
1026 1767 1084 1828 pro
1114 1743 1265 1810 habenda
1292 1745 1370 1812 inde
1399 1745 1448 1812 in·

342 1849 526 1936 quisioione,
542 1857 577 1913 et
591 1848 677 1934 petit
692 1856 811 1912 terram
827 1869 919 1911 suam
934 1869 993 1932 per
1006 1847 1182 1932 pleuinam,
1196 1856 1247 1912 set
1261 1869 1327 1912 nou
1342 1855 1450 1912 osten·

341 1953 391 2020 dit
405 1961 528 2019 cartam
542 1975 602 2018 nee
616 1953 760 2038 aliquam
774 1960 896 2016 sectam
911 1951 1061 2037 producit
1075 1951 1162 2037 quod
1177 1952 1225 2018 ita
1239 1951 1284 2018 sit
1298 1959 1359 2017 etc.
1404 1952 1449 2016 Et

341 2067 428 2124 terra
449 2056 628 2143 replegiata
649 2064 700 2119 est
721 2054 827 2118 eidem
851 2054 1018 2140 Stephano
1040 2055 1089 2120 ita
1110 2055 1197 2140 quod
1219 2055 1295 2120 sine
1324 2057 1450 2122 essouio

342 2162 455 2228 ueniat
469 2159 511 2226 ad
525 2159 708 2246 predictum
723 2157 811 2224 diem
825 2157 868 2224 ad
882 2157 1142 2244 respondendum
1157 2157 1241 2224 inde.

408 2264 609 2330 ¹Gilebertus
623 2261 663 2328 de
679 2262 800 2348 Aquila
814 2261 1031 2326 summonitus
1046 2261 1110 2326 fuit
1124 2261 1167 2326 ad
1188 2261 1449 2347 respondendum

278 2341 293 2430 .⁶
342 2367 472 2433 domino
487 2367 538 2433 R.¹
552 2365 788 2432 Sarrisbirieusi
804 2365 962 2450 Episcopo
977 2387 1076 2450 quare
1090 2387 1157 2429 non
1167 2365 1245 2430 facit
1256 2365 1288 2429 ei
1298 2373 1403 2430 sectas
1414 2375 1449 2430 et

342 2472 469 2539 debitas
486 2469 736 2535 consuetudines
750 2469 792 2534 ad
807 2468 1013 2533 hundredum
1028 2491 1125 2532 suum
1139 2468 1180 2533 de
1196 2467 1450 2556 Godhelminges

342 2598 422 2662 quas
436 2575 477 2640 de
492 2575 562 2640 iure
578 2575 681 2639 facere
696 2573 795 2638 debet
810 2581 849 2638 ut
864 2573 952 2650 dicit,
966 2572 1054 2637 unde
1069 2573 1157 2637 idem
1173 2573 1352 2660 Episcopus
1368 2572 1450 2640 dicit

342 2678 428 2766 quod
448 2699 559 2744 omnes
578 2675 671 2764 probi
693 2675 840 2742 homines
863 2676 904 2741 de
929 2676 1073 2740 manerio
1096 2675 1199 2762 ipsius
1223 2675 1384 2742 Gileberti
1407 2676 1448 2742 de

342 2779 554 2866 Webitlegha
572 2777 694 2844 debent
716 2779 830 2850 uenire¹
852 2778 895 2843 ad
918 2778 1028 2842 omnia
1050 2779 1259 2844 racionabilis.
1281 2777 1451 2844 hundreda

342 2883 383 2948 de
413 2881 665 2968 Godhelminges
693 2904 753 2968 per
780 2905 902 2946 annum
932 2882 1214 2968 quocienscunque
1242 2882 1449 2948 hundredum

341 2986 580 3053 racionabiliter
593 2986 722 3062 sederit,
737 2986 791 3050 uel
806 2985 904 3050 finem
920 2986 1041 3050 faciant
1055 3009 1114 3072 per
1128 2986 1217 3051 den’⁸
1237 3009 1336 3074 quare
1356 2988 1450 3074 sequi

342 3113 408 3156 non
422 3089 571 3167 debeant,
586 3089 672 3154 unde
688 3089 768 3154 dicit
783 3088 869 3176 quod
883 3111 942 3176 per
956 3088 1016 3154 hoc
1031 3089 1264 3156 subtraxerunt
1279 3091 1311 3156 ei
1326 3099 1448 3156 sectam

342 3196 441 3273 illam,
467 3195 716 3282 dampnificatus
743 3203 792 3259 est
819 3202 853 3258 et
882 3193 1097 3258 deterioratos
1127 3203 1177 3260 est
1207 3203 1241 3260 et
1270 3193 1448 3282 dampnum

343 3297 444 3364 habet
457 3297 499 3362 ad
514 3297 695 3362 ualenciam
711 3319 762 3361 xx.
779 3319 884 3373 marc,
899 3305 934 3360 et
949 3295 1025 3361 inde
1042 3297 1142 3362 habet
1156 3305 1286 3362 sectam.

179 3443 331 3530 mmm
409 3403 453 3468 Et
479 3401 665 3468 Gilebertus
690 3424 748 3489 per
773 3409 975 3466 attornatum
1001 3397 1097 3466 ¹suum
1124 3401 1217 3466 uenit
1244 3409 1278 3466 et
1301 3401 1449 3470 defendit

179 3491 278 3532 11111111

180 3585 307 3662 sectando

180 3503 300 3580 ,aurula
343 3507 412 3574 uim
442 3515 477 3572 et
506 3506 658 3572 iniuriam
687 3515 722 3570 et
745 3507 1038 3582 deterioracionem‚
1059 3515 1093 3570 11
1116 3529 1231 3571 uerum
1255 3507 1311 3573 wlt
1334 3507 1449 3574 dicere.

342 3609 434 3675 Dicit
454 3609 540 3697 quod
560 3609 601 3674 ad
622 3607 686 3673 duo
709 3609 951 3695 lagehundreda
970 3632 1170 3696 perannum
1191 3610 1304 3676 uenire
1326 3610 1450 3682 debent

343 3735 455 3778 omnes
469 3711 615 3778 homiues
630 3709 774 3797 predicte
799 3711 875 3776 uille
897 3711 938 3778 de
959 3710 1153 3798 capitalibus
1173 3709 1333 3789 decennis,
1353 3721 1388 3776 et
1407 3713 1449 3778 ad

343 3817 452 3884 omnia
465 3817 530 3882 alia
544 3815 713 3881 hundreda
727 3815 839 3880 uenire
854 3814 975 3880 debent
987 3823 1053 3880 tres
1062 3813 1209 3880 homines
1221 3823 1255 3880 et
1265 3816 1450 3902 prepositus

343 3930 382 3986 ut
405 3921 558 3986 intersint
580 3920 622 3985 ad
646 3919 767 4007 placita
789 3918 939 3996 tenenda,
963 3925 998 3984 et
1021 3918 1063 3984 ad
1089 3917 1210 3984 iudicia
1235 3918 1391 3998 facienda,
1414 3930 1450 3986 et

343 4023 428 4112 quod
443 4023 507 4090 alio
524 4023 619 4089 modo
639 4047 704 4088 non
724 4023 848 4088 faciunt
868 4031 990 4088 sectam
1010 4045 1070 4087 nec
1091 4022 1194 4086 facere
1214 4021 1337 4088 debent
1356 4024 1450 4110 ponit

376 4208 547 4269 11.ηῇδὰ
920 4208 1011 4258 assiae.
1046 4206 1102 4257 The
1123 4205 1390 4270 partesagreedon
1413 4223 1449 4260 11

375 4275 517 4326 ’Richard
528 4275 551 4324 11
563 4274 637 4324 Poor
920 4289 989 4324 naue
1000 4272 1092 4323 lora
1082 4287 1150 4336 Jury.
1187 4271 1247 4323 Slill
1262 4271 1316 4322 this
1331 4272 1449 4325 1111111

374 4341 496 4401 ⁸dencr’,
520 4339 556 4398 B;
584 4338 708 4403 probably
729 4340 869 4398 11111τί111,
921 4339 995 4402 ofrig
995 4338 1025 4389 ht
1033 4337 1258 4389 lorcurtomsand
1269 4352 1388 4396 services
1397 4339 1452 4390 and

342 4405 388 4456 the
398 4405 528 4455 hundred·
521 4419 627 4468 penny.
921 4404 1020 4454 Gilbert
1037 4407 1065 4454 at
1079 4403 1137 4454 first
1151 4407 1213 4466 puts
1228 4402 1336 4454 himself
1351 4419 1386 4454 on
1403 4405 1450 4456 the

375 4469 549 4533 ‘seemiugly
565 4470 638 4520 thare
656 4483 709 4519 was
730 4483 765 4520 no
787 4467 870 4531 grand
920 4469 1003 4532 grand
1015 4469 1107 4520 assiae
