3360 5236
228 515 233 523 ,
329 440 394 502 524
637 453 774 515 nrsrnn,
797 453 861 504 sn.
887 441 980 516 1232,
1003 457 1066 505 aa.
1091 444 1141 508 16.

327 633 466 688 mortem
481 623 620 710 predicti
634 623 766 689 Radulfi
788 623 851 688 uiri
871 624 923 689 sni
943 624 1036 690 uenit
1055 633 1090 690 et
1111 625 1289 694 dissaisiuit
1311 631 1441 696 eosdem

327 729 492 814 Rogerum
523 737 557 793 et
588 728 783 794 Matillidem
813 728 854 793 de
884 736 972 793 terra
1000 729 1035 792 in
1065 729 1265 817 Brnmiegha
1294 732 1329 796 in
1358 757 1439 799 com.

328 832 458 897 Surreie
473 833 522 898 ita
542 832 627 918 qnod
648 831 710 918 ipsi
732 831 990 896 anamiauerunt
1012 832 1144 898 assisam
1167 857 1251 899 noue
1274 835 1441 902 disseisine

327 959 440 1001 uersus
470 935 607 1000 eandem
637 934 833 1000 Beatrieiam
862 957 969 1000 coram
999 935 1185 1001 iusticiariis
1210 937 1442 1004 itinerantibus

327 1038 415 1124 apud
438 1039 725 1104 Bermundeseiam
748 1045 782 1102 et
805 1046 881 1102 ante
905 1038 1090 1124 captionem
1113 1041 1201 1104 illius
1224 1043 1322 1107 assise
1346 1043 1441 1108 uenit

327 1141 398 1227 ipsa
413 1141 575 1206 Beatrieia
590 1149 624 1205 et
639 1140 780 1205 reddidit
796 1141 842 1204 eis
858 1139 1009 1205 seisinam
1025 1142 1123 1207 illam.
1169 1143 1213 1207 Et
1236 1143 1383 1231 Rngerns
1404 1155 1441 1212 et

328 1246 465 1310 Matillis
487 1245 548 1309 hoe
570 1244 788 1330 cognoscunt¹.
834 1244 886 1308 De
909 1245 928 1310 l.
952 1246 1006 1309 sol.
1031 1253 1116 1310 terre
1138 1246 1174 1310 in
1196 1248 1381 1314 Turneham
1403 1249 1440 1314 in

328 1373 407 1414 com.
441 1347 566 1414 Kaneie
603 1347 717 1412 dieunt
754 1347 817 1434 ipsi
854 1348 955 1434 Hngo
991 1357 1026 1412 et
1063 1349 1226 1414 Beatricia
1254 1351 1340 1436 quod
1369 1352 1441 1437 ipsa

329 1453 491 1518 Beatricia
519 1475 686 1538 nunquam
716 1459 789 1538 post
818 1459 956 1516 mortem
987 1451 1118 1516 Raduifi
1149 1452 1212 1516 uiri
1238 1454 1289 1518 sui
1315 1455 1379 1519 fuit
1405 1456 1440 1519 in

328 1557 446 1622 seisina
460 1557 500 1621 de
516 1556 628 1620 eadem
645 1565 737 1620 terra

395 1661 438 1724 Et
453 1661 475 1725 J
476 1659 618 1724 ohannes
633 1659 713 1724 dicit
728 1659 814 1745 quod
830 1659 901 1744 ipsa
916 1658 980 1722 fuit
995 1658 1030 1722 in
1045 1659 1163 1724 seisina
1174 1659 1215 1725 de
1227 1661 1341 1726 eadem
1353 1670 1441 1727 term

327 1787 386 1851 per
405 1787 434 1830 v.
449 1785 550 1828 annos
569 1762 623 1826 uel
645 1785 700 1826 sex
723 1769 797 1848 post
819 1770 957 1826 mortem
980 1762 1118 1847 predicti
1140 1763 1270 1828 Radulfi
1294 1765 1357 1829 uiri
1379 1766 1440 1844 sni,

326 1865 375 1929 ita
389 1865 475 1950 quod
489 1873 714 1950 postmortem
730 1863 832 1950 ipsius
849 1864 979 1930 Radulfi
1001 1866 1148 1930 feoffauit
1168 1867 1239 1953 ipsa
1259 1867 1439 1934 Henrieum

327 1967 368 2033 de
391 1967 646 2032 Wintereshulla
667 1967 707 2032 de
730 1977 823 2053 parte
845 1967 934 2032 illius
956 1976 1040 2032 terre
1066 1968 1101 2032 in
1125 1991 1203 2032 com.
1229 1970 1359 2035 Surreie
1383 1972 1441 2057 qni

328 2071 433 2136 adhue
458 2080 577 2134 terram
603 2069 693 2134 illam
718 2079 817 2134 tenet.
863 2071 979 2134 Visum
1006 2078 1056 2134 est
1081 2071 1248 2136 recordnm
1274 2072 1314 2137 de
1341 2074 1441 2137 assisa

327 2197 411 2240 noue
434 2174 600 2238 disseisine
621 2197 727 2238 eoram
749 2173 935 2238 iusticiariis
955 2174 1187 2238 itinerantibus
1209 2183 1243 2239 et
1265 2176 1439 2241 inuentum

327 2287 377 2342 est
392 2277 426 2342 in
442 2277 553 2340 eodem
569 2275 656 2361 quod
671 2277 817 2363 Rogems
832 2285 866 2340 et
882 2276 1018 2340 Matillis
1033 2277 1180 2342 tulerunt
1199 2278 1333 2342 assisam
1353 2301 1439 2343 noue

327 2383 494 2448 disseisine
524 2403 637 2446 uersus
672 2379 856 2466 predictum
894 2382 1070 2468 Hugonem
1107 2389 1142 2446 et
1172 2383 1367 2448 Beatrieiam
1404 2393 1440 2448 et

329 2485 508 2550 Henricnm
538 2484 579 2548 de
609 2483 865 2547 Winteresbulla
900 2492 934 2547 et
964 2483 1051 2568 quod
1081 2484 1181 2570 Hugo
1211 2493 1245 2548 et
1276 2485 1440 2550 Beatricia

327 2588 538 2652 reddiderunt
564 2586 670 2651 eidem
693 2587 820 2672 Rogero
842 2595 876 2650 et
900 2587 1055 2652 Matillidi
1080 2587 1231 2652 seisinsm
1254 2611 1346 2654 suam
1368 2589 1439 2654 sine

327 2693 510 2756 iuramento
528 2691 765 2776 recognitorum
787 2698 821 2754 et
842 2713 954 2754 uersus
976 2690 1155 2755 Henrieum
1178 2714 1212 2755 se
1234 2700 1441 2756 retraxerunt

328 2803 362 2859 et
384 2795 586 2882 recognitum
609 2795 672 2858 fuit
695 2793 781 2879 quod
804 2793 968 2858 Beatn'eia
989 2794 1053 2858 fuit
1077 2793 1111 2858 in
1135 2793 1254 2858 seisina
1279 2817 1337 2880 per
1359 2794 1441 2860 duos

327 2923 428 2966 annos
442 2909 618 2986 antequam
633 2898 720 2984 cepit
735 2898 770 2962 in
785 2898 892 2962 uirum
908 2897 1091 2982 predictum
1108 2899 1292 2984 Hugonem.

396 3003 554 3068 Ricardus
576 3001 617 3066 de
639 3000 865 3064 Hulrecnmba
882 2999 967 3085 petit
982 3022 1096 3064 uersus
1111 3001 1278 3066 Eudonem
1294 3001 1335 3066 de
1351 3002 1443 3066 bello

244 3128 257 3156 ⁰
330 3107 454 3194 Campo
471 3109 495 3194 j.
512 3131 613 3172 carue
630 3115 715 3171 terre
731 3128 805 3170 eum
821 3113 901 3190 pert.
918 3104 952 3168 in
968 3105 1194 3170 Hulreeumba
1216 3114 1250 3170 et
1270 3106 1441 3184 Broctona‚

329 3221 363 3276 et
378 3235 491 3276 uersus
511 3211 712 3276 Almaricum
735 3231 904 3294 personam
923 3207 1056 3272 eeclesia
1071 3207 1111 3271 de
1128 3207 1228 3271 Hulle
1244 3207 1320 3275 dim.
1336 3232 1439 3274 carue.

329 3325 504 3380 terrerum
527 3323 607 3400 pert.
624 3314 658 3377 in
682 3313 803 3377 eisdem
826 3311 922 3388 uillis,
940 3319 974 3374 et
996 3331 1110 3374 uersus
1133 3310 1314 3375 Mirandarn
1337 3313 1439 3376 filiam

329 3417 467 3482 Walteri
492 3417 533 3481 de
557 3416 768 3502 Stiningtona
789 3415 812 3500 j.
837 3413 919 3500 nirg.
945 3422 1029 3477 terre
1053 3435 1128 3476 curn
1153 3421 1232 3498 pert.
1258 3413 1291 3476 in
1315 3413 1439 3478 eisdem

328 3521 416 3584 uillis
439 3529 477 3585 ut
499 3520 550 3584 ius
573 3541 669 3583 suum
692 3517 778 3582 unde
801 3517 986 3581 Willelmus
1008 3523 1102 3600 pater
1123 3537 1201 3579 suus
1223 3515 1286 3578 fuit
1308 3515 1440 3580 saisitus

330 3631 389 3688 ete.
405 3631 550 3708 tempore
565 3623 594 3686 J.
612 3621 712 3706 Regis
734 3619 890 3705 capiendo
912 3627 982 3696 ete,
998 3626 1031 3681 et
1052 3617 1093 3681 de
1114 3617 1258 3703 predicto
1273 3617 1439 3682 Willelmo

330 3725 497 3790 descendit
519 3725 570 3788 ius
590 3733 675 3789 terre
691 3723 780 3788 illius
794 3723 851 3787 isti
866 3721 1004 3786 Ricardo
1019 3729 1058 3786 ut
1073 3721 1139 3785 filio
1155 3729 1188 3784 et
1204 3719 1315 3785 heredi
1330 3744 1388 3786 suo
1404 3731 1439 3786 et

330 3829 416 3916 quod
431 3830 497 3893 tale
512 3829 556 3892 sit
571 3828 622 3892 ins
636 3851 732 3893 suum
748 3837 807 3892 ete.
824 3827 918 3891 offert
933 3835 992 3891 ete
1013 3825 1017 3914 Ι

396 3933 439 3996 Et
468 3933 650 3997 Alman'cus
680 3941 714 3996 et
744 3931 897 3996 Miranda
923 3930 1063 3994 ueniunt
1087 3937 1122 3995 et
1149 3937 1267 3994 uocant
1293 3929 1369 3994 inde
1395 3929 1438 3995 ad

330 4043 509 4100 warantum
546 4037 729 4122 predictum
767 4035 936 4101 Eudonem
972 4033 1029 4120 qui
1065 4054 1197 4119 presens
1233 4040 1283 4097 est
1319 4041 1354 4098 et
1391 4033 1439 4098 eis

329 4139 526 4216 warentizat,
552 4148 586 4203 et
615 4139 696 4204 dicit
722 4139 809 4225 quod
834 4162 899 4203 non
925 4139 1024 4203 debet
1050 4136 1117 4202 eis¹
1142 4137 1334 4222 respondere
1361 4139 1440 4224 quia

329 4247 409 4310 alias
439 4246 502 4310 suit
527 4244 684 4330 placitum
710 4244 797 4308 inter
822 4267 877 4308 eos
902 4245 942 4308 de
973 4243 1086 4308 eadem
1117 4251 1204 4306 terra
1233 4251 1301 4306 tam
1331 4265 1437 4306 eoram

329 4348 514 4414 iusticiariis
551 4347 781 4412 itinerantibus
815 4347 850 4411 in
879 4371 957 4412 eom.
992 4345 1157 4432 Wigornie
1195 4367 1293 4430 quam
1330 4368 1437 4409 coram

524 4477 631 4526 ¹There
643 4478 665 4526 is
678 4493 711 4526 no
723 4481 782 4538 stop
793 4477 821 4525 in
831 4477 885 4526 MS.
1094 4477 1191 4525 ’Corn
1204 4478 1237 4526 ei.
