3360 5236
514 441 663 504 rmum,
686 441 750 492 no.
776 429 868 505 1225,
891 443 954 492 nr.
979 429 1006 492 9.
1254 429 1316 493 543

211 610 402 677 uiolenciem
422 611 470 677 eis
492 609 637 678 fecerunt
659 621 693 677 et
715 612 894 678 uicecomes
915 633 955 678 ea
976 611 1139 678 occasione
1161 614 1319 679 erestauit

210 713 327 778 catella
349 713 492 800 ipsorum
516 713 652 779 Roberti
674 722 709 779 et
729 713 866 779 Roberti
886 720 921 778 ct
940 713 1091 778 similiter
1112 711 1318 781 Goundred’¹.

209 817 254 882 Et
282 815 356 881 ideo
385 816 564 882 uicecomes
597 816 632 882 in
668 815 886 882 misericordia
921 815 999 902 quia
1034 815 1197 902 cognoscit
1233 816 1320 902 quod

209 922 373 987 Robertus
393 921 434 986 de
453 921 646 987 Hekintone
666 921 758 986 nulla
779 921 844 986 alia
865 921 1028 986 occasione
1050 929 1165 1006 captus
1186 929 1236 986 est
1258 920 1321 984 nisi

209 1047 267 1110 pro
281 1023 426 1110 predicto
441 1025 568 1111 Rogero
587 1032 622 1089 et
644 1023 814 1090 Salomone
835 1024 892 1110 qui
912 1023 983 1088 uiui
1003 1031 1081 1088 sunt
1103 1031 1138 1089 et
1160 1024 1321 1089 Robertus

209 1135 245 1192 et
274 1126 436 1192 Robertus
465 1113 570 1213 quieti
599 1125 640 1190 de
665 1126 744 1212 ipsis
770 1126 924 1213 predictis
953 1126 1139 1192 hominibus
1164 1127 1221 1214 qui
1250 1127 1321 1193 uiui

209 1237 296 1295 suut.

276 1331 320 1396 Et
343 1331 507 1396 Robertus
529 1329 616 1396 filius
640 1331 816 1397 Gundrede
842 1329 903 1418 qui·
925 1339 1066 1397 rettatus
1088 1333 1152 1399 luit
1174 1342 1212 1399 ut
1234 1334 1321 1400 uice·

209 1447 316 1500 eomes
330 1434 412 1500 dicit
425 1434 465 1500 de
481 1444 585 1501 morte
600 1435 758 1523 garcionis
779 1435 822 1500 sit
842 1436 902 1500 sub
924 1436 1033 1523 plegio
1054 1437 1162 1502 standi
1184 1446 1272 1504 recto
1294 1439 1322 1504 si

210 1538 283 1625 quis
297 1537 374 1604 etc'
387 1545 421 1602 et
436 1546 513 1603 sunt
528 1539 628 1627 plegii
647 1539 718 1604 eius
738 1538 835 1604 tales⁸
850 1546 909 1606 etc
956 1537 1000 1604 Et
1020 1539 1117 1605 tales*
1132 1541 1266 1627 capiunt
1286 1541 1321 1607 in

209 1663 345 1708 menum
360 1641 504 1707 habendi
518 1641 579 1708 uic'
596 1643 655 1707 teli
670 1641 746 1708 diet

277 1747 322 1810 Et
344 1753 534 1832 preceptum
561 1755 611 1812 est
632 1746 817 1842 uiceeomiti
839 1747 925 1834 quod
947 1745 1105 1813 deliberet
1127 1748 1319 1815 Geulridum
1333 1753 1453 1802 ΝΟΜ

1332 1801 1484 1850 teuetexceptlo

210 1849 328 1916 Pulein
343 1858 377 1915 et
392 1851 593 1916 Willelmum
607 1851 648 1916 de
662 1851 766 1916 Linde
777 1875 858 1937 quos
868 1852 956 1938 cepit
967 1874 1025 1938 pro
1037 1860 1140 1918 morte
1152 1854 1319 1920 cuiusdam
1332 1848 1474 1934 ffflffi‘l‘g

211 1954 351 2020 hominis
373 1954 430 2040 qui
451 1954 574 2020 occisus
595 1955 660 2020 fuit
681 1955 744 2042 xvj.
768 1956 862 2020 annis
885 1957 1054 2022 transactis
1076 1965 1153 2021 ante
1174 1957 1238 2022 iter
1254 1959 1319 2024 ius·
1332 1941 1483 2036 limidi-

211 2057 409 2124 ticiariorum
424 2080 461 2123 eo
476 2057 562 2144 quod
577 2058 686 2124 nullus
701 2081 756 2124 eos
770 2059 891 2145 apellet
907 2067 941 2124 et
956 2060 1065 2124 omnia
1075 2061 1195 2146 placite
1206 2083 1318 2127 corone
1331 2034 1474 2167 {ffffii‘

211 2171 325 2249 postea
337 2163 494 2248 placitata
506 2171 584 2228 sunt
599 2185 705 2228 coram
720 2163 906 2229 iusticiariis
920 2164 1037 2228 ultimo
1052 2163 1288 2230 itinerantibus
1331 2174 1444 2269 {¹¹3¹ssss

147 2325 155 2341 .
277 2266 402 2332 'Assisa
427 2267 522 2332 uenit
545 2267 750 2355 recognitum
772 2267 844 2353 quis
866 2266 1043 2332 aduocatus
1065 2276 1209 2353 tempore
1232 2269 1320 2355 pacis
1355 2285 1462 2325 nenton

211 2371 413 2458 presentauit
427 2371 578 2436 ultimam
593 2393 762 2457 personam
777 2392 840 2456 que
855 2378 1044 2435 mortuaest
1055 2371 1098 2435 ad
1109 2372 1318 2437 medietatem
1332 2349 1468 2435 lltblliffi

1332 2442 1404 2482 tlclnrlt
1412 2443 1470 2482 ltine·
1558 2463 1561 2471 ·

211 2473 342 2539 ecclesie
354 2472 394 2538 de
408 2473 589 2559 Greueleya
599 2496 662 2559 que
674 2481 770 2538 uacat
786 2481 823 2538 ut
840 2473 960 2538 dicitur
969 2473 1062 2539 cuius
1072 2474 1319 2542 aduocacionem
1332 2489 1484 2585 pffiggpu

211 2578 377 2644 Johannee
405 2577 493 2642 filius
522 2577 680 2644 Willelmi
708 2577 827 2642 clamat
856 2599 969 2643 uersus
1003 2579 1181 2644 Redulfum
1216 2580 1319 2645 filium
1332 2583 1484 2670 fflgssgffig

212 2681 376 2746 uiuum
1332 2676 1454 2763 rtem,

277 2785 343 2865 Qui
358 2783 451 2850 uenit
465 2791 500 2850 et
514 2785 598 2850 bene
612 2785 759 2850 concedit
773 2785 906 2851 anisam
921 2785 1005 2851 sicut
1020 2785 1075 2852 ille
1096 2786 1153 2872 qui
1172 2793 1222 2850 est
1237 2786 1321 2850 infre

213 2895 344 2954 etatem
390 2888 449 2953 Set
472 2888 605 2974 ponitur
628 2888 663 2953 in
688 2897 871 2975 respectum
894 2889 1043 2955 adies.
1067 2891 1152 2955 Trin
1176 2889 1321 2976 proximo

212 2991 368 3078 preterito
382 3014 485 3078 usque
500 2991 535 3056 iu
551 3001 617 3057 tres
632 2993 830 3079 septimanas
847 3015 905 3079 pro
925 2993 1054 3057 defectu
1074 2993 1319 3080 recognitorum,

213 3095 291 3182 quia
309 3103 440 3160 tentum
460 3103 600 3182 quatuor
618 3105 781 3162 uenerunt
801 3104 861 3162 etc.
877 3097 995 3183 quibus
1015 3105 1075 3162 etc.
1090 3105 1125 3162 et
1142 3097 1320 3162 uicecomes

213 3201 332 3266 habeat
354 3221 485 3286 corpora
506 3221 617 3264 eorum
640 3199 783 3285 quinon
805 3207 968 3265 uenerunt
990 3207 1025 3264 et
1050 3200 1149 3265 assisa
1174 3200 1321 3286 capiatur

213 3305 282 3370 siue
312 3303 472 3369 Radulfus
501 3303 615 3368 ueniat
643 3303 714 3368 siue
743 3325 809 3369 non
838 3303 917 3390 quia
944 3303 993 3370 ito
1018 3326 1203 3369 concessum
1227 3312 1277 3370 est
1300 3327 1321 3370 a

213 3409 368 3494 partibus

278 3511 385 3576 Adam
400 3510 486 3576 filius
501 3510 657 3575 Willelmi
672 3510 807 3596 apponit
822 3510 974 3576 clamium
990 3531 1094 3576 suum.

149 3677 157 3692 ,
278 3615 477 3680 'Willelmus
503 3614 542 3680 de
567 3613 731 3679 Dustona⁰
756 3613 843 3700 petit
867 3635 981 3678 uersus
1010 3614 1168 3679 Thomem
1197 3614 1319 3702 Coigne
1429 3651 1435 3665 ·

214 3719 300 3806 quod
315 3720 413 3785 faciat
432 3718 464 3784 ei
484 3719 733 3784 consuetudines
755 3727 789 3783 et
810 3725 900 3784 reeta
920 3717 1058 3783 seruicia
1079 3741 1142 3804 que
1164 3718 1195 3783 ei
1217 3719 1320 3783 facere

214 3822 312 3888 debet
327 3821 367 3888 de
388 3821 488 3887 libero
508 3829 695 3887 tenemento
715 3843 773 3886 suo
795 3821 882 3906 quod
903 3821 943 3886 de
966 3843 1004 3886 eo
1026 3829 1118 3886 tenet
1139 3821 1175 3886 in
1197 3821 1321 3886 Hulmo

246 4010 256 4043 ¹
275 4011 415 4072 Gundrede,
429 4009 460 4069 Δ,
472 4010 501 4060 Β.
537 4011 678 4060 Motherol
691 4023 741 4060 one
790 4009 833 4059 his
844 4024 1005 4072 appearance
1017 4011 1176 4058 to-morrou.
1249 4005 1251 4010 ’

215 4076 242 4125 ol
253 4075 298 4124 the
308 4076 445 4124 nobem·
823 4075 835 4107 ⁶
852 4075 899 4126 See
915 4075 959 4124 Br.
977 4075 994 4124 t.
1014 4073 1061 4123 116
1078 4073 1173 4134 b,141.
1207 4071 1262 4122 'I'he
1273 4085 1319 4122 an·

248 4139 330 4190 ²'l'he
340 4141 389 4189 tull
399 4141 493 4204 phrase
504 4139 526 4190 ln
542 4143 565 4190 si
582 4142 639 4204 quis
654 4155 740 4191 unm
791 4143 898 4189 notator
920 4153 1003 4190 seems
1025 4143 1053 4188 to
1070 4152 1181 4200 suppose
1198 4137 1257 4187 that
1275 4137 1320 4188 the

216 4221 271 4255 eum
281 4207 480 4268 loquiuolucn't.
792 4220 850 4254 case
871 4205 924 4254 had
945 4204 1010 4254 bean
1032 4203 1144 4266 brought
1166 4202 1253 4253 before
1274 4203 1320 4254 the

248 4270 449 4328 ’Nemesim
461 4271 492 4319 Β.
792 4269 937 4334 justicesin
949 4283 1016 4332 cyre.

249 4335 496 4394 ⁴Numenium.
826 4335 1108 4394 ¹A.m.2;}3.m.a.

248 4400 384 4450 ‘habendi
405 4416 462 4451 crac
480 4401 541 4460 uic‘,
563 4401 594 4460 Δ,
621 4399 651 4452 Β.
688 4399 743 4451 Tne
826 4399 883 4448 ΒΔ.
895 4399 973 4456 m.2;
991 4399 1021 4448 Β.
1034 4413 1069 4448 m.
1082 4401 1105 4449 3.

217 4463 306 4515 sherifl
316 4467 338 4515 it
349 4479 434 4516 seems
450 4465 499 4516 has
516 4469 543 4517 to
560 4467 616 4516 find
633 4465 686 4520 bail
703 4467 743 4516 tor
826 4465 837 4498 ⁹
857 4463 993 4522 Ueron’,B.
