3276 5234
337 437 475 524 [Hilary
497 437 566 503 111111
588 438 715 514 Ecstor,
737 439 922 516 A.n.'1228,
944 452 1007 502 111,
1033 437 1096 522 12]
1208 437 1271 502 239

155 623 248 688 unde
272 622 360 689 idem
388 623 586 708 Radulphus
612 622 734 709 querit¹
761 623 945 708 quodcum
970 621 1052 708 Elya
1076 629 1171 707 pater
1196 645 1273 688 snus

154 737 289 792 teneret
311 728 393 792 duas
414 727 508 791 hidas
530 735 617 790 terre
638 733 673 790 et
695 724 770 790 dim
794 725 830 788 in
852 725 1017 790 Westcote
1038 725 1079 790 de
1101 748 1166 810 qua
1187 734 1275 790 terra

155 831 242 895 obiit
262 831 403 907 seisitus,
424 829 628 916 Reginaldus
650 827 736 892 filius
756 850 834 892 suus
855 828 1091 914 primogenitus
1114 828 1177 892 suit
1197 829 1274 894 inde

156 933 301 1010 saisitus,
317 941 353 997 et
368 931 449 997 obiit
464 930 541 996 inde
556 931 685 995 saisitus
700 937 818 1016 etpost
830 951 906 994 eum
917 929 1081 1014 predictus
1092 929 1274 994 Joscelinus

158 1046 195 1100 et
209 1037 293 1102 obiit
313 1036 392 1100 inde
409 1035 540 1100 saisitus
560 1043 599 1098 ut
619 1035 718 1098 frater
740 1041 775 1098 et
796 1034 890 1098 heres
911 1034 1013 1119 ipsius
1037 1035 1219 1122 Reginum,
1239 1043 1274 1100 et

158 1139 316 1204 defuncto
331 1139 402 1224 ipso
417 1138 588 1216 Joscelino,
606 1139 668 1202 iste
690 1137 883 1224 Radulphus
906 1137 970 1202 fuit
989 1137 1065 1201 inde
1085 1138 1214 1202 saisitus
1234 1147 1274 1203 ut

160 1241 265 1306 frater
279 1251 314 1305 et
330 1242 424 1304 heres
441 1241 543 1325 ipsius
558 1241 582 1305 J
583 1240 715 1304 oscelini
729 1263 787 1326 per
798 1241 865 1326 xiij.
878 1240 957 1318 dies,
966 1249 1000 1304 et
1011 1241 1097 1305 idern
1111 1242 1273 1306 Robertus

158 1345 255 1408 uenit
270 1367 347 1408 cum
361 1343 398 1406 ui
412 1351 520 1406 suaet
535 1365 609 1406 cum
624 1342 703 1406 uiris
717 1343 850 1408 armatis
870 1353 905 1408 et
925 1367 1001 1408 eum
1021 1345 1148 1410 obsedit
1167 1368 1226 1431 per
1243 1369 1271 1410 v.

160 1447 240 1524 dies,
255 1455 290 1510 ct
306 1447 356 1510 ita
369 1445 456 1530 quod
472 1445 581 1509 nullus
596 1446 704 1530 potuit
719 1446 761 1510 ad
782 1469 858 1510 eum
878 1447 1028 1512 accedere
1044 1457 1078 1511 et
1093 1449 1220 1512 arbores
1237 1449 1272 1512 in

161 1550 300 1614 circuitu
316 1549 434 1612 domus
451 1547 558 1612 abcidi
578 1557 612 1611 et
629 1549 789 1633 prosterni
803 1549 881 1612 fecit
896 1557 930 1612 et
944 1549 1019 1614 inde
1035 1572 1069 1614 se
1084 1573 1149 1614 non
1164 1552 1273 1615 tenuit

160 1663 363 1729 contentum,
378 1662 429 1718 set
445 1652 577 1716 domum
592 1651 627 1714 in
642 1674 707 1737 qua
720 1651 914 1737 Radulphus
933 1652 998 1716 fuit
1012 1654 1172 1738 prosterni
1187 1654 1273 1730 fecit,

160 1758 210 1822 ita
223 1758 312 1844 quod
327 1757 392 1820 nisi
408 1756 507 1820 cicius
521 1755 683 1832 exiuisset,
698 1777 868 1842 oppressus
888 1765 972 1821 esset
992 1758 1027 1821 in
1042 1758 1155 1822 eadem
1170 1758 1273 1836 domo,

163 1862 250 1926 unde
269 1861 487 1926 deterioratus
507 1868 557 1924 est
578 1867 612 1924 11
634 1859 812 1945 dampnum
835 1861 934 1924 habet
956 1861 997 1925 ad
1020 1862 1199 1926 ualenciam
1221 1885 1271 1926 xx.

163 1988 346 2031 marcarum
363 1975 397 2030 ct
412 1965 488 2030 inde
503 1965 653 2050 producit
668 1975 789 2030 sectam
804 1953 1040 2032 sufficientem'.

227 2071 273 2134 Et
287 2071 453 2134 Robertus
470 2069 564 2134 uenit
584 2077 618 2133 et
639 2068 785 2133 defendit
805 2069 873 2133 uim
890 2077 924 2133 et
943 2069 1096 2134 iniuriam
1111 2079 1146 2135 et
1160 2071 1272 2156 damp-

163 2199 242 2240 num
254 2199 306 2240 xx.
320 2199 426 2254 marc,
438 2183 472 2238 et
483 2182 590 2238 totum
605 2174 645 2238 do
660 2174 760 2238 uerbo
771 2174 806 2238 in
817 2174 954 2238 uerbum
967 2183 1000 2238 et
1010 2175 1096 2261 quod
1105 2197 1272 2262 nunquam

162 2279 333 2344 deseisiuit
363 2301 449 2355 eum,
478 2287 512 2342 ct
541 2277 621 2342 dicit
650 2278 736 2363 quod
765 2277 852 2342 idem
885 2278 1078 2364 Radulphus
1106 2302 1273 2366 nunquam

163 2382 316 2446 seisinam
341 2380 418 2444 inde
444 2379 560 2444 habuit
583 2402 688 2466 neque
715 2401 901 2466 perunum
924 2381 1012 2445 diem
1037 2404 1142 2468 neque
1166 2405 1224 2468 per
1248 2384 1272 2469 j.

164 2484 287 2560 horam,
317 2491 369 2547 set
398 2504 514 2546 nerum
543 2482 617 2546 111111
646 2482 761 2558 dicere,
791 2482 975 2546 Willelmus
1004 2483 1274 2550 Archidieconus³

163 2609 245 2651 auus
260 2609 342 2650 suus
356 2585 448 2649 illam
463 2593 582 2648 terram
597 2584 688 2648 dedit
709 2585 789 2670 Elye
808 2585 895 2670 patri
915 2585 1017 2670 ipsius
1032 2587 1199 2674 Radulphi
1214 2591 1271 2675 qui

164 2713 221 2777 per
244 2690 370 2754 donum
397 2689 479 2752 illud
505 2697 624 2752 terram
649 2689 739 2752 1111111
762 2689 871 2753 tenuit
893 2711 951 2774 per
979 2691 1109 2777 aliquod
1136 2702 1274 2780 tempus

164 2803 278 2878 postea
302 2814 404 2878 quare
431 2791 546 2854 dilexit
573 2791 830 2856 Goscesceiinum
860 2792 964 2856 filium
990 2816 1094 2870 suurn,
1124 2805 1157 2860 et
1186 2797 1273 2862 idem

164 2896 358 2962 Goscelinus
382 2895 446 2959 fuit
467 2894 645 2969 bastardus,
667 2917 725 2980 per
750 2895 986 2960 concessionem
1009 2897 1096 2962 illius
1118 2899 1274 2964 Willclmi

166 2999 398 3065 Archidiaconi
426 2999 517 3063 dedit
544 2999 641 3084 Elyas
665 3006 758 3084 pater
787 2998 889 3084 ipsius
915 2999 1082 3086 Radulphi
1111 3002 1134 3065 J
1136 3001 1273 3066 oscelino

165 3104 311 3190 predicto
343 3111 463 3166 terram
493 3102 582 3166 illem
611 3101 785 3166 tenendam
815 3103 857 3166 ad
886 3103 991 3167 uitam
1016 3126 1108 3168 suam
1138 3113 1173 3168 et
1202 3113 1275 3191 post

165 3209 271 3272 uitam
286 3231 381 3272 5111111
396 3207 518 3272 reuerti
533 3207 647 3271 debuit
662 3207 704 3271 ad
723 3207 924 3272 Willelmnm
946 3207 1218 3274 Archidiaconum
1241 3218 1275 3274 et

165 3311 301 3376 heredes
332 3333 408 3374 suos
436 3309 499 3374 nisi
528 3309 614 3374 idem
651 3309 839 3376 Goscelinus
875 3311 1027 3376 heredem
1064 3313 1198 3378 haberet
1235 3315 1275 3379 dc

165 3437 296 3500 corpore
321 3436 389 3490 suo,
415 3421 450 3477 et
473 3413 552 3498 quia
574 3436 638 3477 non
668 3413 784 3477 habuit
809 3413 961 3478 heredem
986 3413 1026 3478 de
1050 3437 1178 3501 corpore
1208 3439 1275 3492 suo,

164 3519 253 3583 idem
283 3517 449 3582 Robertus
477 3517 586 3602 posuit
616 3539 650 3580 se
680 3517 714 3580 in
744 3525 864 3582 terram
894 3517 983 3582 illam
1010 3541 1068 3604 per
1096 3520 1274 3604 predictam

165 3621 429 3697 conuencionem,
441 3643 501 3683 nec
511 3619 599 3683 idem
611 3619 804 3704 Radulphus
813 3619 936 3704 aliquid
948 3621 1066 3684 clamat
1078 3629 1116 3684 ut
1128 3621 1275 3686 heredes⁴

166 3723 333 3790 Goscelini
347 3723 425 3808 quia
444 3722 513 3807 ipse
533 3721 726 3807 Radulphus
746 3722 916 3786 bastardus
934 3732 990 3787 151.
1036 3725 1079 3788 Ε1
1101 3725 1276 3810 requisitus

165 3828 193 3892 si
208 3827 354 3912 aliquam
370 3833 492 3889 cartam
508 3824 627 3888 habeat
642 3824 682 3888 de
698 3825 844 3910 predicta
858 3827 1082 3905 conuencione,
1094 3828 1174 3893 dicit
1189 3829 1275 3916 quod

165 3955 230 3996 non
245 3953 311 3994 11151
326 3951 439 3994 uiuam
454 3950 574 3992 uocem.

197 4145 300 4194 ¹Gorr.
315 4145 439 4206 queritur,
749 4145 850 4200 sionem,
870 4142 914 4190 Br.
933 4142 950 4192 f.
975 4143 1031 4194 167.
1065 4145 1088 4192 A
1107 4143 1225 4194 doctrine
1248 4150 1275 4195 to

197 4211 209 4244 ¹
224 4212 248 4259 Δ
258 4223 318 4259 rare
328 4208 446 4270 example
457 4207 486 4256 of
493 4209 608 4269 trespass
619 4223 697 4270 quare
749 4208 851 4257 become
864 4208 965 4256 fruitful
976 4208 1110 4259 1111111111.

164 4278 278 4326 chorum
291 4275 383 4338 sreoit.
421 4271 567 4335 Seemingly
584 4271 628 4322 the
647 4273 697 4320 dis·
781 4272 1274 4326 ³Archidiacomohnsbecomeueur·

164 4341 292 4390 turbnnoe
315 4337 458 4388 amounted
481 4339 509 4386 to
537 4353 553 4386 1
578 4337 698 4386 disseisin
749 4351 832 4394 1111111,
849 4339 1015 4388 Lercedctoe.

165 4405 266 4456 andan
279 4403 365 4453 assize
376 4401 462 4452 would
472 4402 539 4452 have
548 4402 612 4451 lain.
646 4403 698 4452 But
781 4403 880 4452 ‘Corn
894 4405 971 4452 heres.

164 4472 303 4521 disseram
322 4470 410 4518 1111111
434 4470 544 4517 continet
558 4477 696 4528 1111119111-
