3212 5230
328 479 563 539 mensurnis,
586 479 649 528 an.
675 465 768 541 1230,
793 479 855 528 aa.
881 467 1016 530 14-15.
1159 468 1222 536 375

142 651 301 738 dicitquod
315 651 502 737 Stephanus
516 673 581 716 non
597 650 673 716 fecit
690 651 764 736 plus
784 651 957 716 seruicium
980 675 1077 739 quam
1096 653 1151 739 iiij.
1168 655 1221 720 sol.

141 771 170 820 et
189 757 213 822 si
233 756 391 821 distrinxit
417 779 493 820 eum
523 778 581 841 pro
604 755 773 842 arreragiis
802 757 930 822 seruicii
954 757 993 822 de
1023 759 1223 843 temporibus

141 859 335 944 predictorum
350 858 511 943 Stephani
527 867 561 922 et
577 857 699 922 Odonis
714 858 774 922 hoe
789 858 866 923 fecit
881 859 1009 926 iniuste.
1056 860 1223 946 ¹Dampna

140 973 286 1048 ponuntur
307 963 341 1026 in
364 971 548 1047 respectum
575 984 741 1048 quousque
771 963 823 1028 lex
846 963 905 1028 fiat
927 964 1004 1050 quia
1029 964 1113 1030 dixit
1137 965 1222 1051 quod

139 1067 240 1132 habuit
253 1067 391 1152 dampna
405 1088 464 1152 per
477 1066 682 1152 capcionem¹

195 1171 233 1236 Et
249 1171 424 1236 Rollandus
443 1172 607 1258 cognoscit
626 1172 713 1258 qnod
732 1172 819 1238 idem
843 1172 914 1238 Odo
936 1173 1077 1238 excoluit
1099 1181 1218 1238 terram

138 1273 216 1337 illam
243 1296 323 1339 anno
348 1273 495 1359 predicto
520 1283 570 1340 set
599 1296 664 1339 non
693 1297 751 1361 per
776 1275 867 1340 eum²
893 1285 943 1340 set
972 1275 1056 1362 ipse⁸
1085 1273 1158 1340 hoe'
1175 1277 1222 1341 ei*

135 1376 266 1462 permisit
278 1377 338 1442 sub
352 1377 612 1442 dissimulacione
627 1387 661 1442 et
676 1401 740 1442 non
755 1379 851 1444 aliter
865 1387 925 1443 etc.
985 1379 1028 1444 Et
1043 1379 1221 1444 Rcllandus

134 1481 291 1566 requisitus
305 1480 346 1546 de
361 1489 507 1567 tempore
521 1481 614 1547 cuius
628 1491 662 1546 et
677 1504 734 1568 pro
753 1483 923 1569 arreragiis
938 1483 1030 1548 cuius
1052 1483 1218 1548 distrinxit

134 1585 227 1670 ipsum
244 1583 250 1668 Ι
268 1583 431 1648 Andrsam
461 1584 541 1649 dicit
570 1584 655 1670 quod
677 1607 735 1670 pro
757 1585 925 1672 arreragiis
947 1586 1075 1650 seruicii
1097 1587 1220 1672 predic·
1279 1602 1345 1653 tub-1

135 1697 227 1752 torum
253 1687 412 1773 Stephani
433 1695 468 1752 et
491 1687 612 1754 Odonis
634 1689 711 1774 quia
734 1689 934 1775 temporibus
956 1690 1097 1775 ipsorum
1120 1690 1220 1754 iacuit

135 1803 210 1856 terra
222 1791 275 1856 illa
289 1791 382 1877 quasi
396 1791 525 1856 deserta
544 1801 578 1856 et
598 1791 753 1857 derelicta
769 1803 804 1858 et
827 1815 922 1858 nemo
945 1794 976 1858 ei
995 1793 1160 1878 respondit
1179 1793 1219 1858 de
1233 1802 1354 1888 §ffiffl

134 1895 254 1960 seruicio
281 1918 341 1960 nec
370 1896 460 1982 prius
484 1895 606 1982 aliquid
635 1897 764 1962 inuenit
793 1905 1029 1982 superterram
1052 1897 1141 1962 illam
1163 1895 1387 1990 persstlssffifc'ssssl

134 2000 207 2085 quod
224 2001 330 2086 potuit
351 2001 588 2066 districcionem
608 2001 711 2066 lacere
731 2025 789 2087 pro
808 2001 944 2066 seruioio
965 2025 1032 2066 suo.
1077 2003 1120 2066 Et
1142 2003 1220 2066 satis
1232 1989 1361 2077 hffilllm
1387 2026 1390 2032 ·

133 2105 279 2191 cognoscit
294 2105 381 2191 quod
396 2105 561 2191 predictus
576 2105 647 2170 Odo
661 2106 725 2171 fuit
742 2107 777 2170 in
799 2105 918 2171 seisina
940 2106 981 2170 de
1002 2106 1114 2172 eadem
1135 2115 1222 2172 terra

135 2231 222 2294 usque
236 2209 276 2274 ad
290 2209 475 2296 predictum
491 2209 589 2276 finem
607 2211 729 2274 factum
749 2210 836 2274 inter
855 2211 962 2296 ipsum
981 2218 1015 2274 et
1036 2211 1220 2296 predictum

133 2313 288 2378 Andreani

186 2418 226 2482 Et
253 2419 331 2504 quia
352 2417 517 2505 predictus
541 2416 719 2482 Rollandus
741 2417 894 2503 cognouit
923 2417 1009 2503 quod
1038 2417 1125 2482 idem
1149 2419 1220 2484 Odo

132 2519 228 2584 britin
245 2521 363 2586 saisina
381 2543 484 2607 usque
502 2519 543 2585 ad
566 2521 685 2584 festum
709 2519 739 2584 S.
759 2519 918 2584 »Iohannis
940 2541 1024 2584 anno
1047 2520 1155 2606 elapso
1172 2521 1220 2585 ita
1231 2531 1284 2617 {pp
1285 2532 1350 2619 daeg}

132 2622 203 2708 quod
224 2623 363 2688 excoluit
386 2631 505 2688 terram
527 2623 616 2688 illam
638 2621 814 2686 seminauit
843 2630 877 2686 et
902 2623 1038 2687 messuit
1061 2622 1110 2687 ita
1132 2623 1218 2709 quod
1230 2627 1315 2718 iffi„
1323 2673 1363 2713 dp

132 2727 309 2792 sufficienter
323 2727 433 2812 potuit
448 2726 639 2812 distringere
655 2749 729 2790 eum
746 2749 803 2812 pro
824 2727 993 2812 arreragiis
1012 2726 1052 2791 de
1074 2735 1217 2812 tempore
1230 2721 1362 2815 {lffiffio

131 2831 217 2915 patris
231 2831 279 2896 sui
294 2840 329 2896 et
342 2853 401 2896 suo
416 2839 451 2895 et
462 2831 547 2916 quod
561 2853 619 2916 pro
633 2830 802 2916 arreragiis
813 2830 853 2895 de
865 2830 1065 2916 temporibus
1076 2831 1217 2916 ipsorum
1230 2815 1321 2854 '‘md“

133 2935 275 3022 Stephani
299 2945 335 3001 et
359 2935 482 3001 Odonis
503 2935 669 3000 distrinxit
691 2934 873 3020 predictum
894 2934 1059 3000 Andream
1082 2942 1116 2999 et
1141 2933 1219 3019 quia

132 3061 179 3124 pro
200 3040 333 3106 seruicio
356 3039 458 3125 ipsius
487 3039 617 3104 Andree
647 3039 735 3125 quod
763 3061 784 3104 a
810 3047 896 3103 retro
921 3037 985 3102 fuit
1007 3046 1041 3102 et
1064 3037 1218 3123 exiguum

132 3141 165 3206 de
178 3152 315 3229 tempore
330 3142 433 3228 ipsius
447 3141 578 3208 Andree
592 3142 680 3228 cepit
694 3142 763 3228 ipse
775 3150 905 3206 tantum
917 3141 1017 3205 namii
1030 3140 1218 3206 Considera·

133 3253 191 3309 tum
214 3255 262 3310 est
286 3245 373 3332 quod
396 3245 438 3310 de
461 3253 606 3330 tempore
634 3243 793 3330 Stephani
822 3253 856 3308 et
883 3243 1004 3309 Odonis
1034 3243 1120 3329 cepit
1150 3243 1218 3328 ipse

133 3349 226 3414 aneria
253 3350 356 3436 ipsius
385 3349 515 3414 Andree
544 3349 665 3414 iniuste
689 3358 723 3413 et
747 3349 834 3434 quod
859 3357 970 3412 contra
999 3349 1103 3433 legem
1133 3356 1218 3413 terre

134 3451 280 3518 distrinxit
294 3454 403 3540 ipsum
417 3453 583 3518 Andream
598 3476 656 3539 pro
670 3461 738 3516 tam
754 3475 855 3538 paruo
869 3453 1004 3518 seruicio
1016 3475 1073 3538 per
1088 3461 1218 3518 tantum

134 3557 217 3622 namii
231 3567 263 3623 et
277 3559 351 3624 ideo
367 3559 544 3624 Rollandus
558 3559 594 3624 in
608 3558 824 3624 misericordia
838 3565 873 3624 et
884 3557 1031 3622 Andreas
1042 3558 1220 3624 satistaciat

135 3658 273 3727 Rolando
287 3663 328 3728 de
343 3663 512 3749 arreragiis
526 3663 567 3728 de
582 3671 727 3748 tempore
743 3685 808 3726 suo.

189 3763 227 3828 Et
240 3767 316 3850 quia
330 3765 476 3830 defendit
491 3765 714 3830 detencionem
732 3772 844 3829 contra
863 3763 996 3828 uadium
1020 3773 1054 3828 et
1075 3764 1219 3850 plegium

136 3865 231 3932 radat
253 3869 356 3956 legem
379 3891 414 3932 se
437 3869 518 3954 rrij¹³²⁸
539 3891 637 3932 manu
660 3876 694 3932 et
717 3869 829 3932 ueniat
851 3891 925 3932 oum
948 3868 1035 3954 lege*
1057 3877 1116 3933 etc.
1138 3868 1220 3932 etsi

137 3977 202 4036 tunc
214 3973 337 4038 deficiat
352 3973 387 4038 in
407 3973 477 4060 lege
498 3973 644 4038 faciende
662 3971 839 4037 satisfaciat
859 3971 989 4036 Andree
1011 3971 1051 4036 de
1074 3995 1103 4037 rc
1123 3994 1217 4037 marc.

137 4093 184 4157 pro
196 4075 336 4163 dampnis
351 4076 426 4141 suis.

165 4253 197 4286 Η
211 4255 375 4318 Apostscript
387 4253 467 4304 added
483 4269 517 4303 on
533 4253 577 4302 the
594 4253 642 4302 roll
725 4251 735 4284 ²
751 4249 862 4300 Roland.

140 4319 162 4364 st
170 4332 223 4380 very
233 4321 282 4369 loct
293 4323 319 4370 ol
329 4337 367 4370 m.
379 4322 419 4370 26.
454 4320 479 4368 It
490 4319 512 4368 is
523 4319 642 4368 followed
724 4317 735 4350 ⁸
751 4317 869 4366 Andrew.

140 4380 167 4440 by
176 4385 203 4431 ln
212 4386 276 4435 deno
285 4388 364 4436 rotuli
373 4387 432 4448 plus
443 4385 642 4446 detectoquelo.
725 4383 736 4415 ⁴
752 4381 815 4430 Odo.

141 4444 250 4564 {ligatque
265 4452 287 4502 is
303 4449 425 4503 rasumed
443 4453 471 4501 at
490 4449 535 4500 the
554 4453 599 4513 top
617 4449 643 4499 ot
725 4449 736 4480 ⁶
752 4447 847 4498 Bastar
858 4446 907 4497 flve
918 4446 1008 4507 weeks,
1021 4446 1053 4498 A.
