3360 5236
516 455 655 518 sssrrr,
677 451 742 506 so.
768 439 862 515 1232,
884 453 947 504 so„
973 441 1022 503 16.
1258 440 1321 506 639

210 629 388 696 terminum
410 627 534 696 breuis¹
558 637 593 695 et
622 627 770 696 trenohis
793 627 932 714 incepto,
961 634 1012 692 set
1041 635 1114 713 post
1144 625 1321 692 terminum

210 756 269 820 per
296 732 545 798 inundacionem
574 755 732 820 equorum
762 741 797 798 et
826 731 1079 818 applicaeionem
1108 729 1262 797 nauium¹
1288 740 1322 796 et

211 859 306 923 opere
335 857 493 902 manuum
514 835 564 902 its
584 835 741 921 ampliata
763 843 813 900 est
835 833 982 900 trenchia
1004 833 1091 919 quod
1112 833 1255 898 uertitur
1280 833 1322 898 od

180 1019 185 1030 ¹
210 941 391 1006 maximum
435 939 615 1026 dampnum
656 945 692 1004 et
733 945 966 1002 nocumentum
1008 937 1102 1002 liberi
1142 935 1323 1002 tenementi

211 1045 369 1110 willelmi
398 1053 433 1111 et
463 1043 632 1132 Mergerie,
677 1043 721 1108 Et
749 1041 823 1108 ideo
860 1041 1110 1110 Oonsidemtum
1148 1049 1198 1108 est
1236 1039 1323 1127 quod

212 1147 370 1214 Ricardus
385 1147 460 1213 inde
478 1147 547 1212 sine
568 1145 621 1212 die
641 1153 676 1212 et
696 1145 881 1210 Willelmus
904 1153 939 1210 et
961 1145 1123 1232 Mergeris
1142 1144 1177 1209 in
1199 1141 1322 1208 miseri·

212 1253 327 1319 cordis
372 1253 417 1318 Et
431 1250 599 1318 sciendum
614 1249 701 1337 quod
716 1248 812 1314 ambo
827 1257 1057 1315 consenserunt
1071 1249 1107 1314 in
1121 1249 1272 1315 iuratam.

154 1407 161 1421 .
277 1355 418 1420 Isabella
442 1353 483 1420 de
510 1354 628 1418 Fromo
652 1352 737 1439 petit
760 1373 874 1416 uersus
895 1351 1086 1437 Gregorium
1108 1351 1150 1416 de
1172 1351 1266 1444 Turri
1288 1356 1323 1416 et
1391 1375 1404 1406 ο

214 1458 363 1524 Emmem
385 1480 519 1524 uxorem
542 1458 612 1524 eius
634 1457 847 1522 medietatem
869 1455 1007 1522 duarum
1028 1456 1174 1542 porcium
1194 1454 1280 1520 leodi
1297 1455 1322 1541 j.

213 1561 328 1626 militis
351 1570 436 1628 terre
460 1584 535 1627 eum
557 1569 638 1647 pert.
662 1560 806 1646 exeeptis
827 1560 893 1646 xxj.
912 1582 973 1626 eor.
990 1568 1074 1626 terre
1097 1582 1171 1626 eum
1192 1567 1272 1647 pert.
1288 1559 1323 1624 in

214 1664 329 1730 Frome
345 1672 384 1730 ut
399 1665 450 1730 ius
464 1686 560 1729 suum
575 1671 610 1728 et
630 1685 693 1748 que
714 1685 786 1728 eom
809 1661 971 1749 contingit
992 1661 1033 1727 de
1055 1661 1237 1728 hereditate
1259 1683 1323 1747 que

214 1771 278 1836 fuit
300 1771 493 1838 Constencie
519 1771 585 1835 filie
610 1769 778 1848 willelmi,
795 1769 856 1834 filii
885 1769 1008 1836 semar
1036 1769 1071 1834 in
1100 1769 1214 1836 eadem
1244 1768 1324 1834 uilla
1336 1772 1442 1869 gfflf

214 1875 314 1940 emite
329 1874 547 1960 predictorum
569 1874 684 1939 Emme
703 1881 738 1938 et
753 1872 892 1938 Isabelle
906 1872 999 1938 euius
1013 1871 1147 1938 heredes
1162 1872 1231 1959 ipse
1245 1879 1324 1938 sunt
1336 1877 1439 1909 ΝΜ·

215 1985 250 2043 et
270 1999 332 2063 que
353 1999 457 2064 nuper
478 1976 560 2042 obiit
582 1984 652 2054 eto,
675 1984 709 2042 et
731 1975 817 2040 unde
842 1974 982 2062 quedem
1005 1975 1200 2042 Constonoio
1222 1975 1325 2042 amita

215 2081 317 2168 ipsius
339 2081 478 2148 Isobelle
501 2081 564 2146 luit
586 2080 698 2146 seisits
719 2079 754 2144 in
773 2079 934 2166 dominico
951 2101 1010 2146 suo
1024 2086 1063 2144 ut
1078 2077 1119 2144 de
1134 2079 1226 2146 feodo
1242 2087 1324 2144 tem·

216 2206 292 2270 pore
314 2184 356 2248 Η
373 2183 473 2270 Regis
495 2183 553 2269 qui
574 2205 662 2248 nuno
682 2189 732 2248 est
752 2189 898 2268 tempore
912 2182 1009 2268 pacis,
1024 2181 1114 2248 etde
1131 2181 1325 2250 Constanoie

215 2287 293 2375 quis
306 2287 388 2352 obiit
403 2287 472 2352 sine
487 2283 606 2352 herede
621 2285 662 2351 de
674 2307 708 2350 se
717 2285 884 2350 descendit
895 2285 946 2352 ius
959 2293 1044 2352 terre
1059 2285 1147 2352 illius
1163 2285 1323 2353 Oristiane

215 2401 255 2457 ut
269 2391 367 2458 sorori
382 2399 416 2456 et
431 2391 543 2458 heredi
554 2399 589 2456 et
601 2389 641 2456 de
654 2389 800 2476 predicto
815 2389 978 2456 Oristiono
992 2389 1158 2456 deseendit
1173 2390 1224 2456 ius
1239 2398 1323 2456 terre

215 2495 303 2562 illius
321 2496 393 2562 istis
414 2496 553 2562 Isobelle
569 2503 604 2561 et
620 2495 735 2560 Emme
750 2502 789 2560 ut
804 2493 934 2560 filiabus
949 2502 983 2560 et
999 2494 1173 2562 heredibus
1188 2503 1222 2561 et
1238 2494 1324 2561 unde

216 2601 287 2686 ipss
300 2600 385 2687 petit
399 2609 526 2687 portem
541 2623 635 2666 suam
650 2622 713 2686 que
729 2621 802 2664 eam
817 2597 985 2686 contingit.

282 2704 328 2769 Et
354 2704 527 2791 Gregorius
553 2712 588 2770 et
617 2704 734 2770 Emma
762 2725 822 2790 per
849 2710 1051 2768 attornotum
1080 2701 1182 2790 ipsius
1211 2704 1326 2770 Emme

218 2807 356 2874 ueniunt
371 2815 405 2873 et
420 2807 599 2874 defendunt
614 2807 665 2874 ius
680 2807 782 2894 ipsius
804 2807 942 2872 Issbelle
962 2815 997 2872 et
1019 2807 1133 2873 dicunt
1154 2807 1241 2894 quod
1262 2831 1328 2872 non

218 2910 339 2976 debent
362 2911 404 2976 od
427 2911 487 2977 hoc
511 2911 612 2978 breue
638 2910 830 2998 respondere
860 2911 938 2998 quio
962 2911 1108 2998 predicta
1134 2911 1328 2978 Constoncis

217 3035 282 3077 non
308 3013 389 3078 obiit
415 3013 526 3079 seisito
550 3013 591 3078 de
619 3013 733 3078 eadem
759 3019 847 3078 terra
872 3013 951 3100 quis
975 3035 1034 3099 per
1056 3013 1098 3079 xl.
1124 3035 1224 3078 annos
1249 3020 1326 3078 ante
1444 3055 1450 3062 -

218 3126 355 3182 mortem
388 3139 481 3183 suam
513 3116 605 3182 dedit
637 3116 708 3203 ipsa
739 3115 935 3182 Constancis
963 3124 998 3182 et
1027 3117 1211 3183 Willelmus
1240 3117 1327 3182 filius

218 3221 354 3286 Hernici
369 3221 420 3286 uir
433 3243 511 3286 suus
525 3229 645 3287 terrem
660 3221 751 3286 illem
766 3221 829 3307 ipsi
845 3221 960 3286 Emme
976 3227 1010 3286 et
1025 3221 1114 3286 illem
1130 3221 1161 3286 ei
1175 3243 1326 3308 recogno·

218 3333 337 3390 uerunt
359 3332 398 3390 ut
419 3324 471 3390 ius
495 3347 600 3402 suum,
623 3324 672 3389 its
697 3323 784 3411 quod
808 3323 926 3390 Comes
949 3323 1128 3390 Ricardus⁸
1152 3323 1326 3410 aliquando

218 3428 322 3515 ipsam
346 3429 497 3494 Emmam
521 3435 555 3494 et
580 3428 763 3516 predictum
788 3427 982 3516 Gregorium
1005 3426 1181 3492 disseisiuit
1206 3434 1241 3492 et
1263 3426 1327 3514 ipsi

218 3532 466 3619 inpetreuerunt
488 3532 587 3598 breue
608 3531 649 3596 de
671 3555 758 3598 noua
779 3531 948 3597 disseisins
969 3553 1082 3596 uersus
1104 3553 1178 3596 eum
1200 3539 1235 3596 et
1256 3531 1326 3618 ipse

218 3644 294 3702 ante
310 3635 494 3722 ospeionem
513 3633 517 3722 Ι
538 3635 626 3700 illius
641 3635 738 3700 assise
753 3635 896 3700 reddidit
911 3635 958 3700 eis
972 3635 1124 3718 seisinam
1140 3657 1240 3700 suam.

263 3741 327 3820 ‚Et
349 3740 489 3806 Isabello
510 3739 603 3806 uenit
625 3748 660 3807 et
681 3739 761 3806 dicit
784 3739 871 3826 quod
893 3739 974 3806 obiit
996 3738 1072 3804 inde
1093 3731 1203 3805 seisite
1217 3748 1251 3805 et
1266 3741 1326 3808 hoo

217 3841 300 3910 bene
321 3852 415 3930 patet
437 3843 514 3931 quia
536 3844 644 3910 tenuit
665 3845 890 3910 terramillam
905 3853 976 3910 toto
990 3845 1062 3910 uita
1076 3867 1135 3910 sus
1149 3853 1183 3910 et
1198 3845 1326 3931 quando

218 3949 377 4013 laborauit
400 3947 436 4012 in
462 3947 615 4014 extremis
642 3947 787 4014 condidit
812 3948 884 4035 ipss
907 3957 1143 4015 testamentum
1166 3971 1261 4014 suum
1285 3949 1325 4014 de

216 4052 312 4118 bledo
327 4051 362 4116 in
377 4060 464 4118 terre
477 4052 644 4118 seminato.
681 4053 800 4119 Postea
814 4052 955 4126 ueniunt
971 4053 1146 4140 Gregorius
1161 4060 1194 4118 et
1210 4053 1326 4118 Emms

218 4165 252 4222 et
274 4156 387 4222 dicunt
410 4157 495 4244 quod
518 4181 582 4222 non
604 4157 726 4222 debent
750 4157 782 4222 ei
807 4157 999 4244 respondere
1024 4179 1084 4222 nec
1106 4158 1177 4243 ipso
1198 4166 1325 4244 perlem

217 4257 335 4326 bebere
359 4260 492 4326 debebit
516 4261 594 4348 quis
616 4261 739 4326 uillsns
761 4269 811 4326 est
833 4260 912 4347 quis
933 4259 1066 4347 quidam
1088 4261 1272 4328 Willelmus
1293 4263 1324 4328 le

249 4413 259 4445 ¹
276 4412 331 4463 Tho
342 4411 406 4463 time
417 4413 567 4464 mentioned
578 4413 606 4464 in
621 4412 666 4464 tho
676 4413 742 4465 writ.
829 4413 840 4445 ²
857 4412 912 4462 Tho
923 4411 1043 4476 mooring
1054 4413 1082 4463 ol
1092 4414 1172 4466 bools.

218 4478 329 4542 Henry's
340 4477 399 4530 first
410 4478 572 4530 ooronotion.
829 4477 1104 4531 ’Esrlolcornwoll
