3260 5218
344 477 473 526 unsar
494 477 570 528 mm
592 478 730 542 auersa,
754 478 819 528 sn.
845 464 938 541 1220,
961 478 1024 530 aa
1048 465 1076 528 4.
1220 464 1262 534 73

175 655 292 720 Faleisa
308 663 340 720 et
358 655 560 720 Willelmum
576 654 617 720 de
633 654 811 719 Inuittona
824 653 864 719 de
885 653 987 718 libero
1003 660 1190 718 tenemento
1205 677 1263 720 suo
1275 663 1374 704 romam

1275 723 1341 750 suam.
1366 713 1394 752 st

173 758 209 822 in
239 758 405 824 Lauintona
432 766 492 822 etc
520 765 555 822 et
584 758 767 822 Willelmus
788 757 830 822 de
852 757 1037 822 Lauintona
1064 757 1200 821 retraxit
1229 759 1427 851 Sflsslffiuffi

173 859 256 924 sicut
283 868 367 946 patet
395 859 558 945 superius¹
588 868 622 925 et
651 860 835 924 Willelmus
864 859 904 923 de
944 858 1071 923 Faleisa
1108 860 1262 945 sequitur.
1275 817 1402 936 puriqu-

173 963 218 1027 Et
246 963 499 1048 Archiepiscopus
525 985 585 1048 per
605 969 806 1027 attornatum
829 983 926 1026 suum
948 962 1033 1047 petit
1055 961 1213 1028 iudicium
1235 946 1377 1079 si¹r'¹e¹r{¹¹¹¹m:J

172 1065 280 1131 debeat
299 1067 329 1131 ei
347 1067 540 1152 respondere
560 1067 629 1132 sine
644 1067 728 1132 socio
742 1088 801 1132 suo
815 1065 942 1131 desicut
957 1074 1183 1132 tenementum
1197 1089 1262 1131 non
1275 1089 1349 1134 masa

172 1177 221 1234 est
236 1170 380 1255 partitum
396 1170 432 1234 in
446 1169 548 1234 breui

235 1275 272 1338 Et
289 1274 469 1339 Willelmus
488 1274 530 1340 de
550 1274 709 1339 Lalaleisa
731 1273 820 1351 dicit,
840 1272 927 1360 quod
950 1279 1175 1338 tenementum
1199 1273 1404 1388 fullffiffi

169 1377 314 1462 partitum
336 1377 423 1442 inter
446 1400 521 1442 eum
546 1386 581 1443 et
604 1377 806 1443 Willelmum
829 1377 870 1443 de
893 1377 1077 1442 Lauintona
1097 1385 1130 1442 et
1151 1377 1178 1442 si
1193 1378 1262 1464 ipse
1275 1387 1377 1473 .⁰¹.⁰.'.¹i¹²‘¹⁰

168 1503 230 1546 non
243 1482 309 1546 uult
321 1481 421 1567 sequi,
437 1480 497 1545 hoc
512 1481 544 1545 ei
558 1503 622 1544 non
637 1480 735 1546 debet
750 1502 863 1544 nocere
879 1479 958 1566 quin
973 1479 1073 1544 assisa
1086 1480 1246 1566 procedat.
1275 1481 1387 1576 mg„

231 1585 299 1650 Post
317 1584 410 1650 uenit
430 1583 630 1649 Willelmus⁸
645 1591 679 1648 et
699 1583 835 1648 retraxit
854 1605 889 1648 se
905 1591 939 1648 et
953 1583 1123 1648 consilium
1139 1584 1262 1649 domini
1274 1575 1426 1662 ἷξῗὲιξῖἱΐὲῗ*

1274 1669 1295 1707 ln
1304 1670 1409 1710 communi

1274 1716 1409 1810 tussa

115 1857 120 1869 .
229 1793 326 1856 ‘Prior
346 1792 387 1857 de
411 1792 581 1856 Ehetona⁶
600 1799 635 1856 et
656 1791 841 1856 Willelmus
863 1789 950 1854 filius
972 1789 1063 1854 Petri
1082 1812 1140 1875 per
1159 1791 1416 1903 ³ll0s·3‡p2¹,¹},¹g‚l·'

166 1905 272 1960 natum
294 1919 388 1960 suum
409 1896 599 1982 optulerunt
619 1917 653 1959 se
674 1902 788 1980 quarto
809 1894 863 1958 die
884 1917 996 1959 uersus
1018 1895 1198 1960 Robertum
1220 1895 1260 1960 de
1274 1901 1419 1989 mm·

166 2001 228 2065 Ros
242 2009 272 2066 et
285 2001 430 2065 homines
444 2023 519 2065 suos
534 1999 574 2064 de
589 1999 708 2085 placito
723 2021 821 2085 quare
837 1997 1014 2063 deforciant
1029 1999 1076 2064 eis
1091 2023 1261 2065 comunem
1320 2013 1383 2052 Ebor-

165 2113 288 2189 pasture
324 2128 381 2170 sue
411 2105 447 2169 in
477 2103 650 2181 Latheun⁶,
681 2125 744 2190 que
774 2104 820 2169 eie
849 2103 1035 2169 adiudicata
1063 2105 1127 2168 fuit
1156 2127 1261 2169 coram

164 2205 338 2270 iusticiariis
351 2205 469 2270 ultimo
489 2204 719 2269 itinerantibus
738 2204 826 2290 apud
846 2205 1028 2270 Eboracum
1051 2228 1110 2292 per
1130 2205 1263 2272 assisam

164 2332 244 2374 noue
257 2310 419 2376 disseisine
434 2317 563 2396 captam
575 2331 687 2374 uersus
698 2309 806 2395 ipsum
817 2309 999 2374 Robertum
1010 2317 1069 2375 etc
1100 2310 1262 2376 Robertus

164 2435 225 2478 non
249 2415 336 2479 uenit
359 2423 419 2480 etc.
445 2423 480 2479 et
503 2421 693 2500 preceptum
718 2415 782 2478 luit
807 2413 993 2479 uioecomiti
1016 2413 1102 2499 quod
1127 2413 1155 2478 si
1182 2437 1262 2500 quos

162 2518 316 2584 inueniret
345 2519 534 2584 resistentes
562 2519 634 2584 illos
663 2519 842 2584 atachiaret
876 2519 963 2605 quod
992 2525 1101 2584 essent
1137 2527 1195 2585 ete
1227 2528 1262 2586 et

162 2621 330 2687 uicecomes
349 2622 520 2687 mandauit
542 2622 628 2708 quod
650 2623 796 2688 homines
815 2623 917 2709 ipsius
937 2623 1073 2688 Roberti
1087 2646 1162 2688 eum
1176 2624 1260 2688 mul-

161 2725 295 2792 titudiue
310 2735 509 2792 armatorum
524 2735 558 2791 et
578 2749 652 2792 cum
672 2727 810 2792 arcubus
830 2735 865 2792 et
887 2728 1017 2815 sagittis
1041 2735 1203 2794 uenerunt
1226 2737 1260 2794 et

161 2831 350 2919 fugauerunt
364 2832 503 2897 balliuos
518 2855 592 2897 suos
606 2841 641 2897 et
656 2855 709 2898 eos
725 2833 1003 2899 uulneraueruntl.

220 2935 466 3001 Consideratum
489 2945 539 3000 est
561 2936 646 3021 quod
668 2937 846 3002 uicecomes
869 2937 953 3001 sicut
981 2936 1071 3022 prius
1093 2937 1191 3003 fedat
1213 2938 1259 3005 eis
1271 2961 1412 3058 {mardi

160 3037 329 3122 plenariam
351 3039 504 3104 seisinam
533 3039 573 3104 de
602 3047 737 3125 pastura
765 3062 832 3116 sua,
855 3047 889 3104 et
910 3039 982 3104 illos
1005 3040 1039 3104 in
1061 3039 1180 3106 seisina
1200 3059 1412 3114 suasuntptuus

160 3149 363 3206 manuteneat
393 3149 428 3206 et
457 3141 485 3206 si
506 3163 586 3227 quos
607 3141 771 3207 inuenerit
792 3141 980 3207 resistentes
1001 3141 1073 3206 illos
1095 3142 1202 3228 capiat
1224 3152 1259 3209 et
1271 3103 1412 3238 ἓξὲξ

160 3245 270 3312 habeat
285 3269 393 3311 coram
407 3245 591 3310 iusticiariis
607 3253 666 3311 etc.
682 3269 703 3310 a
722 3245 774 3311 die
798 3247 919 3312 Pascha
939 3246 975 3310 in
996 3269 1099 3312 unum
1114 3270 1258 3314 mensem
1271 3243 1400 3340 ffiffi,

158 3353 227 3416 etsi
240 3374 276 3416 se
291 3349 513 3416 subtraxerint
527 3357 562 3416 et
576 3351 682 3415 nolint
698 3359 784 3416 stare
800 3359 895 3430 recto
911 3351 1009 3416 faciat
1023 3351 1095 3417 illos
1115 3353 1203 3440 exigi
1223 3363 1258 3420 et
1271 3337 1409 3426 tirhtil?

158 3453 187 3518 in
204 3455 362 3520 comitatu
382 3455 524 3542 utlagari
546 3456 723 3520 secundum
743 3455 848 3541 legem
869 3463 964 3534 terre,
979 3464 1014 3520 et
1033 3456 1120 3542 quod
1139 3457 1258 3523 habere
1270 3431 1413 3520 iiiiiiiiii‘f'

1271 3525 1422 3618 rutam

183 3643 191 3674 ¹
206 3643 265 3700 Yon,
278 3641 335 3704 just
345 3641 425 3692 above
437 3641 465 3692 in
477 3641 507 3691 A.
730 3641 774 3692 the
786 3646 933 3693 annotator.
1270 3583 1424 3716 iffi‘fflffle'

182 3708 323 3770 ²Perhaps
342 3715 435 3770 possa.
468 3705 532 3756 Idc
548 3711 596 3756 not
613 3707 679 3770 fully
760 3707 817 3759 ⁴A.
832 3723 867 3759 m.
882 3711 913 3768 3;
935 3709 967 3757 B.
979 3707 1076 3759 Μὰ.
1270 3713 1388 3756 nomnibus

156 3771 309 3823 understand
328 3771 383 3821 this
399 3775 470 3830 note,
486 3771 572 3822 which
587 3773 602 3822 1
620 3787 677 3835 pro-
761 3772 920 3832 ⁸Ellertoa’,
942 3773 974 3822 B.
996 3773 1121 3836 Allerton,
1142 3771 1256 3826 Monast.
1269 3761 1404 3850 ssssl'ufissln

156 3837 224 3902 bsbly
233 3837 432 3898 haremr'sread‚
446 3837 678 3899 bntccoordingto
728 3837 933 3900 vol.vi.p.975.
1269 3857 1365 3905 asquia

155 3901 260 3952 Bracton
278 3917 329 3951 ons
346 3903 374 3951 ol
393 3903 490 3952 several
506 3903 680 3965 parcenersil
760 3903 906 3964 ‘malua
919 3903 983 3960 Α,Β
1005 3903 1126 3954 batham.
1268 3905 1412 3967 munerantur

154 3967 242 4030 ejected
257 3967 344 4018 either
358 3967 392 4030 by
403 3981 419 4016 a
430 3981 593 4029 co-parcener
604 3981 634 4042 οτΙ
644 3967 678 4030 by
760 3966 771 4001 ⁷
787 3967 857 4016 Here
867 3967 890 4016 B
901 3971 982 4030 stopa.
1268 3951 1383 4039 ffiffgluffi

153 4039 294 4095 astranger
304 4047 355 4082 can
366 4031 442 4092 bring
454 4031 499 4081 tha
510 4031 594 4081 assiae
605 4032 676 4082 wrth-
760 4031 771 4064 ³
787 4031 841 4082 'l'ha
852 4036 903 4082 two
913 4031 1003 4082 helvas
1014 4032 1043 4082 ol
1052 4032 1104 4084 this
1115 4037 1177 4084 note
1186 4049 1256 4085 seem
1268 4045 1342 4083 uenire
1349 4046 1377 4086 ια

153 4103 190 4149 ort
206 4097 310 4160 icining
326 4097 370 4146 his
386 4097 485 4146 follows
502 4097 529 4162 (l.
545 4098 611 4160 167).
644 4097 677 4146 In
727 4099 756 4146 to
777 4095 843 4147 have
863 4097 928 4148 been
951 4097 1054 4148 written
1082 4103 1110 4149 at
1137 4100 1347 4151 (liberentlacem

151 4161 476 4214 thasbovecasehowever
484 4164 678 4224 twoparceners
727 4163 813 4212 times.
883 4192 886 4199 ·

152 4225 210 4278 hare
230 4226 323 4290 icined
344 4227 372 4277 in
395 4241 446 4276 one
467 4226 533 4288 writ,
559 4226 604 4276 tha
626 4241 677 4276 ona
760 4226 853 4276 ’This
874 4227 954 4276 refers
975 4229 1003 4278 to
1025 4242 1083 4278 ease
1102 4230 1152 4289 ⁸53
1177 4245 1256 4293 capra

152 4293 291 4344 rithdrsws
313 4293 384 4342 from
407 4292 453 4342 the
475 4291 528 4342 suit
544 4291 597 4341 aud
616 4290 637 4340 it
653 4291 677 4340 is
728 4289 821 4341 should
840 4291 872 4341 be
888 4293 972 4355 irrfro3
996 4294 1170 4356 interroyandi
1186 4303 1254 4351 aaut.

150 4355 279 4472 plcldthat
296 4357 343 4408 the
358 4355 434 4408 other
453 4359 552 4406 cannot
571 4355 678 4420 prooeed
728 4356 844 4470 theyrtare
856 4359 882 4406 to
893 4356 924 4407 bs
935 4357 1040 4408 exacted
1055 4358 1083 4407 in
1099 4358 1144 4409 tha
1160 4363 1257 4422 county

170 4439 224 4475 ona
728 4436 776 4471 con
803 4459 810 4471 .

175 4491 185 4524 ³
204 4491 346 4542 Willelmur
358 4485 509 4546 interlinen
521 4485 632 4551 perhaps
643 4486 677 4550 by
