3314 5238
383 475 617 538 merissime,
638 476 704 527 66.
729 463 821 539 1231,
844 477 906 526 nn.
932 464 1067 527 15-16.
1214 463 1277 526 483

168 671 264 734 quam
292 671 367 714 eam
390 647 600 734 desponsnuit
628 647 755 713 desicut
784 647 976 713 nominatim
1006 647 1120 712 dotato
1148 647 1212 712 fuit
1236 646 1277 712 de

169 762 255 818 terra
271 753 326 819 die
342 776 407 840 quo
421 753 485 818 fuit
500 753 700 838 (1666666616

232 857 278 922 Et
301 859 400 923 Lecis
429 859 522 924 uenit
551 865 586 922 et
608 857 757 922 defendit
780 865 912 923 uastum
935 866 969 922 et
993 855 1218 922 uendicionem
1243 863 1277 921 et

169 966 277 1024 totum
297 967 333 1025 et
355 960 438 1025 bene
462 959 607 1024 defendit
626 958 714 1046 quod
742 981 802 1024 nec
823 959 992 1046 grangiam
1015 982 1073 1024 nec
1095 957 1276 1024 berkerism

169 1064 246 1129 fecit
277 1065 438 1152 prosterni
467 1087 526 1130 666
548 1064 713 1151 asportari,
736 1072 786 1130 set
808 1087 923 1130 reuera
943 1063 1072 1150 quando
1094 1063 1165 1149 1666
1186 1085 1276 1127 recu·

169 1169 299 1253 persuit
314 1168 425 1234 dotem
440 1189 532 1233 susm
547 1175 582 1232 et
597 1166 714 1233 hsbuit
729 1167 880 1232 seisinsm
895 1189 987 1232 suam
1003 1167 1147 1254 predicte
1162 1166 1277 1232 domus

169 1273 303 1338 fuerunt
318 1273 446 1339 ruinose
462 1281 496 1338 et
516 1273 651 1338 inutiles
671 1281 705 1338 61
725 1273 796 1359 ipss
815 1272 1007 1338 mnremium
1022 1271 1184 1358 deportari
1199 1271 1277 1336 fecit

168 1375 203 1440 in
225 1375 328 1440 alium
351 1376 456 1442 locum
478 1383 513 1441 et
535 1375 570 1440 in
592 1373 715 1441 curiam
736 1397 828 1440 susm
848 1382 887 1439 ut
902 1374 978 1439 inde
996 1374 1144 1439 meliores
1162 1374 1277 1468 domus

168 1480 322 1546 reliceret.
367 1481 418 1546 De
447 1481 578 1546 61116616
607 1503 685 1546 uero
710 1481 794 1545 bene
820 1478 967 1544 defendit
990 1477 1077 1564 quod
1100 1478 1186 1564 ipsos
1212 1500 1276 1542 non

167 1582 332 1648 destruxit
357 1606 417 1649 nec
439 1571 586 1649 exulsuit
608 1584 661 1650 se¹
683 1605 794 1648 reuera
818 1581 950 1668 quidam
972 1581 1115 1668 ipsorum
1137 1589 1188 1646 est
1209 1605 1276 1646 car-

167 1688 336 1773 pentarius
363 1697 398 1753 et
426 1688 583 1754 itinerans
612 1697 647 1754 et
675 1687 849 1775 aliquando
879 1695 1034 1774 operatur
1063 1708 1138 1751 cum
1168 1685 1277 1750 Priore

169 1791 308 1856 Norwic’
324 1800 360 1856 et
374 1792 453 1857 alibi
468 1801 502 1858 et
517 1791 602 1858 redit
618 1792 746 1878 quando
761 1791 903 1857 uoluerit
917 1799 952 1856 et
972 1813 1036 1855 non
1057 1798 1107 1855 est
1126 1789 1277 1855 exulatus

169 1919 229 1961 nec
243 1895 314 1982 ipse
335 1897 460 1983 aliquid
481 1897 557 1963 inde
573 1897 720 1984 queritur
728 1897 746 1962 ⁸.
792 1897 843 1961 De
865 1895 1000 1983 gardino
1021 1894 1199 1980 uero-bene
1222 1894 1277 1960 de·

169 2001 276 2066 166611
298 2001 384 2088 quod
411 2002 511 2067 nichil
537 2002 613 2067 inde
644 2002 845 2088 exstirpsuit.
890 2001 941 2066 De
971 2001 1065 2066 bosco
1095 2022 1172 2064 uero
1198 2000 1278 2065 dicit

169 2104 256 2190 quod
278 2106 406 2170 nullum
428 2105 504 2170 inde
527 2113 658 2171 uastum
681 2106 758 2171 lecit
780 2129 840 2171 666
862 2105 985 2192 aliquid
1007 2104 1083 2170 inde
1106 2105 1193 2191 cepit
1215 2104 1278 2170 nisi

168 2207 363 2273 racionabile
386 2208 583 2273 estouerinm
605 2232 711 2286 suum,
733 2217 783 2274 set
805 2209 885 2274 dicit
907 2207 993 2294 quod
1014 2208 1128 2272 boscus
1149 2207 1278 2286 1116661

168 2312 317 2377 alnetum
340 2321 374 2378 et
394 2312 575 2401 uirgultum
596 2321 630 2378 61
650 2311 824 2378 riffletum⁸
848 2321 882 2378 et
902 2313 929 2378 si
948 2311 1121 2398 aliquando
1140 2321 1277 2398 proster-

169 2424 269 2480 natur
293 2416 408 2481 melior
429 2415 575 2481 efficitur.
622 2417 666 2480 Et
694 2415 767 2480 ideo
796 2423 986 2502 preceptum
1016 2423 1066 2480 661
1095 2415 1279 2481 uicecomiti

168 2518 257 2604 quod
279 2517 455 2604 assumptis
476 2541 586 2583 secum
606 2518 668 2604 xij..
679 2517 720 2583 de
740 2518 869 2583 uisneto
894 2518 934 2583 (16
959 2517 1099 2605 Audeby
1121 2540 1179 2603 per
1201 2541 1281 2605 quos

169 2623 218 2689 rei
235 2625 356 2688 ueritas
372 2632 432 2689 eto.
448 2631 482 2689 et
498 2645 556 2710 per
575 2645 685 2688 eorum
706 2633 943 2688 sacramentum
964 2632 1024 2688 etc.
1040 2622 1126 2710 quod
1148 2632 1279 2688 uastum

170 2735 205 2791 et
220 2749 319 2812 quam
341 2725 567 2791 uendicionem
587 2727 734 2812 predicta
754 2727 851 2791 Lecio
865 2726 942 2791 fecit
964 2725 999 2790 in
1014 2725 1164 2790 domibus
1186 2726 1280 2792 terris

171 2840 206 2896 et
223 2831 329 2896 boscis
351 2838 385 2895 et
408 2830 593 2895 hominibus
615 2838 650 2894 et
672 2830 822 2896 omnibus
844 2830 916 2894 aliis
938 2829 1034 2895 rebus
1056 2838 1091 2895 61
1112 2830 1280 2916 inquibus

171 2935 278 3011 rebus,
300 2942 334 2998 et
363 2933 451 2998 unde
481 2933 568 2998 idem
590 2934 757 3000 Johnnnes
779 2933 859 2999 dicit
881 2941 951 3010 etc,
974 2941 1008 2998 61
1034 2933 1279 3019 inquisicionem

171 3036 253 3103 scire
269 3036 402 3102 1661616
416 3036 468 3102 (116
484 3044 543 3102 etc.
559 3058 617 3122 per
632 3037 743 3101 literas
757 3045 792 3102 et
806 3060 864 3123 per
878 3037 958 3101 (1666
973 3045 1032 3103 616.

238 3139 282 3203 Et
297 3137 337 3204 de
352 3137 507 3225 predictis
521 3139 561 3204 xl.
574 3161 635 3205 scr.
648 3147 733 3205 terre
748 3141 833 3226 petit
849 3139 956 3205 uisum
968 3149 1003 3205 et
1014 3140 1140 3207 habeat.
1186 3141 1279 3208 Idem

171 3241 241 3307 (1166
256 3242 352 3307 (16166
375 3249 425 3308 661
447 3242 494 3307 616
516 3249 551 3307 61
572 3242 704 3308 interim
727 3252 786 3308 616.
833 3243 877 3308 Et
899 3244 1046 3310 concedit
1061 3245 1147 3332 qnod
1169 3269 1280 3312 omnes

170 3354 258 3412 terre
284 3355 318 3412 et
343 3354 533 3412 tenemento
557 3369 621 3434 que
644 3347 776 3412 fuerunt
802 3347 939 3433 predicti
965 3348 1122 3414 Willelmi
1144 3349 1208 3414 uiri
1229 3351 1280 3416 sui
1362 3378 1365 3386 ¹

171 3461 207 3517 61
229 3452 316 3518 unde
337 3451 401 3517 fuit
422 3452 552 3518 seisitus
574 3461 612 3517 ut
635 3453 675 3518 de
698 3452 791 3517 feodo
813 3452 865 3517 die
890 3475 953 3539 quo
976 3475 1047 3518 eam
1072 3453 1280 3540 (16666666611

171 3555 223 3620 116
236 3555 323 3642 quod
337 3577 410 3620 eam
424 3554 501 3620 inde
516 3555 628 3620 dotare
643 3563 752 3641 posset
767 3555 986 3621 extenduntur
1000 3565 1035 3622 et
1054 3558 1282 3644 apprecientur

171 3659 208 3722 in
234 3658 401 3723 dominicis
427 3666 461 3724 et
482 3658 518 3723 in
541 3659 691 3724 omnibus
717 3659 789 3724 61116
814 3659 911 3724 rebus
937 3659 1134 3747 ubicumque
1159 3662 1281 3727 fuerint

171 3763 242 3828 siue
257 3762 293 3827 in
307 3785 385 3828 com.
401 3763 489 3829 Nori
506 3762 575 3828 siue
595 3763 630 3827 in
644 3785 722 3829 com.
740 3763 818 3829 Suff.
836 3772 870 3828 et
886 3763 1082 3851 quicumque
1098 3788 1137 3831 66
1159 3775 1278 3834 166661.

174 3867 219 3930 Ε1
233 3864 306 3930 ideo
321 3875 511 3953 preceptum
527 3874 577 3931 est
597 3865 781 3932 uicecomiti
796 3867 883 3953 quod
901 3869 1076 3955 assumptis
1095 3893 1204 3935 secum
1226 3871 1281 3957 xij.

173 3969 209 4036 in
238 3970 368 4056 propris
393 3992 530 4057 persons
558 3970 704 4036 sccidst⁴
733 3971 776 4036 sd
805 3979 906 4036 terras
936 3980 970 4037 et
1000 3981 1189 4040 tenemento
1218 3999 1281 4062 que

174 4075 307 4139 fuerunt
326 4073 465 4160 predicti
480 4073 638 4139 Willelmi
653 4083 687 4140 et
707 4075 764 4139 ills
784 4075 917 4140 extendi
936 4085 971 4142 et
988 4079 1166 4164 appreciari
1185 4080 1283 4146 166161

174 4178 209 4243 16
239 4177 408 4243 dominicis
438 4177 623 4266 uillenngiis
652 4185 686 4242 et
716 4178 866 4244 omnibus
889 4179 961 4247 61116
987 4183 1083 4246 rebus
1105 4183 1282 4249 secundum
1383 4193 1384 4196 ’

175 4281 262 4369 quod
276 4281 459 4368 predictum
474 4288 524 4346 est
539 4288 574 4344 61
589 4280 811 4346 extensionem
829 4282 939 4348 uenire
954 4284 1051 4350 166161
1066 4295 1125 4352 616

208 4447 369 4499 10616661.
750 4475 754 4482 ·
969 4453 1117 4506 ⁸Anosicr
1127 4457 1185 4508 bed.

207 4514 218 4547 ²
235 4513 290 4564 The
300 4517 437 4578 curpsntsr
448 4514 555 4566 himself
565 4516 655 4566 makes
669 4531 704 4567 no
717 4517 868 4581 6661616161.
971 4521 982 4552 ⁴
999 4521 1070 4571 Gorr.
1082 4525 1193 4572 accedat.

1088 4623 1195 4687 :sl—2
