3308 5226
409 471 642 530 mensurum,
664 471 727 521 An.
753 457 846 532 1233,
869 471 930 520 Aa
956 454 1092 523 17-18.
1239 459 1301 522 615

194 643 309 708 habuit
331 664 430 706 unam
454 641 533 726 uirg.
552 647 636 704 terre
659 646 740 725 aput
763 639 1013 725 Maupcrteshal’
1034 640 1068 704 in
1090 641 1213 707 belliue
1234 665 1300 707 sua

196 747 238 811 Et
259 744 333 811 ideo
354 744 439 809 sicut
461 742 551 828 prius
573 741 747 829 distringat
770 764 845 808 eum
867 743 954 829 quod
976 743 1019 808 sit
1040 766 1060 808 a
1079 743 1132 810 die
1153 751 1212 809 etc.
1259 745 1302 810 Et

194 849 343 916 similiter
357 848 435 935 quia
453 853 611 912 testatum
631 855 681 912 est
701 847 788 933 quod
808 848 942 913 clericus
963 857 1013 914 est
1035 857 1070 915 et
1092 850 1302 916 beneficiatus

193 954 227 1018 in
241 953 439 1039 Episcopatu
454 950 663 1036 Norwycensi
678 959 713 1016 et
724 951 802 1036 quia
812 959 863 1016 tot
875 952 952 1018 fecit
963 952 1100 1018 defaltas
1111 954 1301 1019 mandatum

193 1065 243 1124 est
268 1080 308 1122 ex
333 1054 552 1120 habundanti¹
579 1055 737 1142 Episcopo
763 1056 972 1142 Norwycensi
998 1058 1084 1143 quod
1106 1058 1203 1124 faciat
1225 1081 1300 1124 eum

193 1161 303 1228 uenire
319 1160 361 1226 ad
375 1159 558 1246 predictum
573 1159 750 1226 terminum
765 1161 843 1227 etc.¹

136 1313 141 1324 .
255 1262 438 1328 ⁸Johannes
467 1262 508 1328 de
545 1263 728 1349 Burghulla
763 1263 884 1349 optulit
920 1286 955 1328 se
991 1264 1069 1350 iiijr.
1100 1264 1152 1330 die
1189 1287 1302 1330 uersus
1360 1287 1416 1317 ⁰³⁰

192 1366 372 1432 Robertum
387 1365 557 1430 Decanum
572 1363 613 1429 de
636 1365 818 1452 Burghulla
837 1365 878 1431 de
899 1367 1018 1452 placito
1038 1389 1137 1453 quare
1157 1367 1302 1432 secutus⁴

191 1471 348 1558 placitum
374 1470 409 1534 in
435 1469 525 1536 curia
554 1469 778 1535 cristianitatis
807 1469 848 1536 de
879 1471 984 1558 lay00⁶
1012 1471 1115 1557 ipsius
1143 1471 1302 1536 Jchannis

191 1575 225 1639 in
259 1575 471 1662 Tullingtona
505 1581 617 1640 contra
645 1574 906 1660 prohibicionem.
959 1575 1002 1639 Et
1039 1574 1201 1640 liebertus
1237 1598 1301 1640 uon

192 1679 286 1743 uenit
309 1686 378 1755 etc,
394 1685 428 1741 et
450 1677 559 1763 plures
581 1675 659 1741 fecit
681 1676 825 1754 defaltas,
848 1678 896 1742 ita
917 1676 1002 1763 quod
1025 1676 1215 1742 mandatum
1238 1677 1301 1740 luit

192 1785 350 1871 Episcopo
389 1782 619 1848 Herefordensi
657 1781 743 1868 quod
781 1783 901 1847 faceret
946 1805 1022 1847 eum
1070 1781 1181 1846 uenire
1225 1781 1302 1866 quia

191 1886 325 1952 clericus
361 1885 425 1950 fuit
462 1893 496 1950 et
532 1907 597 1949 non
635 1883 752 1950 habuit
789 1884 916 1970 leycum
954 1883 1083 1948 feodum
1120 1905 1179 1968 per
1215 1883 1301 1968 quod

190 1989 405 2076 distringere⁶
431 1989 549 2075 potuit,
576 1997 610 2053 et
636 1987 757 2074 pluries
781 1987 973 2052 mandatum
997 1987 1060 2051 fuit
1084 1987 1241 2073 Episcopo
1267 1995 1301 2051 et

190 2094 258 2180 ipse
273 2093 372 2159 nichil
391 2092 477 2172 fecit,
492 2100 527 2157 et
547 2092 594 2156 ita
614 2091 699 2178 quod
715 2099 904 2178 preceptum
920 2091 983 2156 fuit
998 2091 1182 2156 uicecomiti
1197 2091 1301 2178 primo

190 2198 276 2284 quod
297 2205 517 2262 summoueret
539 2195 734 2282 Episcopum
755 2195 842 2282 quod
861 2205 946 2261 esset
968 2205 1003 2262 et
1025 2197 1160 2262 haberet
1182 2204 1242 2262 etc.
1266 2205 1300 2261 et

189 2302 258 2388 ipsc
280 2301 379 2368 nichil
399 2301 475 2366 inde
496 2301 580 2377 fecit,
596 2309 630 2366 et
650 2301 699 2366 ita
718 2300 805 2386 quod
825 2309 1013 2387 preceptum
1030 2301 1094 2366 fuit
1117 2301 1301 2367 uicecomiti

189 2405 275 2492 quod
299 2405 508 2492 distringeret
534 2404 730 2490 Episcopum
754 2427 812 2490 per
838 2415 939 2470 terras
966 2413 1000 2470 et
1030 2405 1147 2470 catalla
1175 2404 1300 2470 suade

189 2508 323 2574 baronia
344 2531 404 2573 sua
429 2516 498 2586 etc,
524 2515 559 2572 et
586 2507 763 2572 uicccomes
793 2507 962 2573 mandauit
991 2507 1077 2594 quod
1105 2509 1301 2574 attachiauit

190 2636 265 2678 eum
295 2635 354 2698 per
382 2612 540 2676 Thomam
577 2611 681 2676 filium
711 2612 871 2676 Johannis
901 2620 935 2678 et
964 2613 1165 2678 Willelmum
1195 2613 1298 2677 filium

190 2717 335 2794 Roberti,
358 2724 393 2782 et
418 2716 492 2781 ideo
515 2716 615 2803 plegii
640 2716 675 2780 in
703 2716 925 2782 misericordia
971 2717 1014 2783 Et
1037 2725 1226 2804 preceptum
1250 2725 1300 2782 cst

190 2821 373 2886 uicecomiti
402 2821 487 2886 sicut
511 2821 601 2906 prius
630 2820 716 2907 quod
743 2821 918 2909 distringat
946 2844 1021 2886 eum
1047 2845 1107 2907 per
1134 2830 1236 2886 terras
1266 2829 1300 2885 et

195 2923 313 2988 catalla
328 2921 414 3009 quod
429 2922 473 2986 sit
487 2945 508 2986 a
521 2922 574 2988 die
590 2931 648 2988 etc.
665 2931 700 2988 et
714 2923 761 2988 ibi
776 2923 895 2988 habeat
915 2922 1096 3008 predictum
1112 2923 1300 3001 Rcbertum,

193 3035 228 3094 et
249 3028 429 3093 uicecomes
450 3027 493 3092 sit
515 3027 686 3092 auditurus
708 3027 879 3092 iudicium'
901 3027 941 3092 de
964 3027 1023 3092 hoc
1045 3035 1080 3091 et
1101 3027 1187 3092 unde
1210 3049 1300 3091 man-

192 3131 284 3196 dauit
307 3130 393 3217 quod
412 3130 607 3196 ettechiauit
629 3153 713 3195 eum.
738 3131 826 3214 [cum
849 3129 983 3194 deberet
1006 3152 1081 3194 eum
1108 3129 1300 3215 distringere

192 3255 250 3318 per
264 3241 366 3298 terras
381 3239 415 3296 et
430 3231 583 3316 catalla⁸.]

135 3393 142 3406 .
255 3335 434 3400 ⁹Robertus
456 3335 496 3399 de
519 3336 632 3400 Insula
653 3335 870 3400 summonitus
892 3335 956 3400 fuit
978 3335 1019 3400 ad
1041 3333 1299 3420 respondendum
1355 3359 1421 3400 aues

192 3439 330 3505 Isabelle
353 3439 495 3526 Gargate
516 3447 551 3504 et
573 3439 723 3505 Murielle
742 3439 841 3504 sorori
861 3463 917 3505 sue
940 3440 981 3505 de
1003 3440 1122 3526 placito
1144 3463 1208 3526 quo
1230 3440 1299 3506 iure
1312 3451 1456 3548 affinga„

191 3542 295 3630 exigit
324 3564 494 3606 comunem
525 3541 560 3605 in
588 3549 675 3606 terre
698 3542 841 3628 ipsarum
866 3542 1003 3607 Isabelle
1030 3551 1064 3608 et
1091 3543 1240 3608 Murielle
1265 3543 1300 3608 in
1313 3549 1463 3642 wulpam

192 3643 414 3722 Kauereffuld
437 3643 564 3708 desicut
587 3644 656 3730 ipse
679 3645 819 3711 Isabella
840 3653 875 3710 et
897 3645 1048 3710 Muriella
1069 3646 1192 3710 nullam
1215 3669 1299 3711 com·
1313 3639 1452 3735 will?

192 3747 349 3814 muuam¹¹
365 3748 398 3812 in
414 3755 501 3812 terra
520 3747 622 3833 ipsius
642 3748 777 3814 Roherti
797 3770 856 3813 nec
878 3748 947 3834 ipse
968 3749 1140 3814 seruicium
1156 3750 1203 3814 eis
1223 3749 1300 3814 fecit
1312 3733 1453 3818 eltltlllto.

190 3858 250 3916 etc.

223 4035 233 4068 ¹
251 4035 301 4098 Sic,
314 4037 345 4087 Δ.
803 4037 815 4070 ⁸
829 4039 923 4089 Words
934 4038 1026 4090 within
1040 4039 1068 4102 []
1079 4035 1162 4088 added
1173 4037 1207 4100 by
1217 4052 1297 4088 anno·

223 4100 294 4150 ’Bc
307 4103 326 4152 1.
340 4101 424 4155 4421).
772 4107 857 4164 tator;
874 4105 1001 4155 notinh.
1037 4103 1138 4154 SeeBr.
1151 4103 1238 4152 1443.

223 4165 280 4218 ⁸A.
294 4181 329 4217 m.
345 4167 412 4218 141.
804 4169 965 4221 ο111115.

224 4229 234 4262 ⁴
251 4231 351 4295 Supply
361 4241 406 4292 cet,
419 4234 449 4286 A.
804 4233 825 4266 ¹⁰
841 4235 864 4283 Δ
880 4233 943 4282 view
959 4247 1009 4284 can
1026 4233 1058 4284 be
1074 4231 1218 4283 demanded
1234 4233 1263 4282 in
1281 4249 1297 4284 a

224 4295 483 4360 ⁵Supplyseodo,h.
771 4299 828 4362 Quo
855 4298 925 4357 June,
951 4296 1003 4348 and
1030 4297 1231 4348 thencelorward
1253 4297 1297 4348 the

224 4359 421 4424 ‘distr-inpari.
771 4364 858 4414 action
876 4377 959 4413 seems
978 4377 994 4414 a
1015 4363 1068 4412 real
1089 4361 1185 4423 action,
1209 4363 1252 4414 Β).
1278 4364 1296 4412 1.

224 4425 375 4476 liadicr'um
396 4427 481 4480 interl.
507 4428 541 4492 by
563 4431 718 4488 annotator;
771 4428 852 4490 2301),
867 4427 947 4480 3781).

193 4489 277 4538 notin
290 4492 320 4539 Α.
804 4493 823 4524 ¹¹
842 4493 939 4556 Supply
953 4495 1051 4552 habent,
1063 4491 1093 4540 Δ.
