3314 5238
482 416 631 479 rmmrr,
654 419 717 468 un.
743 405 920 480 111111.
946 407 993 467 15:
1223 403 1285 467 469

178 593 272 659 stede
293 593 329 658 in
345 615 458 680 puram
479 602 514 658 ct
535 600 726 678 perpetuam
748 591 955 656 elemosinam
974 605 1032 677 pro
1052 591 1157 656 salute
1178 590 1285 654 anime

177 719 239 762 sue
261 699 365 784 patris
387 707 422 762 et
444 697 557 763 matris
578 707 614 762 et
635 718 692 783 pro
714 695 823 760 anima
844 695 988 781 predicte
1010 695 1107 759 Aline
1130 694 1230 758 libere
1252 702 1287 758 et

177 801 300 886 quiete.
346 803 391 865 Et
420 800 507 866 unde
543 800 628 865 idem
660 799 751 863 Prior
779 797 859 862 dicit
888 797 992 883 quod¹
1022 798 1148 861 nullum
1185 795 1286 860 alium

176 904 364 990 ingressum
390 903 506 968 habuit
527 903 562 968 in
584 911 703 968 terram
730 901 822 965 illam
843 923 901 986 per
926 900 1162 987 predecessores
1185 899 1287 986 ipsius

177 1008 302 1072 Prioris
323 1008 423 1072 immo
445 1029 504 1093 per
524 1007 631 1093 ipsum
654 1006 835 1070 Alnathum
857 1014 983 1092 patrem
1005 1005 1107 1092 ipsius
1122 1005 1287 1081 willelmi,

177 1121 213 1176 et
228 1110 308 1176 inde
323 1111 417 1197 poni-t
433 1133 467 1175 se
483 1131 581 1196 super
594 1109 734 1196 patriam
748 1108 776 1173 si
790 1117 880 1172 carta
894 1109 1119 1199 nou-sufficiat.

245 1217 293 1280 Et
308 1215 492 1280 Willelmus
506 1214 669 1302 cognoscit
689 1221 812 1278 certam
832 1222 883 1278 set
902 1213 1083 1300 dicitquod
1104 1236 1169 1278 non
1189 1212 1288 1278 debet

176 1323 209 1386 ei
225 1345 343 1387 nocere
359 1322 436 1407 quia
456 1329 545 1386 carta
564 1321 621 1386 illa
635 1323 721 1386 facta
736 1321 799 1386 suit
818 1320 853 1385 in
875 1321 947 1386 uita
961 1321 1058 1386 Aline
1079 1329 1113 1386 et
1136 1343 1199 1384 non
1214 1327 1288 1405 post

176 1435 321 1491 mortem
345 1427 423 1502 ciue,
440 1447 498 1490 nec
512 1424 612 1489 Alina
632 1446 787 1510 umquam
807 1424 988 1510 ingressum
1009 1425 1125 1489 habuit
1144 1447 1202 1510 per
1216 1445 1287 1510 pre-

176 1531 309 1595 dictum
323 1529 506 1593 Alnathum
526 1537 653 1614 patrem
676 1551 771 1593 suum
791 1529 912 1593 immo⁸
926 1528 1163 1614 predecessores
1185 1528 1287 1614 ipsius

178 1636 302 1700 Prioris
324 1644 496 1721 postquam
518 1634 605 1699 idem
635 1633 802 1698 Alnathus
824 1635 970 1699 feoffauit
999 1634 1105 1720 ipsum
1136 1633 1287 1709 Priorem,

178 1749 213 1804 et
239 1741 303 1804 hoc
325 1740 408 1804 bene
430 1748 523 1826 patet
545 1738 624 1824 quia
645 1737 802 1802 Ricardus
824 1737 864 1802 de
888 1739 1044 1825 Hertrug'
1065 1761 1165 1824 nepos
1186 1737 1288 1824 ipsius

178 1843 280 1908 Aline
297 1843 518 1932 adhuchobet
538 1851 660 1906 cartam
682 1841 784 1928 ipsius
805 1841 922 1908 Prioris
944 1865 1002 1929 per
1021 1865 1118 1929 quam
1143 1841 1289 1907 feoffauit

177 1948 287 2034 ipsam
303 1948 436 2013 Alinam
452 1956 486 2012 et
502 1969 600 2034 quem
615 1945 748 2010 reddere
763 1945 862 2010 debet
877 1946 999 2010 Thome
1015 1946 1135 2010 Treuet
1151 1954 1185 2010 et
1202 1945 1289 2010 unde

179 2051 373 2139 Stephanus
387 2051 428 2116 de
446 2051 585 2116 Strande
600 2050 700 2116 habet
714 2073 764 2115 xx.
781 2050 835 2114 sol.
851 2049 885 2114 in
900 2050 1044 2128 uodium,
1059 2057 1093 2114 et
1108 2049 1136 2114 si
1151 2049 1210 2114 hoc
1225 2072 1290 2114 nou

178 2155 304 2220 sufficit
327 2155 392 2220 scil.
416 2163 506 2219 carte
525 2153 618 2240 ponit
640 2175 675 2217 se
697 2173 794 2238 super
815 2151 954 2238 patriam
978 2161 1017 2216 ut
1039 2152 1160 2217 ueritas
1183 2151 1288 2238 inqui·

179 2269 275 2324 ratur
296 2281 356 2344 per
376 2258 516 2344 patriam
537 2258 616 2322 dum
638 2265 749 2321 tamen
775 2256 824 2320 illi
849 2279 914 2320 non
939 2257 1005 2320 sint
1034 2256 1068 2320 in
1097 2255 1205 2320 iurata
1233 2257 1290 2342 qui

180 2364 318 2427 luerunt
348 2361 382 2426 in
412 2363 565 2426 essisset
588 2361 645 2447 qui
667 2361 746 2425 falso
768 2360 968 2437 iurauerunt,
995 2361 1109 2446 etqui
1134 2383 1198 2424 uon
1224 2360 1314 2446 sint,

181 2473 338 2552 parentes
366 2466 516 2551 ipsorum.
561 2465 641 2529 Dies
667 2465 763 2530 datus
785 2473 836 2530 est
857 2465 905 2530 eis
926 2463 967 2530 de
990 2464 1150 2530 audiendo
1172 2464 1291 2530 iudicio

181 2595 243 2638 suo
258 2581 294 2637 et
308 2579 348 2636 ut
362 2580 441 2637 tunc
455 2571 638 2657 inquiratur
652 2571 774 2636 ueritas
784 2593 842 2658 per
856 2570 996 2657 patriam
1011 2571 1039 2636 si
1054 2579 1143 2636 carta
1157 2570 1289 2635 interim

182 2677 328 2742 inueniri
342 2699 406 2740 non
421 2675 549 2762 poterit.

251 2778 392 2844 Postea¹
407 2779 485 2865 quia
506 2779 673 2845 contencio
693 2789 743 2845 est
762 2779 849 2845 inter
868 2803 922 2846 eos
936 2780 976 2845 de
997 2779 1201 2845 leoffamento
1218 2802 1289 2866 pre-

183 2884 271 2949 dicte
286 2883 384 2947 Aline
405 2891 515 2948 utrum
535 2883 606 2969 ipsa
620 2883 750 2948 feoffeta
764 2884 827 2948 fuit
842 2884 882 2949 de
903 2885 1011 2949 Priore
1032 2883 1072 2949 de
1088 2883 1291 2970 Bradelegha

183 2988 238 3052 uel
253 2987 401 3073 predicto
416 2987 569 3065 Alnatho,
585 2988 832 3054 consideratum
848 2997 897 3054 est
912 2989 999 3075 quod
1014 2987 1072 3053 liat
1086 2987 1162 3052 inde
1174 2987 1288 3053 iurata

183 3090 230 3153 Et
250 3089 324 3154 ideo
345 3099 536 3177 preceptum
558 3099 608 3157 est
630 3092 814 3157 uicecomiti
836 3092 922 3178 quod
943 3091 1054 3156 uenire
1078 3091 1175 3156 faciat
1196 3115 1216 3157 a
1237 3091 1290 3158 die

184 3203 246 3259 etc.
262 3193 318 3279 xij.
333 3193 373 3258 de
388 3194 516 3259 uisneto
531 3195 571 3260 de
587 3195 767 3261 Hamstede
782 3219 840 3283 per
854 3219 934 3282 quor
950 3204 1009 3260 eto.
1026 3203 1060 3260 et
1075 3195 1210 3281 quinon
1225 3196 1292 3261 sint

184 3296 226 3362 de
242 3297 390 3384 predicta
403 3298 504 3364 assisa
523 3299 629 3385 etqui
649 3322 710 3364 nec
731 3299 838 3386 ipsum
853 3299 996 3364 Priorem
1016 3322 1075 3364 nec
1090 3299 1290 3365 Willelmum
1357 3301 1360 3307 ’

185 3401 297 3488 aliqua
320 3401 479 3466 affinitate
506 3403 673 3490 attingant
694 3402 736 3467 od
758 3402 1048 3490 recognoscendum
1071 3424 1168 3488 super
1188 3425 1291 3467 sacre-

186 3515 338 3570 mentum
364 3513 424 3570 eto.
447 3513 558 3569 utrum
580 3505 727 3591 predicta
747 3505 847 3570 Alina
868 3505 999 3570 feoffata
1020 3504 1084 3569 fuit
1106 3527 1126 3569 a
1147 3503 1291 3590 predicto

186 3611 298 3675 Priore
320 3610 375 3675 uel
397 3609 541 3696 predicto
561 3610 706 3676 Alnatho
727 3619 820 3696 patre
840 3609 942 3696 ipsius
950 3608 969 3688 ⁴,
984 3617 1019 3674 et
1039 3631 1073 3674 se
1093 3608 1141 3673 ita
1159 3607 1290 3673 iuterim

188 3713 369 3779 certificent
385 3721 443 3777 ete

135 3891 141 3903 ¹
253 3817 459 3882 'Willelmus
476 3817 516 3882 de
538 3817 725 3883 Lancestria
744 3817 950 3884 athachiatus
965 3817 1028 3883 firit
1043 3817 1085 3882 ad
1099 3817 1292 3903 responden·
1394 3845 1411 3875 e.

189 3923 270 3988 dum
293 3921 436 3986 Roberto
458 3921 498 3987 de
522 3923 629 4010 Kyme
651 3945 750 4008 quere
773 3947 838 3988 non
864 3932 956 3989 tenet
985 3923 1016 3988 ei
1045 3922 1293 3988 conuencionem

189 4027 278 4091 iuter
302 4047 357 4089 eos
378 4024 497 4089 factam
519 4025 559 4090 de
582 4048 632 4090 xv.
656 4025 725 4091 libr.
749 4025 894 4090 redditus
918 4025 952 4090 in
978 4025 1197 4090 Wuluestuno
1225 4031 1294 4100 etc,

191 4137 226 4194 et
246 4127 334 4194 unde
356 4128 443 4193 idem
465 4128 627 4194 Robertus
643 4127 791 4214 queritur
809 4128 894 4214 quod
914 4151 988 4194 cum
1010 4129 1096 4193 idem
1113 4127 1295 4193 Willelmus

226 4323 235 4355 ¹
253 4323 352 4388 Supply
363 4327 450 4386 Alina,
461 4325 492 4376 B.
803 4327 815 4359 ⁴
832 4326 930 4389 supply
944 4327 1069 4387 Willelrru',
1085 4325 1114 4376 B.

225 4390 236 4421 ³
254 4391 353 4454 Supply
363 4407 416 4454 per,
428 4391 458 4441 B.
804 4393 814 4422 ⁵
831 4391 860 4440 B.
874 4405 909 4440 m.
923 4392 961 4440 15.

226 4455 236 4488 ⁸
252 4455 275 4504 Δ
286 4457 435 4519 postscript‚
448 4457 477 4507 B.
