3212 5230
346 447 585 510 strennuitate,
609 451 670 499 111.
698 437 875 512 11311111.
900 439 1035 502 11-15.
1181 439 1243 506 357

139 617 301 704 Prepositi
312 619 354 707 iij.
370 620 442 686 den
462 643 522 708 per
536 643 608 686 ann.
625 631 659 687 et
678 622 744 688 alia
758 623 894 689 seruicia
909 632 943 690 et
958 623 1132 690 seruicium
1148 647 1243 690 suum
1256 637 1378 735 fflgtpffi

138 723 304 807 proprium
325 725 389 790 scil.
410 747 513 789 unam
534 725 612 790 libr..
625 725 736 790 cimini
758 735 792 791 et
814 725 924 792 dimid
945 748 1003 813 per
1024 750 1096 792 ann.
1118 727 1243 792 desicut
1256 732 1394 828 arr-“effi

137 824 226 891 idem
242 827 404 893 Johannes
417 828 520 893 nichil
535 828 635 894 habet
649 851 709 894 nec
723 829 862 895 clamare
877 839 985 916 potest
1000 831 1063 896 nisi
1083 783 1383 918 1111111111Ξξίἑξξιξξξῖὶο

137 930 515 1017 uigintiacrastentum.
1256 919 1409 1015 hithha-

1255 1012 1305 1052 dere
1313 1016 1407 1053 tencatur

201 1035 250 1099 Et
263 1035 426 1102 Johannes
441 1037 536 1102 uenit
551 1045 585 1102 et
604 1037 766 1124 cognoscit
787 1038 886 1104 finem
907 1047 941 1104 et
963 1039 1188 1126 cirographum
1209 1047 1373 1108 etruscaque

136 1137 319 1226 dicitquod
338 1141 373 1205 in
392 1141 483 1206 nullo
503 1149 553 1206 est
574 1150 685 1206 contra
707 1142 805 1208 finem
827 1143 921 1208 illum
942 1165 1002 1208 nec
1024 1145 1086 1208 erit
1108 1152 1143 1208 et
1164 1143 1244 1208 dicit
1256 1107 1402 1194 22th

136 1242 223 1326 quod
239 1243 412 1308 seminium
426 1243 510 1308 illud
525 1266 589 1308 non
604 1244 747 1330 pertinet
761 1245 803 1310 ed
824 1254 943 1311 terram
959 1247 1049 1311 illam
1065 1245 1151 1312 unde
1171 1247 1244 1314 finis

136 1345 244 1411 fuctus
259 1347 320 1412 fuit
334 1349 435 1412 immo
450 1348 492 1413 ad
507 1349 669 1435 quendam
685 1357 803 1415 terram
819 1373 916 1437 quam
932 1351 1002 1437 ipse
1017 1351 1116 1416 habet
1132 1360 1244 1438 etque

137 1449 199 1514 luit
230 1452 439 1540 marilegium
470 1453 583 1518 matris
612 1477 676 1519 suc.
732 1455 775 1519 Et
805 1456 882 1541 quia
911 1455 1054 1521 Oristina
1083 1464 1133 1522 est
1162 1456 1245 1522 infra

137 1561 270 1632 etatem,
288 1565 481 1642 preceptum
500 1567 551 1622 est
572 1557 756 1622 uicecomiti
778 1558 864 1644 quod
886 1558 992 1624 eidem
1015 1559 1155 1624 Oristine
1177 1560 1244 1646 ple-

138 1658 263 1724 nariam
283 1659 434 1725 seisinam
458 1660 576 1726 habere
596 1660 694 1726 faciat
713 1661 754 1725 de
774 1661 928 1746 predictis
943 1661 1048 1726 tribus
1063 1662 1143 1750 uirg.
1160 1671 1244 1729 terre

137 1783 210 1826 cum
242 1773 323 1849 pert.
345 1764 382 1828 in
403 1763 549 1829 seruieiis
571 1773 606 1828 et
628 1763 662 1828 in
684 1763 834 1829 omnibus
856 1765 928 1830 aliis
949 1766 1046 1831 rebus
1067 1766 1244 1832 secundum

138 1875 325 1953 proportum
348 1868 532 1956 cirographi
561 1868 704 1955 exceptis
726 1869 879 1954 predictis
909 1893 959 1934 xx.
982 1893 1043 1938 ecr.
1066 1879 1152 1936 terre
1181 1895 1244 1960 que

138 1972 244 2038 eidem
259 1973 404 2038 Johanni
419 1982 588 2038 remanent
603 1995 662 2060 per
675 1973 774 2039 finem
789 1975 882 2040 illum
898 1983 958 2040 etc.

44 2089 98 2154 447,
200 2077 382 2164 'Margeria
410 2077 451 2142 de
481 2079 571 2165 Lucy
600 2079 788 2144 athachiata
816 2079 880 2144 fuit
909 2079 951 2145 111
985 2080 1243 2166 respondendum

139 2182 265 2268 Rogero
279 2182 321 2247 de
343 2182 446 2247 Gouiz
466 2205 565 2269 quare
585 2206 650 2248 non
670 2191 763 2248 tenet
786 2184 816 2250 ei
837 2183 935 2249 finem
958 2185 1080 2250 factum
1100 2185 1135 2250 in
1157 2184 1245 2250 curia

140 2286 230 2352 Dom.
258 2287 360 2374 Regis
387 2287 419 2353 J.
449 2287 536 2353 inter
564 2288 693 2354 eosdem
723 2289 917 2375 Margeriam
948 2298 981 2354 61
1011 2290 1175 2377 Rogemm
1204 2288 1245 2354 de

138 2391 323 2480 medietate
337 2393 475 2458 manerii
497 2393 538 2458 de
560 2395 771 2482 Ermigtona⁸
793 2418 867 2460 cum
890 2403 970 2481 pert.
995 2394 1082 2460 unde
1108 2394 1244 2482 cirogra

139 2497 240 2582 phum
255 2507 314 2562 ete
331 2506 367 2562 et
386 2498 473 2564 unde
493 2499 579 2564 idem
600 2501 747 2587 Rogems
768 2499 916 2587 queritur
935 2498 1021 2586 quod
1043 2521 1117 2564 cum
1137 2507 1244 2564 totum

138 2597 319 2662 manerium
350 2597 433 2662 illud
462 2607 571 2683 preter
595 2619 652 2663 sex
675 2598 756 2685 uirg.
779 2607 864 2663 terre
886 2620 1052 2663 remanere
1074 2597 1192 2662 debeat
1215 2595 1246 2661 ei

139 2717 194 2780 per
206 2696 308 2761 finem
323 2696 417 2761 illum
432 2705 467 2760 et
481 2697 624 2782 predicte
636 2696 676 2782 vj.
690 2697 771 2784 uirg.
786 2705 871 2761 terre
883 2697 1027 2783 predicte
1041 2695 1200 2783 Margerie
1212 2704 1246 2760 et

139 2798 277 2883 quilibet
307 2797 450 2884 ipsorum
473 2797 665 2884 respondere
687 2798 806 2864 debeat
828 2799 1022 2885 capitalibus
1044 2797 1183 2863 dominis
1205 2797 1245 2862 de

140 2901 275 2967 semicio
298 2901 384 2988 quod
408 2901 450 2966 ad
480 2911 606 2988 partem
629 2925 721 2968 suam
744 2903 895 2989 pertinet,
918 2903 1064 2990 predicte
1085 2902 1247 2991 Margeria

139 3027 202 3070 non
225 3005 305 3070 facit
325 3005 499 3070 seruicium
519 3005 605 3092 quod
627 3005 669 3070 ed
691 3005 852 3092 predictas
871 3006 912 3093 vj.
929 3006 1009 3094 uirg.
1026 3015 1110 3071 terre
1131 3028 1194 3093 que
1215 3005 1246 3070 ei

141 3116 310 3173 remanent
324 3107 477 3193 pertinet,
491 3117 624 3195 propter
638 3109 724 3195 quod
743 3109 859 3175 Comes
879 3109 1078 3176 Gloucestrie
1099 3109 1246 3196 capitalis

140 3210 291 3277 dominus
305 3211 393 3276 illius
408 3211 492 3276 feodi
506 3211 676 3306 distrinxit
688 3235 763 3277 eum
778 3235 836 3298 pro
851 3223 943 3299 parte
963 3213 1065 3299 ipsius
1086 3212 1245 3301 Margerie

142 3339 195 3402 pro
225 3315 374 3402 contagio
403 3315 444 3380 de
474 3315 572 3403 Kery,
594 3316 660 3382 scil.
683 3339 740 3402 pro
770 3340 798 3381 v.
821 3317 876 3381 sol.
899 3325 933 3380 et
956 3316 1007 3402 vij.
1031 3315 1102 3382 den.
1125 3325 1160 3382 et
1189 3339 1246 3402 pro

141 3419 288 3506 teulegio
316 3418 357 3484 de
387 3419 621 3485 Portesmuwes
650 3420 703 3506 vij.
726 3421 781 3486 sol.
805 3420 849 3504 iij.
876 3419 964 3484 den.⁴
992 3419 1079 3486 unde
1110 3443 1168 3507 per
1189 3419 1244 3486 de·

141 3525 344 3590 strictionem
358 3523 449 3588 illam
464 3533 497 3588 et
512 3547 569 3610 pro
584 3524 713 3590 defectu
729 3525 831 3611 ipsius
851 3524 1009 3610 Margerie
1032 3525 1246 3590 deterioratus

142 3635 189 3692 est
204 3637 241 3692 et
255 3625 435 3711 dampnum
450 3627 550 3692 habet
564 3637 624 3693 etc.
640 3637 675 3694 et
689 3628 765 3694 inde
780 3627 929 3714 producit
944 3635 1071 3692 sectam.

206 3733 251 3796 Et
281 3731 444 3819 Margeria
467 3753 525 3818 per
553 3740 755 3798 attornatum
785 3753 881 3796 suum
911 3729 1004 3795 uenit
1026 3739 1061 3796 et
1083 3731 1247 3818 cognoscit

143 3836 240 3902 finem
261 3845 296 3901 et
316 3836 540 3924 cirographum
561 3844 596 3901 et
615 3835 796 3923 dicitquod
816 3835 999 3922 equietauit
1014 3844 1139 3922 partem
1154 3859 1246 3902 suam

34 3927 36 3936 ’
142 3965 205 4028 que
234 3941 278 4006 ad
307 3963 379 4006 eam
408 3941 552 4027 pertinet
580 3941 621 4006 de
651 3941 806 4008 forinseco
834 3941 884 4007 ita
912 3941 999 4028 quod
1035 3941 1177 4006 reddidit
1205 3941 1246 4006 de

142 4043 289 4132 scutagio
311 4043 352 4110 de
375 4044 609 4110 Portesmuwes
630 4044 674 4111 ix.
695 4045 750 4112 sol.
775 4052 809 4110 et
831 4045 914 4110 bene
936 4043 1082 4110 defendit
1104 4043 1190 4129 quod
1212 4044 1247 4109 in

173 4288 244 4338 ¹Br.
257 4289 275 4340 1.
289 4290 402 4351 39213;
420 4289 439 4338 1.
450 4289 534 4340 4111.
720 4291 856 4354 campaign
878 4291 930 4340 end
952 4289 996 4340 the
1014 4293 1117 4353 mutage
1136 4291 1165 4340 ol
1184 4291 1247 4340 1230

173 4355 278 4403 ’1.111.
290 4355 313 4406 9.
721 4355 761 4404 ior
772 4355 817 4405 the
825 4355 1111 4418 campaigninFranoa.
1143 4355 1246 4415 stubbs,

173 4419 368 4484 3311111911,
379 4420 410 4468 Δ.
722 4421 811 4470 const.
824 4420 895 4470 11111.
907 4421 958 4470 rol.
970 4422 993 4478 2,
1006 4436 1031 4484 p.
1041 4423 1081 4472 tt.
1112 4421 1176 4471 11111.
1186 4420 1243 4471 Par.

174 4485 185 4516 ⁴
202 4483 368 4546 Thescutage
376 4485 406 4534 oi
412 4485 474 4535 1229
482 4486 522 4534 lor
529 4485 573 4535 the
583 4483 670 4534 Welsh
723 4486 773 4548 (ed.
786 4485 881 4549 Luard)
896 4487 943 4536 vol.
965 4489 988 4541 3,
1006 4501 1030 4547 p.
1045 4487 1099 4535 190.
