3360 5236
353 429 416 494 601
561 445 796 508 monimum,
819 447 883 498 nn.
908 435 1001 510 1233,
1023 449 1086 500 aa
1111 439 1247 504 17-18,

416 615 460 680 Et
496 617 653 683 Ricardus
689 619 782 684 uenit
819 629 853 685 et
889 620 1036 688 defendit
1072 624 1141 690 uim
1171 634 1206 690 et
1234 627 1395 704 iniuriam,
1425 637 1461 692 et

350 719 512 805 cognoscit
526 719 613 805 quod
628 721 790 806 quoddam
805 733 983 790 mercatum
995 727 1121 793 leuauit
1132 729 1220 814 apud
1232 729 1459 795 Deretemuwe

350 821 390 886 de
405 822 539 888 licencia
553 823 646 888 Dom.
664 825 763 912 Regno
778 849 836 912 per
850 837 972 892 certam
987 831 1083 894 suam'
1095 854 1193 917 quam
1208 833 1330 918 profert
1345 841 1379 898 et
1394 857 1458 920 que

349 926 409 992 hoc
424 934 565 991 testatur
580 927 642 992 nisi
657 929 700 992 sit
715 929 757 994 ad
778 940 1011 996 nocumentum
1031 932 1213 998 uicinorum
1233 944 1459 1014 mercatorum,

349 1039 383 1094 et
398 1031 479 1096 dicit
498 1032 583 1117 quod
602 1033 684 1098 illud
704 1057 768 1100 non
789 1043 839 1100 est
861 1035 903 1100 ad
925 1047 1158 1102 nocumentum
1180 1039 1316 1104 aliorum
1339 1064 1459 1106 merua·

350 1140 465 1211 torum,
481 1142 515 1198 et
529 1132 675 1200 defendit
691 1146 803 1202 contra
817 1139 920 1223 ipsam
941 1148 976 1204 et
995 1149 1117 1205 sectam
1138 1164 1230 1206 suam
1251 1143 1337 1228 quod
1352 1145 1459 1208 nullae

349 1239 598 1304 consuetudines
618 1263 677 1304 nee
697 1241 843 1306 namium
858 1243 931 1328 capi
946 1243 1023 1308 feeit
1038 1253 1120 1330 aput
1135 1245 1369 1312 Deretemuwe.
1415 1249 1459 1312 Et

349 1342 422 1406 ideo
437 1342 548 1408 uadiet
564 1343 678 1430 legem,
693 1353 728 1410 et
744 1345 857 1410 ueniat
872 1369 944 1411 cum
961 1347 1033 1435 lege
1049 1369 1082 1412 se
1103 1347 1191 1432 xijm.
1209 1371 1308 1414 manu
1330 1350 1364 1414 in
1385 1351 1459 1416 Oct.

349 1455 408 1512 etc.

414 1551 465 1615 De
481 1560 621 1616 mercato
636 1551 678 1616 ad
692 1552 850 1618 iudicium
865 1576 923 1639 pro
938 1561 1028 1618 carte
1042 1553 1135 1620 Dom.
1153 1555 1260 1641 Regis

415 1655 531 1719 Postea
552 1655 644 1720 uenit
668 1655 824 1720 Ricardus
847 1664 881 1720 et
903 1656 960 1721 dat
977 1657 1002 1743 j
1019 1680 1160 1722 meream
1183 1658 1276 1724 Dom.
1293 1659 1377 1746 Regi
1399 1683 1459 1746 per

348 1759 394 1823 sic
414 1759 500 1844 quod
520 1759 704 1844 inquiratur
722 1759 750 1823 si
770 1768 949 1824 mercatum
970 1759 1010 1824 de
1029 1760 1236 1826 Dertemuwe
1252 1762 1295 1826 sit
1310 1763 1458 1827 leuatum

348 1862 390 1927 ad
405 1871 636 1928 nocumentum
652 1863 786 1928 mercati
801 1863 888 1927 illius
903 1863 943 1928 de
955 1863 1154 1942 Tottenesse‚
1166 1873 1200 1928 et
1216 1888 1273 1950 per
1287 1867 1458 1930 consilium

348 1965 469 2032 iustic'¹
492 1975 681 2053 preceptum
704 1975 754 2032 est
778 1968 864 2052 quod
890 1967 1080 2054 inquiratur.
1127 1969 1170 2033 Et
1192 1977 1382 2055 preceptum
1409 1979 1459 2035 est

349 2070 532 2135 uicecomiti
547 2069 633 2156 quod
647 2092 753 2134 coram
775 2093 813 2134 eo
833 2079 867 2134 et
888 2093 994 2135 eoram
1015 2072 1203 2136 custodibus
1226 2073 1336 2136 uenire
1360 2074 1459 2138 faciat

348 2173 400 2259 xij.
414 2181 448 2238 et
463 2195 644 2259 percorum
661 2180 898 2237 sacramentum
914 2181 973 2237 etc.
987 2182 1021 2238 et
1036 2175 1064 2238 si
1078 2175 1261 2259 predictum
1278 2185 1457 2240 mercatum

349 2278 494 2342 leuatum
517 2277 560 2341 sit
582 2277 624 2342 ad
645 2285 877 2341 nocumentum
900 2277 1035 2342 alterius
1056 2278 1192 2342 mercati
1214 2279 1268 2342 uel
1288 2301 1361 2357 non,
1377 2281 1458 2344 etsi

349 2381 392 2445 ad
421 2389 661 2457 nocumentum,
691 2389 770 2446 tunc
799 2381 894 2467 quale
924 2389 1156 2446 nocumentum
1186 2381 1232 2447 ibi
1261 2382 1368 2447 fuerit.
1414 2385 1458 2448 Et

349 2483 594 2570 inquisicionem
620 2485 740 2551 habeat
766 2485 800 2551 in
825 2485 896 2551 Oet.
920 2494 979 2551 etc.
1004 2509 1062 2572 per
1086 2485 1212 2552 litteras
1238 2495 1272 2550 et
1296 2510 1354 2573 per
1376 2488 1458 2554 duos

349 2595 408 2652 ete

293 2749 299 2764 ,
414 2689 590 2756 ’Henricus
607 2691 786 2758 Vinitarius
801 2702 836 2758 et
850 2692 984 2758 Amma⁸
999 2716 1079 2758 uxor
1094 2695 1164 2759 eius
1178 2715 1237 2780 per
1253 2703 1456 2760 attornatum

246 2811 295 2840 ¹⁰¹*
348 2817 443 2860 suum
458 2805 577 2882 petunt
592 2819 704 2862 uersus
718 2799 898 2864 Robertum
915 2798 955 2864 de
971 2799 1169 2886 Lidingtona
1189 2809 1254 2864 tres
1273 2801 1353 2888 uirg.
1371 2809 1456 2864 terre

347 2923 421 2964 cum
444 2900 579 2987 pertin
602 2901 724 2966 Estona
745 2911 780 2966 et
802 2903 837 2966 in
860 2902 942 2968 Coto
964 2911 1003 2966 ut
1025 2902 1076 2967 ius
1098 2901 1200 2988 ipsius
1222 2904 1350 2981 Amme,
1364 2913 1399 2968 et
1422 2903 1457 2968 in

347 3004 460 3090 quam⁴
474 3003 561 3068 idem
574 3005 735 3070 Robertus
747 3028 811 3070 non
822 3005 922 3070 habet
933 3006 1114 3093 ingressum
1126 3005 1189 3071 nisi
1200 3029 1258 3093 per
1267 3006 1455 3092 Philippum

346 3107 387 3171 de
403 3108 574 3172 Mawertin
589 3108 721 3174 fratrem
737 3109 881 3194 predicte
896 3109 1014 3174 Amme
1030 3111 1122 3175 euius
1142 3110 1236 3175 heres
1250 3111 1322 3196 ipsa
1335 3113 1456 3176 Amma

347 3221 397 3276 est
412 3221 446 3276 et
462 3213 519 3299 qui
534 3235 587 3277 eas
609 3213 640 3277 ei
660 3212 785 3277 dimisit
805 3212 846 3277 ad
867 3213 1044 3277 terminum
1065 3213 1122 3299 qui
1141 3214 1298 3299 preteriit,
1314 3221 1348 3277 et
1368 3214 1455 3279 unde

346 3315 493 3401 predicte
521 3317 641 3378 Ammo
669 3313 750 3378 dicit
779 3314 866 3401 quod
895 3315 1060 3401 predictus
1090 3315 1261 3401 Philippus
1290 3315 1353 3380 fuit
1378 3316 1454 3381 inde

347 3420 476 3484 seisitus
512 3420 547 3484 in
583 3419 743 3484 dominico
779 3442 837 3484 suo
874 3427 913 3484 ut
945 3419 986 3484 de
1016 3420 1109 3484 feodo
1139 3427 1174 3484 et
1203 3420 1273 3484 iure
1308 3428 1455 3506 tempore

184 3533 304 3592 N⁰⁸⁸u¹¹⁰d
346 3523 446 3608 Regis
461 3522 591 3587 Ricardi
606 3531 665 3588 etc.
712 3523 755 3587 Et
770 3523 932 3587 Robertus
947 3543 1078 3606 presens
1093 3529 1143 3586 est
1159 3529 1194 3586 et
1212 3529 1307 3586 uocat
1322 3521 1397 3587 inde
1412 3523 1455 3588 ad

182 3580 217 3620 llle
226 3592 261 3638 qur
269 3583 327 3622 tenet

182 3627 289 3722 ffi‘ffi
345 3635 524 3691 warantum
551 3626 762 3692 Godefridum
788 3627 892 3691 filium
918 3649 1014 3690 suum
1041 3649 1080 3690 ea
1105 3625 1232 3690 racione
1257 3625 1343 3712 quod
1366 3626 1453 3691 idem

180 3683 332 3816 lifflael‘l‘
345 3730 537 3796 Godefridus
552 3730 616 3794 fuit
631 3730 719 3794 filius
734 3739 767 3795 et
783 3730 876 3795 heres
891 3729 1046 3816 Dyonisie
1062 3737 1096 3794 et
1112 3736 1199 3794 terra
1213 3729 1270 3793 illa
1291 3729 1455 3794 hereditas

179 3815 308 3901 miili
343 3835 445 3920 ipsius
474 3833 619 3898 Dionisie
649 3833 758 3898 uxoris
787 3833 859 3898 sue⁶
885 3832 1011 3918 etipse
1036 3833 1125 3896 illem
1153 3840 1264 3896 tenere
1288 3831 1388 3898 debet
1411 3833 1454 3897 ad

180 3907 207 3946 ad
215 3919 276 3956 quem
286 3911 325 3948 esc

180 3955 325 4050 3:⁸¹3th
344 3939 447 4004 uitam
463 3961 555 4003 suam
571 3937 748 4002 seeundum
764 3937 1031 4002 consuetudinem
1046 3937 1166 4024 Anglie
1181 3945 1240 4002 eto

180 4051 270 4134 mm
409 4042 452 4106 Et
474 4041 666 4108 Godefridus
686 4041 778 4106 uenit
798 4049 832 4106 et
853 4041 884 4106 ei
905 4040 1092 4106 warentizat
1114 4040 1199 4105 sieut
1221 4049 1341 4106 tenum
1363 4041 1454 4106 illam

375 4213 385 4245 ²
401 4216 505 4264 Domini
520 4214 612 4263 Jactic'
629 4213 666 4272 Δ;
689 4213 718 4263 ln
735 4213 780 4264 the
799 4217 870 4265 note
954 4214 965 4246 ⁴
981 4229 1052 4277 ᾳιιαι,
1063 4213 1093 4265 A.

342 4277 409 4327 book
419 4279 523 4329 Domini
535 4278 558 4328 is
569 4278 722 4342 expuncted.
953 4279 965 4311 ³
981 4287 1050 4328 terra
1057 4277 1188 4340 repeated.

374 4341 431 4391 ²A.
453 4357 489 4392 m.
510 4343 560 4394 od.
594 4343 658 4392 This
680 4357 739 4394 ease
760 4344 867 4396 1111111ι
953 4343 1067 4394 1ιιωοήι
1077 4359 1120 4393 suc
1132 4341 1285 4402 interlined;
1303 4342 1331 4392 in
1344 4343 1367 4392 A
1380 4341 1454 4395 these

344 4408 464 4468 Voucher,
477 4411 532 4460 279.
920 4409 1005 4458 words
1016 4408 1369 4459 comebetoraettenaillc.

373 4471 384 4502 ³
400 4475 489 4535 Aurae,
503 4473 526 4522 Δ
536 4473 705 4536 throughout.
