3308 5226
370 431 432 496 686
578 443 813 505 1111111111,
836 441 900 492 nn.
927 427 1018 504 1232,
1043 441 1106 492 11
1131 409 1266 496 16-1'7.

366 616 445 682 dum
460 617 568 682 tenuit
583 613 714 704 quidam
731 616 843 682 Simon
859 615 946 680 filius
954 615 1112 682 Willelmi
1123 615 1183 681 filii
1199 617 1336 682 Othonis
1351 617 1463 682 terram

366 719 455 784 illam
476 719 572 784 simul
593 741 668 785 cum
688 717 822 784 ecclesia
836 717 894 783 illa
907 727 979 783 tota
993 719 1064 784 uita
1076 741 1137 784 sua
1152 729 1187 784 et
1201 727 1275 806 post
1289 719 1464 806 predictum

367 823 533 888 Simonem
548 822 610 886 iate
626 821 738 886 Simon
754 821 841 885 filius
856 819 998 886 Simonis
1012 820 1109 884 simul
1124 843 1199 886 cum
1219 822 1353 886 ecclesia
1370 821 1467 886 donec

365 925 455 990 illam
476 923 642 988 ecclesiam
663 923 850 1010 resignauit.
896 923 939 986 Et
957 923 1077 1008 quesiti
1092 931 1203 988 utrum
1218 923 1287 1009 ipse
1302 923 1467 989 Gudmun·

366 1028 428 1092 dus
457 1035 492 1092 11
521 1048 633 1090 omnes
662 1025 719 1090 alii
748 1047 944 1090 successores
973 1025 1024 1089 sui
1054 1033 1205 1090 tenerent
1234 1035 1353 1091 terram
1381 1026 1466 1090 illam

366 1133 496 1196 nominc
533 1130 666 1195 ecclesie
702 1130 846 1216 predicte
884 1138 923 1193 ut
957 1129 1091 1194 liberam
1124 1129 1332 1194 elemosinam
1361 1130 1414 1194 uel
1441 1129 1468 1194 si

366 1235 504 1322 quilibet
525 1235 668 1320 ipsomm
691 1234 766 1299 inde
790 1234 939 1298 leoffatus
959 1243 1045 1298 esset
1065 1234 1249 1319 separatim,
1263 1257 1329 1298 non
1343 1255 1468 1318 respon-

365 1337 445 1402 dent
460 1337 502 1402 ad
517 1337 577 1402 hoc
592 1345 642 1402 set
657 1335 771 1402 dicunt
786 1336 872 1422 quod
887 1345 974 1399 terra
994 1335 1052 1400 illa
1065 1359 1231 1422 nunquam
1247 1345 1395 1422 separata
1409 1335 1469 1400 fuit

365 1442 407 1506 ab
433 1441 568 1506 ecclesia
596 1440 661 1516 illa,
687 1448 722 1504 et
750 1439 865 1504 dicunt
894 1437 981 1524 qnod
1009 1438 1153 1524 predicte
1183 1461 1318 1524 persone
1348 1461 1469 1524 semper

365 1553 557 1632 receperunt
571 1553 691 1609 terram
706 1543 795 1608 illam
811 1566 885 1608 cum
900 1543 1043 1620 ecclesia
1057 1553 1092 1608 et
1106 1544 1179 1609 ideo
1199 1544 1338 1610 creduut
1358 1543 1469 1608 melius

365 1649 451 1736 quod
474 1659 561 1714 terra
582 1649 639 1714 illa
659 1649 703 1713 sit
726 1649 828 1713 libem
850 1648 1025 1713 elemosina
1049 1649 1215 1734 pertinens
1237 1648 1279 1714 ad
1305 1649 1468 1714 ecclesiam

365 1751 454 1816 illam
477 1775 536 1838 per
556 1761 681 1818 certum
707 1751 881 1816 seruicium
905 1751 1088 1816 laciendum
1114 1752 1308 1837 capitalibus
1335 1751 1469 1816 dominis

366 1877 463 1942 quam
490 1855 608 1920 laicum
632 1853 762 1919 feodum
788 1853 890 1940 ipsius
915 1854 1063 1920 Simonis
1108 1854 1233 1919 Dicunt
1257 1855 1360 1920 eciam
1387 1855 1469 1941 quod

366 1959 465 2024 nichil
488 1959 597 2024 sciunt
618 1957 659 2024 de
680 1959 791 2044 aliqua
809 1967 900 2024 carta
918 1958 1031 2044 quam²
1046 1959 1133 2024 idem
1149 1959 1262 2024 Simon
1278 1961 1401 2045 profert
1415 1981 1470 2044 per

366 2059 460 2148 quas¹
475 2061 561 2127 idem
578 2062 691 2128 Simon
710 2061 791 2126 dicit
813 2061 899 2148 quod
921 2061 1061 2147 quilibet
1081 2061 1300 2148 predictamm
1324 2084 1470 2148 persona·

366 2185 438 2230 rum
462 2165 636 2252 separatim
659 2165 810 2230 leoffatus
831 2165 895 2229 fuit
916 2163 957 2228 de
983 2165 1096 2230 eadem
1119 2172 1212 2230 terra
1258 2165 1378 2230 Postea
1397 2165 1471 2251 quia

366 2269 530 2354 predictus
560 2269 671 2334 Simon
702 2270 825 2354 profert
853 2277 958 2334 cartas
983 2291 1042 2355 per
1067 2291 1147 2356 quas
1172 2270 1313 2355 quilibet
1340 2291 1472 2356 persona

366 2372 515 2437 leoffatus
544 2371 609 2436 fuit
637 2371 678 2436 de
704 2393 841 2458 persona
865 2371 900 2435 11
926 2393 1103 2456 personam,
1129 2380 1164 2436 et
1189 2372 1350 2437 iuratores
1374 2373 1469 2438 nichil

366 2484 490 2540 certum
513 2475 627 2539 dicunt
649 2497 707 2560 per
729 2473 815 2560 quod
835 2473 992 2538 iudicium
1013 2474 1114 2559 possit
1129 2473 1207 2552 fieri,
1224 2473 1470 2540 consideratum

368 2588 419 2644 est
447 2578 534 2664 quod
563 2579 720 2642 iuratores
749 2578 891 2643 redeant.
937 2579 980 2642 Et
1007 2577 1079 2642 ideo
1101 2587 1291 2666 preceptum
1313 2587 1366 2646 est
1387 2580 1469 2644 uice·

366 2682 478 2748 comiti
504 2681 591 2768 quod
621 2682 732 2747 uenire
763 2682 860 2747 saciat
889 2683 1050 2768 predictos
1079 2683 1133 2769 xij.
1160 2693 1195 2749 et
1224 2705 1299 2748 cum
1330 2684 1378 2749 eis
1406 2683 1470 2768 viii.

366 2787 486 2852 milites
509 2787 566 2873 qui
592 2809 651 2850 nec
674 2785 856 2872 predictum
884 2787 1059 2872 Hugonem
1086 2809 1146 2852 nec
1172 2787 1340 2852 Simonem
1365 2787 1472 2873 aliqua

366 2891 542 2957 affinitate⁸
557 2891 591 2956 in
606 2889 801 2956 01111111
816 2890 1107 2978 recognoscendum
1122 2911 1220 2977 super
1234 2893 1470 2957 sacramentum

367 3020 462 3063 snum
499 2997 527 3062 si
563 2995 716 3083 predicti⁴
753 3018 886 3082 persone
923 3004 1102 3061 tenuerunt
1137 2996 1316 3082 predictam
1355 3005 1470 3062 terram

367 3103 497 3168 nomine
527 3101 659 3167 ecclesie
681 3101 734 3165 uel
757 3100 901 3166 1111111ι
923 3099 1122 3165 leoffamenti
1145 3100 1230 3186 quod
1251 3100 1330 3166 inde
1352 3100 1470 3165 habue-

368 3213 454 3281 runt,
469 3213 503 3269 et
518 3204 649 3268 interim
664 3213 734 3279 etc,
749 3211 784 3266 et
801 3201 889 3267 Otho
909 3201 995 3267 filius
1011 3203 1167 3267 Willelmi
1188 3225 1286 3288 quem
1308 3203 1470 3290 predictus

369 3309 481 3374 Simon
496 3307 628 3373 uocauit
643 3305 684 3372 ad
699 3315 879 3372 warantum
897 3306 1104 3388 athachietur
1117 3307 1203 3393 quod
1217 3307 1261 3371 sit
1275 3307 1317 3372 ad
1333 3308 1469 3374 eundem

371 3410 568 3477 terminum⁸.

247 3523 318 3585 888.
433 3513 566 3578 'Emma
589 3535 651 3599 qne
678 3513 742 3578 fuit
769 3535 850 3577 uxor
870 3513 1009 3578 Waltcri
1034 3513 1075 3578 de
1102 3513 1220 3579 Scnde'
1245 3513 1332 3600 petit
1361 3537 1470 3580 uersus

219 3621 343 3670 Mul*
369 3616 534 3682 Simonem
549 3616 590 3680 de
607 3617 743 3682 Shotere
759 3625 793 3681 et
808 3617 947 3681 Aliciam
964 3639 1096 3682 uxorem
1112 3617 1183 3682 eius
1196 3618 1331 3682 terciam
1346 3627 1469 3704 partem

368 3721 504 3786 duorum
520 3719 758 3807 mesuagiorum
774 3743 848 3785 oum
863 3729 944 3807 pert.
956 3721 990 3786 in
1007 3723 1115 3809 Burgo
1130 3731 1168 3786 11
1179 3721 1290 3788 dotem
1305 3746 1398 3788 suam
1413 3731 1469 3787 etc.

433 3825 477 3888 Et
493 3823 605 3889 Simon
622 3823 713 3888 uenit
728 3831 763 3888 11
777 3823 858 3888 (11111
878 3823 964 3909 quod
986 3823 1110 3888 nullam
1133 3824 1233 3890 habet
1254 3847 1387 3890 uxorem
1410 3847 1470 3911 que

369 3935 503 3992 uocatur
516 3927 630 4004 Alicia,
646 3935 680 3992 et
694 3937 843 4012 preterca
857 3927 937 3992 dicit
951 3928 1037 4014 quod
1053 3929 1153 3994 nichil
1174 3937 1267 3995 tenet
1285 3929 1326 3994 de
1346 3951 1470 3994 mesua-

367 4029 431 4116 giis
444 4029 509 4094 illis
523 4029 623 4094 immo
638 4029 777 4116 quedam
793 4029 899 4096 Alicia
918 4030 960 4096 de
975 4029 1109 4118 Burgo⁹,
1124 4031 1212 4097 idem
1226 4031 1306 4098 dicit
1321 4031 1407 4119 quod
1422 4033 1471 4096 uir

400 4156 412 4255 ζ
428 4155 479 4272 gio,
493 4157 525 4206 B.
945 4157 1050 4255 inqueat
1060 4163 1127 4208 11111
1138 4159 1241 4222 against
1251 4159 1351 4212 Simon.

400 4286 411 4318 ³
429 4222 528 4350 81111111]
539 4290 676 4350 (1111111111,
689 4287 720 4338 Β.
977 4289 988 4322 ⁸
1004 4224 1161 4348 1111111711.

400 4351 663 4415 4011111ιά1111
977 4351 1045 4404 ’No
1056 4357 1115 4417 stop
1126 4354 1155 4404 11
1164 4355 1219 4407 MS.
1247 4355 1375 4406 Simonsa
1413 4355 1469 4405 that

400 4417 533 4475 ⁵mmtm,
545 4417 576 4466 B.
945 4419 1063 4468 Emma's
1084 4419 1206 4470 husband
1228 4435 1280 4471 was
1306 4426 1352 4470 not
1407 4423 1470 4471 alter

400 4482 449 4530 ‘A
466 4487 556 4544 postea
573 4481 600 4532 in
618 4483 639 4532 B
656 4481 757 4533 records
775 4481 833 4533 horr
850 4483 894 4534 tho
944 4483 1099 4534 1111111111
1112 4485 1152 4550 (1).
