3276 5234
358 475 503 561 [Hilcrp
525 471 594 539 and
615 472 741 549 Ecstor,
763 485 827 538 nn.
852 473 944 550 1228,
966 486 1030 538 An.
1054 473 1117 556 12]
1226 475 1286 539 231

179 665 320 728 bonatus
348 671 434 726 terre
461 669 496 724 et
523 659 588 724 duo
610 658 777 744 mesuagio.
799 681 874 724 cum
899 665 979 744 pert
1003 659 1039 724 in
1062 660 1236 726 Lineolnia.
1251 670 1290 726 ut

169 766 232 830 -ius
246 787 353 840 suurn,
368 773 404 828 et
418 771 458 827 ut
478 763 537 826 ille
553 760 639 826 unde
659 761 829 846 Philippus
848 760 906 824 des
920 761 1094 846 Apostoles
1109 771 1290 828 antecessor

179 891 260 932 suns
289 867 354 931 fuit
380 866 513 932 seisitus
536 872 574 929 ut
599 864 642 928 de
666 863 758 928 feodo
784 871 818 928 et
847 864 889 928 de
914 863 985 928 iure
1009 872 1044 928 et
1071 865 1107 928 in
1129 865 1289 932 dominico

178 974 234 1037 die
249 995 316 1058 quo
331 971 422 1036 obiit

248 1077 294 1140 Et
322 1075 412 1140 idern
442 1073 602 1160 Magister
624 1073 717 1136 uenit
745 1095 851 1137 eorem
879 1071 1065 1136 iusticiariis
1087 1081 1121 1136 et
1144 1073 1289 1138 defendit

178 1181 232 1244 ius
262 1203 361 1244 suum
386 1187 421 1243 et
444 1178 597 1242 seisinsm
632 1176 771 1262 predicti
807 1176 952 1262 Philippi
982 1185 1016 1240 et
1052 1177 1161 1262 posuit
1190 1200 1224 1242 ss
1253 1178 1288 1242 in

177 1286 325 1350 iuratam
344 1283 524 1348 secundum
547 1282 812 1346 consuetudinem
835 1281 980 1346 ciuitatis
1001 1282 1043 1346 ad
1065 1305 1288 1368 recognoscen-

176 1389 259 1452 dum
283 1397 399 1452 utrum
420 1386 585 1472 predictus
606 1385 776 1471 Philippus
798 1385 855 1450 des
878 1385 1050 1471 Apostoles
1071 1387 1134 1450 fuit
1160 1387 1289 1451 seisitus

177 1493 220 1556 de
250 1491 403 1578 predicta
427 1499 515 1554 terra
544 1497 578 1553 et
606 1489 771 1574 mesuagio
801 1495 839 1552 ut
869 1487 910 1552 de
938 1488 1030 1552 feodo
1059 1497 1118 1552 etc.
1148 1489 1201 1553 die
1224 1511 1290 1576 quo

181 1595 267 1659 obiit
297 1594 355 1658 uel
386 1615 459 1668 non,
488 1590 665 1655 secundum
694 1590 780 1676 quod
809 1589 991 1675 predictum
1021 1599 1079 1656 est.
1124 1593 1183 1657 Set
1212 1594 1289 1680 quie

1301 1601 1356 1640 Note
1364 1599 1390 1641 dc
1397 1601 1443 1641 lure

1300 1647 1377 1687 neunt
1387 1649 1443 1688 Line*

177 1697 344 1782 placitum
367 1694 452 1759 illud
476 1694 540 1758 fuit
565 1693 600 1756 in
625 1715 751 1757 recessu
781 1693 1000 1778 predictorum
1031 1694 1288 1775 iusticias-iorum,
1342 1705 1383 1734 ⁰⁸⁰
1398 1706 1443 1736 *¹⁸¹*

1300 1695 1421 1790 &ridie

177 1811 213 1866 et
244 1801 336 1865 idem
365 1797 537 1865 iusticiarii
565 1821 631 1861 non
658 1805 836 1882 potuerunt
864 1797 1004 1862 iuratam
1034 1799 1124 1864 illem
1157 1810 1289 1888 propter
1300 1799 1351 1838 ”¹¹³²
1359 1790 1421 1838 ⁶⁰⁸7·

178 1907 371 1972 libertatem
408 1903 552 1969 ciuitatis
588 1902 667 1967 alibi
703 1911 795 1966 extra
827 1902 996 1968 ciuitatem
1035 1905 1172 1990 eapere¹‚
1201 1907 1288 1973 idem

179 2008 357 2074 iusticiarii
382 2013 597 2094 preceperunt
626 2006 798 2092 deulpho
820 2007 886 2071 filio
908 2009 1081 2095 Reginnldi
1102 2018 1181 2075 tunc
1202 2011 1288 2076 uice·

179 2113 295 2179 comiti
324 2112 492 2177 Lineolnie
516 2120 555 2176 ut
577 2133 682 2175 coram
705 2133 743 2175 eo
765 2118 799 2176 et
823 2133 929 2176 coram
953 2112 1073 2177 maiore
1099 2121 1133 2177 et
1159 2113 1289 2180 belliuis

179 2228 214 2284 et
237 2219 353 2306 probis
378 2217 564 2281 hominibus
587 2215 759 2293 Lincolnie‚
781 2225 912 2302 caperet
934 2217 1074 2281 iuratam
1096 2217 1194 2296 illem,
1216 2243 1286 2306 pre-

178 2326 333 2390 sentibus
347 2323 427 2409 ipsis
442 2321 594 2407 Philippo
609 2321 695 2408 Gery
710 2330 744 2386 et
760 2322 916 2409 Magistro
930 2321 1075 2388 Ricards

247 2429 293 2492 Et
323 2425 503 2490 uicecomes
528 2424 622 2488 uenit
647 2433 681 2488 et
706 2423 891 2488 recordatur
921 2423 1007 2509 quod
1036 2424 1175 2489 iuratam
1199 2426 1288 2491 illem

179 2533 303 2619 eligere
326 2529 404 2594 fecit
424 2529 556 2614 pluries,
576 2528 625 2592 its
645 2529 732 2614 quod
753 2529 877 2594 amouit
898 2551 1009 2593 omnes
1030 2529 1186 2594 iuratores
1208 2553 1287 2616 quos

178 2633 270 2696 idem
294 2629 468 2714 Philippus
489 2649 639 2692 amouere
663 2627 769 2692 uoluit
789 2628 844 2692 uel
866 2627 982 2713 potuit,
1003 2629 1056 2692 uel
1079 2651 1157 2714 quos
1179 2631 1287 2717 aliquo

179 2735 278 2799 modo
293 2733 455 2798 essoniare
469 2732 586 2817 potuit,
601 2739 636 2796 st
650 2731 752 2796 eciam
767 2731 824 2817 qui
845 2733 1002 2796 tenebant
1022 2731 1062 2797 de
1077 2735 1288 2800 tenementis¹

178 2840 284 2925 ipsius
300 2835 494 2903 Cancellarii
508 2844 543 2900 et
558 2835 660 2902 dedis
674 2836 822 2921 pertibus
840 2836 928 2900 diem
950 2835 991 2900 ds
1008 2835 1116 2900 iurata
1132 2837 1289 2922 capienda

179 2951 215 3007 et
237 2939 374 3005 interIm
396 2947 481 3002 terre
506 2937 614 3001 uisum
641 2937 711 3001 fieri
739 2937 824 3016 lecit,
850 2945 884 3002 et
909 2945 982 3022 post
1006 2937 1113 3002 uisum
1136 2938 1178 3003 sd
1201 2939 1287 3004 diem

179 3045 228 3110 eis
242 3044 361 3108 datum
379 3049 540 3106 uenerunt
560 3041 717 3106 iuratores
738 3049 773 3105 et
792 3041 942 3105 similiter
961 3041 1098 3126 predicti
1118 3043 1288 3129 Philippus

180 3157 216 3213 et
246 3146 407 3234 Magister
436 3144 600 3222 Ricardus
627 3153 661 3209 et
691 3167 766 3209 oum
795 3145 918 3230 primus
947 3145 1125 3210 iuratorum
1155 3147 1288 3212 deberet
1362 3155 1416 3195 0⁰⁹

179 3251 289 3315 iurare
310 3249 489 3314 secundum
512 3249 597 3334 quod
619 3257 727 3334 partes
749 3257 985 3326 consenserant,
1000 3259 1035 3314 et
1056 3251 1143 3316 idem
1165 3253 1288 3318 iurator

180 3376 319 3418 manum
349 3375 441 3416 suem
471 3375 568 3438 super
597 3353 715 3417 librum
739 3359 874 3428 teneret,
898 3352 985 3416 idem
1011 3353 1181 3441 Philippus
1204 3356 1288 3421 dixit

181 3457 270 3544 quod
291 3457 435 3521 iuratam
456 3456 547 3520 illam
573 3479 637 3521 non
660 3456 859 3534 admitteret,
884 3465 934 3521 set
960 3458 1072 3523 stetim
1098 3460 1228 3524 recessit
1253 3469 1288 3524 et

181 3569 321 3624 uooetus
344 3560 443 3623 semel
469 3559 609 3624 secundo
639 3567 673 3623 et
702 3558 804 3624 tercio
833 3568 868 3623 et
896 3560 1018 3645 pluries
1043 3571 1082 3626 ut
1110 3563 1230 3626 rediret
1253 3572 1288 3627 et

180 3664 314 3728 audiret
342 3663 483 3727 iuratam
512 3663 547 3727 in
576 3685 674 3749 quem
704 3685 810 3728 ocrem
841 3663 1027 3729 iusticien'is
1055 3667 1224 3744 consensit,
1253 3677 1288 3730 et

181 3767 289 3831 noluit
304 3767 419 3843 redire,
433 3789 492 3831 nec
509 3775 622 3852 postes
642 3789 748 3832 coram
771 3764 853 3831 iud'⁴
868 3765 973 3830 uoluit
993 3789 1186 3853 comparere,
1201 3769 1288 3834 unde

181 3873 291 3936 iurata
317 3871 375 3934 illa
396 3871 551 3935 remansit
573 3871 737 3957 capienda,
759 3893 797 3934 eo
819 3870 905 3956 quod
926 3871 1013 3934 idem
1038 3871 1207 3959 Philippus
1229 3875 1288 3940 teli

182 3975 279 4038 modo
301 3973 434 4038 recessit
456 3973 525 4036 sine
548 3972 688 4038 licencia
735 3975 778 4038 Et
800 3974 874 4038 ideo
895 3973 982 4038 idem
1009 3975 1179 4062 Philippus
1201 4001 1287 4042 surn-

181 4087 356 4144 moneatur
370 4077 457 4164 quod
472 4077 515 4141 sit
530 4100 636 4142 coram
656 4078 770 4142 eodem
793 4078 934 4143 Martino
953 4079 997 4144 de
1015 4081 1179 4146 Pateshill'
1195 4083 1287 4147 audi-

181 4193 276 4247 turus
291 4181 450 4246 iudicium
465 4201 562 4244 suum
576 4179 660 4245 inde.

213 4311 224 4345 ¹
241 4311 289 4361 See
307 4311 353 4360 the
371 4309 486 4360 Irincoln
505 4309 629 4371 cherters,
652 4309 713 4360 Rot.
764 4309 840 4360 mede
860 4313 956 4362 several
973 4313 1129 4364 corrections
1143 4312 1226 4363 which
1244 4327 1289 4363 are

184 4378 256 4427 sart.
267 4391 293 4439 p.
305 4379 329 4436 5,
342 4376 384 4426 56.
764 4381 812 4426 not
820 4391 881 4437 very
892 4377 991 4438 legible.

213 4443 341 4500 ³deten',
353 4439 497 4491 interlined
509 4439 542 4502 by
552 4444 701 4490 annotator.
796 4441 875 4490 ⁴iud’
907 4442 1045 4494 interlined
1075 4445 1109 4507 by
1135 4447 1289 4503 ennotct0r3

213 4509 224 4541 ¹
241 4507 294 4558 The
310 4511 457 4558 motator
476 4505 525 4555 hes
540 4507 568 4554 in
586 4505 639 4554 this
656 4505 714 4568 ples
764 4508 891 4556 indicitur
904 4508 945 4572 (t).
