3360 5236
363 459 425 520 580
658 467 799 530 uniar,
822 469 885 518 nn.
911 455 1005 530 1233,
1028 468 1090 518 aa.
1116 451 1164 522 17.

361 645 539 709 confectam
563 645 650 709 inter
673 645 776 731 ipsam
800 653 834 709 et
859 643 1034 709 Ricardum
1058 643 1111 709 et¹
1136 643 1328 730 Stupelsord’
1352 653 1386 710 et
1408 667 1473 731 que

362 754 503 812 testatur
524 745 610 833 quod
632 747 704 832 ipsa
725 746 876 812 uendidit
896 746 1076 812 custodiam
1093 746 1182 810 illam
1199 745 1305 811 eidem
1321 746 1474 812 Roberto.

362 851 452 916 Dicit
481 852 584 916 eciam
614 849 700 937 quod
730 851 871 916 Thomas
901 851 1045 929 Peuerel,
1076 851 1176 937 Hugo
1207 849 1293 916 filius
1329 851 1476 927 Roberti,

362 956 508 1041 Rogerus
537 955 577 1019 de
608 955 778 1040 Gaylham,
805 955 946 1021 Thomas
975 955 1062 1020 filius
1087 955 1222 1020 Henrici
1248 956 1305 1042 qui
1330 965 1408 1020 sunt
1434 954 1477 1019 de

362 1060 475 1124 eodem
500 1067 689 1124 tenemento
710 1059 780 1124 siue
807 1059 946 1124 reddant
968 1057 1009 1126 de
1035 1058 1166 1124 redditu
1192 1058 1266 1146 plus
1289 1059 1343 1124 uel
1366 1059 1478 1122 miuus

361 1163 484 1228 debent
505 1162 546 1228 de
568 1162 690 1227 releuio
705 1185 730 1229 c.
746 1163 802 1227 sol.
818 1171 852 1227 et
873 1161 960 1249 quod
982 1163 1114 1227 suerunt
1136 1161 1171 1226 in
1193 1161 1348 1240 custodia,
1363 1169 1397 1226 et
1412 1161 1477 1247 ipsi

363 1277 528 1354 presentes
542 1276 620 1332 sunt
635 1276 669 1332 et
685 1267 745 1332 hoc
760 1275 957 1354 cognoscunt
973 1275 1007 1332 et
1028 1275 1193 1332 testantur
1212 1267 1298 1352 quod
1320 1267 1478 1332 uiderunt

363 1372 545 1458 predictum
561 1371 741 1436 Henricum
757 1394 826 1436 esse
843 1371 877 1435 in
892 1370 1040 1435 custodia
1054 1370 1156 1456 ipsius
1171 1369 1353 1434 Abbatisse.

428 1475 473 1538 Et
502 1475 614 1560 Agnes
644 1473 737 1537 uenit
767 1481 801 1537 et
830 1473 912 1538 dicit
938 1472 1024 1559 quod
1051 1471 1179 1536 nullum
1205 1471 1374 1536 denarium
1400 1469 1479 1534 dare

363 1578 491 1652 debent,
514 1578 599 1642 sicut
625 1577 665 1642 de
692 1563 829 1642 seruicio
859 1576 1002 1653 militari,
1028 1583 1062 1640 et
1088 1575 1168 1640 dicit
1197 1575 1283 1661 quod
1312 1574 1480 1660 predictus

364 1680 526 1745 Henricus
550 1703 614 1744 non
641 1679 704 1744 fuit
730 1679 764 1744 in
791 1679 938 1744 custodia
961 1703 1020 1744 nec
1046 1701 1116 1743 esse
1142 1677 1265 1755 debuit,
1289 1686 1340 1743 set
1363 1697 1480 1742 reuera

364 1782 493 1869 quando
522 1791 616 1869 puter
645 1781 748 1868 ipsius
778 1781 913 1846 Henrici
944 1789 1092 1846 mortuus
1122 1780 1185 1844 fuit
1215 1781 1307 1846 uenit
1337 1779 1478 1866 quedam

363 1885 541 1952 Abbatissa
573 1883 737 1950 Gristiana
766 1892 800 1948 et
830 1884 918 1970 cepit
947 1907 1064 1972 pueros
1093 1886 1127 1950 in
1157 1908 1290 1950 manum
1320 1907 1413 1950 suam
1443 1895 1480 1950 ct

365 1989 547 2076 predictum
571 1988 751 2053 Henricum
774 1989 934 2066 similiter,
949 1989 997 2054 ita
1016 1990 1081 2054 scil.
1099 1989 1335 2076 quodquidam
1351 1989 1480 2054 Willel-

366 2115 438 2158 mus
453 2091 494 2156 de
510 2093 594 2156 Acte
609 2091 775 2177 proximus
796 2114 911 2177 parens
932 2091 1033 2178 ipsius
1057 2091 1192 2156 Henrici
1215 2091 1280 2156 scil.
1296 2091 1481 2157 auunculus
1510 2179 1512 2183 Ι

366 2194 572 2281 recuperauit
587 2195 766 2260 custodiam
783 2195 872 2260 illam
891 2217 997 2260 coram
1014 2196 1051 2261 G.
1068 2197 1135 2260 filio
1151 2195 1263 2273 Petri²,
1280 2196 1421 2281 Symone
1437 2196 1479 2261 de

367 2299 580 2365 Paeheshulla
605 2309 640 2364 et
667 2299 761 2365 sociis
784 2301 851 2391 suis
874 2309 956 2386 aput
980 2301 1109 2366 Turrim
1132 2309 1170 2366 ut
1193 2300 1233 2365 de
1255 2301 1400 2387 soccagio
1419 2323 1481 2387 per

367 2405 656 2470 consideracionem
680 2403 768 2469 curie
792 2404 886 2468 Dom.
902 2403 1001 2490 Regis
1024 2411 1059 2468 et
1081 2403 1171 2468 illam
1193 2412 1307 2490 postea
1328 2403 1481 2470 uendidit

367 2506 505 2570 Ricardo
525 2505 565 2571 dc
590 2505 813 2592 Stapelfordia,
829 2513 863 2570 et
885 2506 972 2570 unde
995 2505 1076 2570 dicit
1098 2505 1184 2592 quod
1206 2505 1293 2570 idem
1317 2505 1481 2570 Hem-icus

370 2633 434 2674 non
447 2609 510 2674 fuit
521 2609 556 2674 in
568 2609 714 2674 custodia
725 2631 784 2694 per
798 2608 1006 2674 Abbatissam
1021 2618 1072 2674 set
1087 2631 1145 2695 per
1159 2607 1343 2695 predictum
1352 2610 1479 2674 willel-

369 2736 467 2778 mum.
506 2713 596 2778 Dicit
616 2713 717 2778 eciam
734 2713 820 2799 quod
836 2721 921 2778 terra
935 2721 970 2777 et
986 2721 1212 2778 tenementum
1227 2713 1328 2799 ipsius
1344 2715 1482 2778 Henrici

370 2839 434 2880 non
449 2815 547 2880 debet
562 2838 587 2880 c.
603 2815 658 2878 sol.
674 2814 714 2878 de
730 2815 852 2878 releuio
866 2838 926 2880 nec
941 2816 1065 2902 aliquid
1084 2816 1276 2882 forinsecum
1297 2817 1481 2893 seruicium‚

370 2921 433 2985 nisi
447 2929 578 2985 tanturn
593 2919 635 2983 ad
650 2941 810 2982 summum
826 2919 927 2984 annui
942 2919 1089 2984 redditus
1098 2918 1118 2998 ³,
1134 2928 1168 2984 et
1189 2920 1276 3006 quod
1297 2921 1481 3006 predictum

371 3033 595 3090 tenementum
611 3023 738 3088 nullum
753 3023 852 3088 debet
867 3023 957 3088 aliud
971 3023 1140 3102 releuium,
1155 3032 1190 3090 et
1209 3025 1297 3110 quod
1316 3025 1483 3111 predictus

371 3129 532 3194 Henricus
552 3151 617 3192 uon
641 3127 705 3192 fuit
732 3126 766 3191 in
793 3127 940 3192 custodia
963 3127 1095 3192 Ricardi
1118 3127 1159 3192 dc
1184 3127 1402 3214 Stapelfordia
1424 3153 1484 3216 per

370 3235 472 3320 ipsam
496 3232 705 3298 Abbatissam
728 3239 778 3295 set
800 3255 859 3316 per
880 3231 987 3317 ipsum
996 3231 1205 3296 'Willelmum
1228 3232 1269 3296 de
1291 3233 1407 3319 Ayete‚
1421 3257 1482 3298 nec

371 3338 457 3424 quod
472 3337 618 3424 equitare
634 3336 751 3400 debeat
768 3345 861 3400 extra
879 3336 1024 3402 maneria
1037 3337 1096 3401 uel
1120 3337 1251 3402 mittere
1275 3337 1481 3402 Franciscum

371 3441 425 3504 uel
449 3439 624 3525 Anglicum
648 3461 723 3502 cum
750 3460 816 3502 uno
840 3460 923 3524 equo
948 3437 1048 3524 precii
1074 3437 1150 3503 dim.
1174 3460 1280 3514 marce
1303 3438 1482 3504 secundum

371 3541 457 3627 quod
472 3540 654 3625 predictum
670 3547 728 3616 cst,
743 3539 806 3603 uisi
821 3539 906 3604 infra
920 3540 1065 3604 maneria
1084 3539 1187 3626 ipsius
1210 3540 1392 3606 Abbatisse.
1437 3543 1483 3606 Et

371 3646 446 3711 inde
462 3645 554 3731 ponit
569 3667 603 3709 se
619 3667 716 3729 super
730 3643 878 3730 patriam.
924 3645 969 3710 Et
983 3644 1160 3710 Abbatissa
1174 3645 1260 3730 petit
1281 3644 1439 3710 iudicium
1455 3647 1483 3710 si

370 3751 488 3816 debeat
504 3750 534 3814 ei
549 3749 740 3834 respondere
756 3748 796 3814 de
813 3749 872 3814 tali
887 3749 1012 3815 seisina

436 3855 553 3920 Postea
567 3875 587 3918 a
601 3852 653 3918 die
670 3851 701 3917 S.
719 3852 815 3918 Mich.
831 3853 866 3917 in
876 3853 901 3938 j.
917 3875 1061 3918 mensem
1078 3854 1170 3918 uenit
1185 3854 1292 3919 iurata
1311 3854 1352 3919 ad
1372 3876 1483 3941 recog-

371 3956 567 4023 noscendum
583 3956 611 4021 si
626 3955 788 4020 Henricus
803 3956 843 4021 dc
856 3957 1027 4021 Dakeham
1043 3957 1206 4043 quondam
1221 3958 1273 4023 uir
1286 3958 1426 4045 Agnetis
1441 3959 1484 4024 dc

371 4063 542 4128 Dakeham
565 4061 628 4126 suit
650 4061 685 4126 in
707 4061 854 4127 custodia
875 4062 1006 4128 Ricardi
1028 4061 1068 4128 de
1091 4062 1308 4149 Stapelsordia
1324 4085 1382 4148 per
1397 4062 1485 4128 Cris-

372 4168 495 4231 tianam
525 4165 687 4252 quondam
718 4167 926 4232 Abbatissam
954 4167 994 4231 de
1023 4167 1187 4255 Berkinge
1214 4189 1276 4254 que
1302 4165 1483 4232 custodiam

405 4356 413 4388 ¹
432 4356 502 4404 corr.
514 4355 552 4405 de.
982 4356 992 4388 ³
1010 4355 1066 4407 The
1083 4359 1209 4419 soouger's
1227 4357 1302 4408 relies
1308 4375 1314 4418 3
1333 4373 1383 4409 ono
1399 4361 1485 4422 year's

404 4420 552 4484 ’Geoffrey
569 4420 627 4470 Fitz
652 4421 734 4480 Peter,
754 4421 825 4470 chief
844 4421 896 4484 juo·
950 4426 1016 4471 rent.

372 4485 447 4536 ticiur
459 4487 486 4534 in
498 4485 591 4535 John'n
603 4486 684 4548 reign.
