3276 5234
338 433 400 496 198
640 441 778 504 nisena,
800 439 865 489 an.
889 423 1069 497 1111111
1096 426 1144 488 11.

404 619 490 683 Item
505 618 540 682 in
554 623 676 704 puncto
690 615 747 679 illo
762 613 820 678 ubi
834 611 1043 678 recordantur
1053 611 1139 698 quod
1155 613 1318 678 Robertus
1328 615 1447 678 iterato

338 722 470 786 consilio
485 727 582 807 capto
602 717 694 783 uenit
716 725 750 780 et
768 715 915 780 defendit
936 715 988 779 ius
1009 737 1105 779 suum
1128 724 1162 780 et
1185 724 1292 806 totum
1314 725 1373 781 etc.
1390 739 1449 804 per

339 846 453 910 corpus
476 831 535 889 etc.
552 831 587 888 et
602 821 688 908 quod
708 821 769 885 hoc
784 819 862 885 fecit
881 819 983 906 gratis
1005 828 1185 904 spontanea
1206 821 1376 886 uoluntate
1398 844 1448 886 re-

340 927 456 992 cedens
481 927 628 1014 aprima
650 924 854 1011 responsione
876 945 944 1000 sua,
966 923 1047 987 dicit
1068 923 1155 989 idem
1179 925 1340 990 Robertus
1362 925 1449 1011 quod

339 1032 375 1096 in
389 1031 450 1096 hoc
463 1032 548 1096 male
563 1029 779 1105 recordantur,
794 1027 872 1113 quia
886 1026 1011 1092 dictum
1026 1028 1090 1092 fuit
1108 1028 1139 1093 ei
1159 1029 1194 1093 in
1212 1029 1369 1094 comitatu
1391 1029 1449 1092 illo

340 1156 399 1220 pro
418 1134 537 1200 iudicio
559 1133 683 1220 prolato
705 1155 763 1219 per
784 1153 819 1196 os
841 1130 1000 1196 Johannis
1022 1129 1063 1194 de
1084 1131 1272 1218 Westwyke
1293 1132 1378 1218 quod
1399 1154 1450 1196 re·

341 1237 468 1322 sponsio
483 1259 542 1302 sua
555 1237 646 1301 nulla
659 1236 732 1312 fuit,
743 1243 777 1301 et
792 1235 855 1300 nisi
869 1234 959 1300 aliud
973 1234 1104 1311 diceret,
1115 1235 1283 1300 amitteret
1297 1237 1449 1301 saisinam

341 1340 485 1427 predicte
500 1349 593 1416 terre,
609 1348 643 1404 et
661 1339 706 1404 sic
724 1339 849 1404 inuitus
869 1345 903 1403 et
926 1346 1017 1402 metu
1041 1345 1170 1402 coactus
1190 1337 1335 1402 mutauit
1357 1361 1448 1402 snam

342 1445 588 1530 responsionem,
600 1453 634 1508 et
649 1443 733 1508 dixit
748 1442 949 1508 defendendo
963 1441 1015 1506 ius
1029 1463 1125 1506 suum
1140 1441 1188 1506 ita
1202 1440 1289 1527 quod
1304 1441 1449 1506 duellum

342 1546 512 1610 uadiatum
528 1545 591 1610 fuit
613 1545 774 1610 inter'eos
797 1553 836 1609 111
858 1543 1039 1630 predictum
1063 1551 1120 1608 est.
1167 1543 1211 1606 Et
1232 1543 1274 1607 ad
1296 1543 1356 1608 hoc
1377 1566 1450 1628 pro-

342 1649 487 1715 bandum
517 1650 669 1736 produxit
699 1659 800 1714 testes
829 1649 888 1714 iur'
911 1672 945 1714 se
975 1648 1035 1713 hoc
1064 1648 1227 1713 audiuisse
1257 1656 1292 1712 et
1320 1648 1450 1724 uidisse,

344 1761 378 1816 et
407 1751 540 1838 insuper
564 1750 617 1816 et¹
640 1752 699 1816 hoc
721 1751 842 1837 optulit
865 1749 1061 1815 dnacionare
1083 1773 1278 1836 percorpus
1307 1757 1367 1816 etc.
1393 1752 1450 1836 qui

345 1865 424 1921 tunc
446 1879 577 1942 presens
599 1855 662 1920 fuit
684 1855 719 1920 in
741 1855 899 1920 comitatu
921 1863 956 1918 et
978 1855 1039 1919 hoc
1060 1854 1147 1918 uidit
1169 1861 1203 1918 et
1226 1853 1355 1918 audiuit
1380 1855 1450 1919 siue

344 1957 508 2045 probando
531 1981 725 2044 percorpus
747 1958 891 2022 eiusdem
914 1957 1000 2044 quod
1022 1958 1067 2022 sic
1089 1957 1153 2020 fuit
1174 1957 1259 2022 sicut
1281 1957 1373 2034 dixit,
1395 1959 1449 2022 uel

344 2063 545 2128 defendendo
559 2062 726 2126 reoordum
741 2060 823 2125 illud
837 2059 924 2146 quod
938 2059 987 2124 ita
1005 2082 1070 2124 non
1086 2059 1150 2124 fnit
1169 2059 1255 2125 sicut
1275 2061 1451 2126 comitatus

346 2167 434 2243 dicit,
449 2167 533 2231 sicut
548 2165 637 2230 curia
652 2163 867 2229 consideraret
876 2162 895 2227 ².

411 2269 456 2332 Et
477 2267 651 2332 comitatus
673 2289 731 2352 per
752 2265 912 2350 predictos
938 2264 995 2350 iiij.
1022 2265 1145 2330 milites
1169 2263 1338 2352 ”presente
1364 2267 1451 2332 uice-

240 2403 243 2410 ·
345 2371 479 2436 comite⁸
490 2372 583 2436 offert
597 2370 732 2457 probare
747 2369 801 2434 uel
817 2367 988 2434 defendere
1003 2368 1098 2433 modo
1112 2369 1257 2455 predicto
1268 2392 1452 2457 percorpus

346 2474 419 2540 eto.⁴
433 2475 490 2560 qui
504 2496 635 2561 presens
650 2473 713 2538 fuit
729 2481 789 2538 etc.
804 2472 888 2536 sicut
903 2471 993 2536 curia
1007 2479 1066 2536 etc

412 2578 529 2643 Postea
550 2599 656 2642 coram
678 2575 864 2640 iusticiariis
893 2582 975 2659 aput
1003 2575 1328 2640 westmonasterium
1359 2575 1451 2640 uenit

346 2683 531 2748 Willelmus
545 2683 575 2747 le
591 2682 690 2746 Neuu
706 2688 741 2745 et
754 2679 835 2744 dicit
851 2678 936 2764 quod
951 2678 1117 2765 legitimus
1132 2688 1182 2745 est
1197 2689 1231 2744 et
1249 2681 1290 2746 de
1304 2681 1451 2768 legitimo

347 2786 551 2852 matrimonio
562 2786 650 2850 sicut
665 2785 705 2850 de
721 2807 820 2848 uxore
834 2783 1050 2868 (1111110111111111
1069 2792 1103 2848 et
1123 2783 1183 2849 hoc
1203 2786 1299 2850 offert
1318 2786 1451 2872 probare

347 2892 405 2956 ubi
419 2899 454 2955 et
469 2887 597 2976 quando
611 2888 746 2974 probare
761 2886 902 2952 debebit.

414 2996 457 3060 Et
471 2994 655 3060 Willelmus
669 2991 756 3056 filius
767 2991 896 3056 Ricardi
912 2991 1005 3056 uenit
1020 3000 1054 3056 et
1069 2991 1129 3056 hoc
1148 2992 1295 3058 defendit
1313 3002 1348 3058 et
1367 2993 1453 3078 petit

347 3099 423 3166 inde
445 3100 585 3164 iuratam
594 3095 614 3174 ⁰,
630 3104 665 3162 et
683 3096 760 3182 quia
781 3096 842 3160 hoc
864 3118 929 3160 non
950 3104 1059 3182 potest
1080 3097 1201 3182 inquiri
1222 3097 1286 3162 nisi
1307 3097 1341 3162 in
1363 3097 1454 3161 curia

348 3203 579 3282 cristianitatis,
594 3210 629 3266 et
642 3209 790 3286 preterea
804 3199 929 3285 campio
949 3200 1050 3285 ipsius
1065 3200 1200 3265 Roberti
1222 3201 1365 3266 tenentis
1387 3223 1452 3264 non

349 3309 442 3374 uenit
456 3315 600 3372 armatus
614 3305 656 3369 ad
671 3304 871 3380 comitatum,
885 3325 945 3368 nec
960 3304 1081 3390 poterit
1098 3304 1173 3369 inde
1193 3305 1264 3370 fieri
1284 3303 1453 3390 inquisicio

348 3413 383 3478 in
406 3413 497 3498 layca
514 3409 611 3486 curia,
632 3407 878 3475 consideratum
896 3407 1055 3492 estquod
1076 3407 1261 3472 Willelmns
1280 3408 1310 3472 le
1334 3405 1453 3471 Neuu²

349 3515 464 3603 probet
486 3535 519 3578 se
546 3511 730 3599 legitimum
759 3511 794 3576 in
823 3511 913 3576 curia
941 3511 1171 3576 cristianitatis.
1217 3511 1261 3575 Et
1291 3511 1455 3575 Robertus

349 3617 504 3685 concessit
519 3616 605 3703 quod
619 3616 682 3680 nisi
706 3615 792 3680 idem
807 3615 991 3680 Willelmus
1012 3615 1114 3700 possit
1135 3613 1269 3700 probare
1291 3636 1326 3678 se
1346 3614 1454 3701 legiti-

349 3744 440 3788 mum
460 3721 544 3785 infre
565 3717 741 3783 terminum
763 3740 784 3782 a
805 3718 895 3782 curia
916 3719 1040 3782 domini
1055 3718 1155 3804 Regis
1177 3716 1208 3782 ei
1229 3716 1353 3794 datum,
1367 3716 1454 3803 quod

349 3827 513 3914 predictus
532 3823 716 3888 Willelmus
737 3823 824 3888 fliius
846 3823 977 3888 Ricardi
999 3830 1166 3909 recuperet
1187 3821 1338 3886 saisinam
1360 3843 1453 3886 suam

349 3932 419 3996 sine
447 3929 555 3994 duello
576 3928 633 3992 nel
658 3926 723 3991 alia
747 3926 904 3992 dilacione
930 3928 1020 3992 saluo
1040 3938 1154 4013 postea
1176 3925 1246 3991 inre
1271 3924 1455 3991 cuiuslibet.

350 4037 394 4101 Et
409 4033 598 4100 mandatum
618 4039 672 4096 est
693 4031 849 4117 Episcopo
868 4031 1083 4096 Londoniensi
1102 4031 1187 4118 quod
1202 4029 1299 4094 faciat
1318 4028 1453 4114 inquisi-

382 4213 393 4246 ¹
410 4212 481 4263 omit
492 4221 516 4262 11
527 4213 566 4276 (t).
925 4214 1058 4262 comitatus
1066 4211 1454 4274 Willelmidedlrescrdnomiae,

382 4279 393 4311 ²
409 4278 464 4327 The
475 4277 577 4328 version
588 4279 616 4328 ot
631 4277 684 4328 this
701 4277 759 4342 ploa
773 4277 802 4327 in
817 4277 875 4327 Bis
925 4277 956 4326 B.

350 4349 397 4394 not
408 4359 437 4392 so
449 4343 504 4394 11111
958 4343 969 4375 ⁸
986 4343 1112 4403 lepitimm
1121 4348 1331 4400 111111111111111,
1345 4339 1375 4391 B.

382 4409 422 4442 ³·³
437 4416 462 4458 11
472 4411 646 4470 vicecomitem,
660 4409 691 4458 B.
957 4406 968 4440 ⁸
985 4407 1046 4465 iur’;
1065 4421 1093 4456 so
1105 4406 1134 4456 in
1145 4407 1176 4456 Β.

376 4475 540 4540 ,4111111111
557 4475 630 4524 litori
648 4475 874 4524 1111111111111111111
956 4472 968 4505 ⁷
985 4474 1087 4534 Newou,
1101 4471 1131 4520 B.
