3276 5234
353 459 494 544 [Hitory
517 456 585 522 aad
606 457 731 534 aare,
753 471 818 522 nn
841 459 935 534 1228,
957 471 1020 522 nn
1045 448 1108 541 12]
1218 463 1281 525 229

167 645 344 710 senescalli
379 643 502 710 Oecilie
532 666 652 730 proeue
682 641 757 708 sue¹
788 650 822 708 et
858 649 972 729 postea
1007 643 1152 730 Rogerus
1189 653 1282 730 pater

168 748 278 834 ipsius
307 746 501 832 Randulphi
531 755 601 811 toto
624 755 769 832 ternpore
799 768 857 810 suo
880 746 1031 811 similiter
1053 769 1112 833 per
1140 748 1280 835 assigna-

167 853 298 916 tionem
334 851 479 916 eiusdem
518 850 683 915 senescalli
712 850 788 914 fecit
818 849 953 915 eandem
990 859 1111 916 sectam
1141 861 1176 917 et
1204 853 1280 918 inde

166 955 266 1040 ponit
296 972 333 1018 se
358 975 456 1038 super
477 952 618 1038 patriam
639 959 674 1016 et
700 952 914 1038 Rendulphus
939 953 1096 1020 similiter.
1141 955 1185 1019 Et
1207 955 1280 1021 ideo

166 1059 227 1123 fiat
244 1059 358 1123 iurata
372 1065 407 1122 et
428 1057 541 1122 ueniat
560 1055 566 1143 Ι
585 1079 606 1121 a
624 1056 677 1120 die
697 1056 819 1120 Pasche
839 1057 874 1121 in
893 1081 944 1123 xv.
964 1058 1033 1122 dies
1052 1059 1094 1123 ad
1114 1082 1280 1146 recognos-

166 1161 325 1238 cendum,
361 1160 390 1224 si
426 1158 627 1246 Reginnldus
663 1159 845 1224 auunculus
885 1160 1005 1246 Rogeri
1041 1163 1142 1247 patris
1178 1163 1280 1249 ipsius

167 1265 345 1350 Radutphi
373 1265 451 1329 fecit
480 1263 657 1350 predictam
681 1273 802 1328 sectam
828 1264 871 1328 nd
896 1265 1075 1350 predictam
1099 1267 1221 1333 curiam
1245 1278 1280 1334 et

166 1369 318 1433 reddidit
341 1367 503 1454 predictos
525 1365 606 1430 duos
627 1366 751 1443 solidos,
775 1375 809 1431 et
838 1367 866 1432 si
895 1367 983 1434 idem
1012 1369 1158 1456 Rogerus
1187 1380 1281 1456 pater

167 1473 275 1558 ipsius
305 1469 475 1555 Radulphi
504 1477 574 1533 toto
603 1477 748 1554 tempore
777 1492 836 1534 suo
865 1470 1015 1536 similiter
1043 1473 1120 1537 fecit
1144 1475 1278 1539 eandem

166 1587 296 1641 sectam
321 1585 357 1640 et
379 1575 467 1639 idern
494 1573 666 1638 seruicium
689 1595 748 1658 per
769 1573 1020 1659 assignationem
1047 1576 1213 1642 Michaelis
1238 1578 1279 1642 de

168 1683 333 1748 Stilordia
362 1679 530 1746 senescalli
560 1678 680 1744 Oecilie
709 1678 840 1763 proauis
871 1679 1016 1744 eiusdem
1041 1681 1167 1746 Warini
1192 1689 1226 1746 et
1252 1683 1280 1747 si

166 1787 259 1852 idern
283 1783 488 1872 Reginaldus
509 1789 543 1847 et
568 1781 713 1868 Rogerus
736 1781 919 1846 debuerunt
943 1783 1114 1848 seruicium
1138 1784 1220 1850 illud
1246 1795 1280 1850 et

167 1902 296 1958 sectam
319 1891 411 1955 illam
433 1890 474 1954 de
496 1889 575 1964 iure,
597 1887 674 1972 quia
696 1894 764 1951 tam
787 1886 940 1952 Warinus
961 1911 1060 1973 quarn
1086 1889 1279 1976 Radulphus

168 2001 356 2081 posuerunt
370 2014 406 2056 se
421 1991 610 2056 iniuratum
626 1991 723 2055 illam.

235 2099 285 2163 Et
300 2097 469 2164 sciendum
485 2094 639 2181 estquod
660 2094 836 2180 Episcopus
856 2095 948 2160 uenit
968 2119 1073 2160 coram
1095 2096 1280 2161 iusticisriis

169 2211 203 2266 et
233 2201 395 2288 eognouit
424 2199 510 2284 quod
539 2197 712 2284 destringit
740 2197 919 2282 predictam
957 2205 1075 2262 terram
1105 2221 1162 2283 pro
1191 2208 1280 2264 secta

169 2327 273 2390 quam
303 2302 459 2367 Wsrinus
487 2301 518 2366 ei
547 2301 645 2366 debet
673 2301 757 2366 sicut
787 2301 827 2365 de
857 2309 1043 2366 tenemento
1066 2302 1152 2387 quod
1177 2302 1218 2368 de
1242 2327 1279 2368 eo

169 2417 275 2474 tenet
322 2407 367 2470 Et
382 2405 535 2470 Werinus
549 2404 640 2490 ponit
656 2405 724 2469 loco
738 2427 796 2469 suo
811 2405 1007 2470 Nicholaum
1022 2405 1063 2470 de
1078 2406 1182 2472 Berk'.
1308 2461 1312 2471 .

121 2557 127 2568 .
235 2509 399 2574 Priorissa
417 2509 458 2572 de
474 2509 581 2572 Etona
595 2505 716 2592 optulit
731 2529 765 2572 se
784 2507 857 2592 iiijto
876 2507 930 2571 die
950 2530 1063 2572 uersus
1085 2509 1279 2595 Magistrum

171 2611 365 2696 [Alanum]¹
402 2611 570 2676 officialem
607 2609 731 2674 domini
767 2609 1012 2695 Wyntoniensis
1053 2611 1203 2698 Episcopi
1238 2611 1279 2680 de

171 2716 296 2802 placito
328 2737 428 2800 quere
458 2736 524 2778 non
553 2713 684 2778 admisit
715 2713 900 2778 iodoneam⁸
928 2736 1096 2799 personam
1133 2715 1175 2781 ad
1208 2739 1280 2802 pre-

171 2819 395 2884 sentationem
425 2817 577 2882 Priorisse
601 2817 642 2882 ad
672 2817 828 2902 cupellam
851 2816 891 2880 de
914 2817 1101 2883 Olenefeud’
1122 2819 1163 2884 de
1189 2820 1280 2886 cuius

171 2922 391 2988 aduocatione
420 2921 585 2986 contentio
613 2921 676 2986 tuit
705 2921 791 2984 inter
820 2921 923 3006 ipsam
952 2931 986 2986 et
1016 2923 1280 2990 Bartholomeum

172 3026 452 3092 Archidisconum
468 3025 734 3111 Wyntoniensem
749 3033 784 3089 et
804 3047 902 3111 quam
924 3033 1036 3110 postea
1055 3025 1281 3093 disrationauit

173 3153 284 3196 coram
309 3129 498 3196 iusticiuriis
526 3130 568 3194 ad
597 3129 657 3194 hoc
683 3128 861 3216 assignatis
908 3129 951 3193 Et
977 3129 1135 3217 Magister
1156 3133 1281 3198 Alanus

173 3258 239 3300 non
254 3233 353 3299 uenit
368 3241 428 3298 etc.
445 3242 479 3298 et
493 3233 684 3298 mandatum
699 3233 762 3298 fuit
778 3233 961 3298 uicecomiti
981 3235 1066 3320 quod
1087 3235 1281 3300 attachiaret

174 3339 291 3423 [eum]‚
323 3345 358 3402 et
395 3337 573 3401 uiceoomes
610 3336 779 3400 mandauit
809 3336 896 3422 quod
925 3359 990 3400 non
1026 3337 1127 3402 habet
1162 3339 1281 3403 laicum

174 3442 309 3507 feodum
335 3463 394 3526 per
414 3441 501 3527 quod
522 3439 674 3526 distringi
696 3440 796 3526 possit
822 3440 857 3504 in
882 3440 1005 3506 ballius
1029 3465 1094 3508 sua
1140 3443 1184 3507 Et
1209 3442 1282 3508 ideo

173 3546 245 3610 dies
273 3545 374 3609 datus
403 3551 454 3608 est
483 3543 588 3608 eidem
618 3544 770 3608 Priorisse
794 3567 814 3609 a
837 3543 889 3609 die
919 3545 1040 3611 Pasehe
1069 3545 1105 3610 in
1128 3569 1177 3612 xv.
1204 3547 1281 3624 dies,

174 3659 209 3714 et
247 3649 444 3714 mandatum
481 3657 531 3712 est
562 3647 732 3735 [Magistro
761 3648 867 3712 Alano
896 3649 993 3732 siout]
1031 3650 1159 3715 officiali
1196 3651 1280 3736 quod

174 3755 337 3818 admittat
373 3752 525 3817 clericum
543 3805 545 3811 .
561 3775 666 3829 suum,
699 3753 843 3838 alioquin
880 3753 1029 3817 dominus
1066 3753 1138 3818 Rex
1174 3755 1282 3840 capiat

175 3881 209 3922 se
234 3857 278 3922 ad
304 3855 493 3942 episcopum
522 3857 614 3920 cuius
643 3857 731 3921 uices
761 3857 868 3944 gerit⁴.
914 3859 957 3922 Et
983 3857 1163 3942 [Priorisse]
1190 3859 1282 3945 ponit

176 3963 247 4026 loco
269 3983 330 4025 suo
353 3959 489 4024 fratrem
515 3959 694 4025 Robertum
718 3961 759 4025 de
784 3962 934 4040 Lectona,
961 3963 1014 4026 uel
1044 3963 1176 4028 fratrem
1201 3963 1282 4027 Wil-

176 4064 314 4129 lelmum
330 4061 371 4126 de
387 4062 504 4127 Etona.
844 4057 848 4065 ’

66 4171 129 4236 ἓῖῖ.
245 4167 331 4233 Cum
359 4165 527 4231 contentio
556 4175 640 4232 esset
669 4168 756 4234 inter
783 4167 877 4233 Dom.
907 4168 1031 4254 Regem
1061 4177 1096 4233 et
1125 4169 1219 4233 Dom.
1252 4169 1283 4236 S.
1339 4193 1403 4244 neni,

212 4365 223 4460 ζ
235 4367 342 4428 pronote
352 4380 406 4423 sae,
415 4363 531 4440 Wnrin's
542 4370 699 4443 ancestress.
790 4367 802 4464 z
818 4367 888 4416 corr,
900 4368 1023 4415 idoneam.

179 4429 706 4558 seleucum
759 4431 1286 4560 ,grrrtznuceesrr
