3360 5236
379 423 442 487 602
674 439 824 501 rarrurr,
847 439 912 490 an.
937 427 1030 500 1233,
1052 440 1116 489 aa
1141 424 1190 492 17.

376 610 490 677 dicunt
505 611 591 698 quod
606 611 729 678 hahent
749 611 928 698 predictam
948 611 1074 679 aduoc’¹
1090 613 1223 678 ecclesie
1243 612 1284 678 de
1304 613 1487 701 Wullinge·

376 715 452 780 ham
468 724 507 780 ut
521 715 562 781 de
582 717 797 794 feoffamento,
813 725 847 782 et
869 726 996 803 partem
1016 719 1051 782 in
1071 727 1231 804 proparte‚
1247 727 1281 783 et
1300 718 1487 784 Alexander

375 820 475 886 nichil
487 820 630 886 ostendit
642 819 728 907 quod
739 821 782 885 sit
793 819 834 885 de
845 819 1011 907 proparte'
1022 845 1086 886 non
1097 821 1219 888 dedicit
1231 823 1485 900 feoffamentum‚

376 923 623 990 Consideratum
638 933 689 990 est
704 925 790 1010 quod
806 925 983 990 Nicholaus
999 933 1033 991 et
1049 926 1209 996 Amabilis
1229 926 1305 992 inde
1320 926 1434 1014 quieti,
1450 935 1485 991 et

374 1029 560 1095 Alexander
580 1030 616 1094 in
638 1029 864 1106 misericordia,
879 1038 912 1094 et
932 1032 1100 1118 perquirat
1120 1031 1182 1096 sibi
1202 1054 1260 1118 per
1279 1033 1370 1097 aliud
1384 1032 1485 1097 breue

374 1133 402 1199 si
417 1131 589 1199 crediderit
604 1155 637 1197 se
653 1133 705 1198 ius
719 1131 795 1198 inda
810 1133 937 1198 habere.

312 1275 321 1292 ·
438 1237 550 1302 Assisa
586 1237 678 1302 uenit
715 1237 920 1323 recognitum
955 1236 984 1302 si
1017 1236 1179 1302 Martinus
1207 1238 1295 1304 filius
1324 1239 1486 1305 Gileberti

374 1339 494 1405 minete
524 1349 583 1405 etc.
614 1340 791 1406 dieseisiuit
823 1339 1047 1406 Alexandrum
1084 1342 1124 1406 de
1154 1341 1412 1428 Frochingeham
1451 1353 1485 1408 et

374 1444 554 1509 Robertum
569 1444 610 1510 de
625 1445 755 1529 Alkeby
770 1443 810 1508 de
826 1443 927 1508 libero
942 1452 1130 1510 tenemento
1141 1467 1199 1510 suo
1210 1447 1245 1510 in
1260 1446 1483 1534 Buringeham

374 1557 446 1633 post
460 1549 598 1634 primam
614 1559 684 1626 ete,
698 1558 733 1614 et
752 1549 839 1614 unde
859 1557 1043 1635 queruntur
1061 1549 1146 1635 quod
1168 1549 1345 1615 disseisiuit
1367 1573 1422 1616 eos
1444 1552 1485 1618 dc

375 1675 440 1718 una
454 1653 583 1718 rouate⁸
599 1661 683 1716 terre
698 1661 733 1716 et
747 1651 823 1716 dim.

440 1756 483 1820 Et
507 1756 668 1820 Martinus
690 1755 783 1820 uenit
805 1763 840 1820 et
864 1754 944 1820 dicit
967 1753 1053 1841 quod
1076 1755 1175 1820 assisa
1197 1778 1262 1820 non
1285 1756 1383 1821 debet
1407 1757 1484 1822 inde

374 1859 453 1938 fieri,
468 1860 545 1946 quia
560 1883 673 1926 reuera
692 1859 754 1946 ipsi
774 1883 942 1946 nunquam
963 1860 1096 1924 fuerunt
1116 1859 1151 1923 in
1171 1860 1289 1926 seisina
1308 1860 1349 1924 de
1369 1861 1484 1926 eadem

375 1971 461 2028 terra
475 1963 510 2028 in
524 1962 693 2040 dominico,
709 1962 772 2027 nisi
787 1971 918 2027 tantum
934 1962 974 2028 de
990 1962 1134 2040 seruicio,
1150 1963 1228 2048 quia
1242 1973 1329 2029 terra
1343 1965 1401 2028 illa
1420 1967 1485 2030 fuit

374 2065 541 2132 cuiusdam
566 2065 638 2130 Ade
665 2065 770 2131 Crane
796 2066 854 2151 qui
880 2065 970 2130 illam
997 2066 1105 2130 tenuit
1131 2067 1231 2132 libere
1260 2068 1301 2133 de
1330 2069 1485 2154 predictis

374 2169 558 2236 Alexandro
588 2178 623 2235 et
652 2171 803 2248 Robertc,
829 2170 957 2256 etipse
983 2170 1146 2256 quandam
1176 2180 1303 2258 partem
1333 2172 1485 2238 uendidit

374 2273 502 2339 cuidam
526 2273 692 2338 Gilebertc
714 2273 801 2359 patri
823 2295 890 2349 suo,
914 2280 949 2337 et
972 2272 1042 2358 ipse
1067 2274 1253 2339 Gilebertus
1277 2275 1367 2340 illam
1391 2275 1485 2342 dedit

373 2401 432 2464 per
455 2377 535 2444 duos
558 2399 658 2442 annos
682 2385 759 2442 ante
785 2385 924 2440 mortem
948 2398 1040 2440 suam
1065 2375 1128 2461 ipsi
1151 2363 1303 2454 Martiae,
1327 2385 1362 2442 et
1385 2378 1483 2442 aliam

373 2490 500 2568 partem
523 2480 640 2546 habuit
659 2481 701 2546 ad
723 2480 909 2556 terminum,
933 2487 968 2544 et
989 2489 1064 2565 post
1085 2480 1262 2545 terminum
1285 2483 1483 2568 completum

374 2585 466 2650 uenit
487 2585 574 2650 idem
597 2585 759 2650 Martinus
780 2594 815 2650 et
837 2585 958 2671 optulit
980 2585 1011 2650 ei
1033 2582 1170 2650 terram⁴
1186 2608 1284 2671 quam
1304 2585 1421 2650 habuit
1442 2586 1484 2652 ad

372 2691 557 2768 terminum,
573 2699 606 2755 et
621 2690 684 2776 ipsi
698 2713 770 2755 eam
786 2690 926 2776 recipere
942 2690 1124 2754 noluerunt

439 2795 483 2859 Et
512 2795 698 2860 Alexander
726 2803 762 2860 et
791 2795 953 2860 Robertus
978 2793 1093 2859 dicunt
1119 2793 1205 2880 quod
1229 2803 1316 2860 terra
1338 2795 1397 2859 ille
1419 2795 1484 2860 fuit

373 2898 586 2986 uillenagium
601 2921 706 2975 suum,
722 2905 757 2962 et
776 2897 840 2983 ipsi
859 2898 993 2964 fuerunt
1013 2897 1089 2962 inde
1110 2897 1145 2962 in
1168 2897 1286 2962 seisina
1307 2897 1408 2962 donee
1430 2919 1485 2962 eos

373 3003 558 3069 disseisiuit.

438 3107 606 3172 Juratores
629 3103 743 3169 dicunt
766 3104 853 3190 quod
873 3103 1038 3190 predictus
1059 3103 1221 3168 Martinus
1242 3110 1277 3167 et
1297 3103 1484 3170 Gilebertue

373 3217 466 3294 pater
487 3207 588 3294 ipsius
610 3215 788 3272 tenuerunt
811 3215 914 3272 totam
936 3215 1056 3272 terram
1076 3207 1167 3272 illam
1182 3207 1226 3272 ad
1240 3207 1417 3272 terminum
1432 3209 1485 3272 in⁸

373 3312 496 3376 nullam
511 3310 690 3397 partemin
710 3309 803 3375 feodo
823 3318 951 3396 etpost
972 3311 1149 3376 terminum
1170 3311 1264 3375 illum
1285 3311 1484 3397 completum

373 3423 535 3480 uenerunt
560 3415 623 3500 ipsi
649 3413 835 3480 Alexander
860 3423 895 3478 et
921 3414 1084 3479 Robertus
1113 3422 1147 3478 et
1177 3424 1356 3500 posuerrmt
1384 3437 1419 3480 se
1448 3416 1484 3480 in

373 3517 597 3582 terramillam
612 3525 650 3581 ut
665 3517 700 3582 in
719 3517 771 3582 ius
791 3539 896 3595 suum,
911 3525 946 3582 et
966 3525 1080 3603 postea
1100 3517 1194 3581 uenit
1213 3517 1301 3582 idem
1322 3518 1485 3586 Martinus

373 3630 407 3686 et
422 3621 518 3686 eiecit
533 3642 595 3697 eoe,
610 3630 645 3684 et
660 3621 746 3706 ipsos
759 3620 836 3686 inde
851 3621 1029 3686 disseisiuit
1044 3621 1165 3686 iniuste
1181 3621 1267 3686 sicut
1286 3623 1386 3688 breue
1402 3623 1484 3690 dicit

372 3725 450 3810 quia
472 3733 558 3789 terra
579 3724 636 3788 illa
657 3723 721 3788 fuit
743 3723 794 3788 ius
816 3723 967 3808 ipsorum.
1013 3725 1057 3788 Et
1079 3723 1152 3788 ideo
1174 3725 1414 3791 consideratum
1433 3737 1485 3794 est

372 3825 458 3913 quod
473 3824 658 3890 Alexander
676 3833 711 3890 et
731 3825 893 3890 Robertus
913 3833 1189 3910 recuperauerunt
1209 3825 1361 3891 seisinam
1382 3851 1485 3905 suam,

373 3939 407 3996 et
424 3929 585 3994 Martinus
596 3929 631 3993 in
646 3927 883 3993 misericordia⁸.
914 3927 1001 4008 Quia
1016 3935 1175 3992 testatum
1187 3935 1237 3992 est
1251 3951 1311 4014 per
1324 3929 1483 3996 iuratores

372 4035 458 4122 quod
487 4033 580 4098 uenit
610 4055 685 4098 cum
714 4031 812 4096 armis
841 4031 883 4096 ad
913 4031 1115 4096 disseisinam
1142 4031 1331 4098 faciendam.
1358 4033 1416 4118 pl’'
1442 4035 1484 4100 de

372 4137 589 4204 misericordia
603 4146 662 4202 ete
679 4135 821 4221 dampna
834 4135 878 4222 iij.
895 4159 992 4203 merc.
1008 4145 1042 4200 et
1057 4135 1133 4202 dim.

405 4273 414 4305 ¹
422 4275 563 4336 predictam
570 4270 717 4322 interlinad.
732 4271 899 4324 (lorutatent
982 4273 1102 4322 ‘unam
1112 4271 1242 4336 repeated.

367 4347 467 4403 partem
474 4340 587 4402 predicta
598 4337 784 4387 aduocccs'ouis.
981 4337 1082 4387 'Gom
1095 4345 1128 4387 et.

402 4403 414 4436 ²
431 4404 531 4466 Supply
540 4411 573 4452 ct.
706 4413 711 4420 ·
981 4401 992 4434 ⁸
1008 4402 1124 4464 Perhaps
1134 4403 1208 4452 there
1219 4401 1314 4452 should
1326 4402 1358 4452 be
1372 4417 1408 4454 no
1425 4407 1485 4470 stop

402 4469 502 4518 'Ocra
514 4469 615 4520 tanam.
948 4465 1018 4518 hare
1117 4467 1382 4532 ’pleyimorplcps't
