3260 5218
367 429 408 488 48
598 437 831 498 monimum,
854 437 917 486 no.
943 425 1037 498 1219,
1062 439 1123 488 nn.
1148 425 1241 488 3-4.

366 620 401 676 et
423 611 502 676 dicit
525 611 611 698 quod
633 613 733 676 assisa
754 635 818 675 non
841 611 939 676 debet
962 611 1037 676 inde
1060 613 1139 689 fieri,
1158 613 1235 698 quia
1256 611 1391 677 ecclesia
1411 631 1491 674 non

367 724 471 792 uacat,
497 716 596 779 immo
623 715 782 780 Redulfus
809 715 839 778 le
866 715 955 778 Petit
980 723 1030 780 eet
1060 715 1136 780 inde
1166 737 1310 801 persona,
1334 715 1376 779 ad
1404 736 1489 800 pre-

367 819 584 888 sentecionem
604 841 696 882 suam
717 827 750 882 et
771 817 843 882 ideo
864 817 995 882 uidetur
1015 817 1046 882 ei
1068 817 1153 904 quod
1168 841 1233 883 non
1248 818 1347 883 debet
1360 818 1402 882 ad
1418 817 1490 882 hoc

368 921 467 986 breue
482 922 679 1006 respondere.
1568 1005 1570 1008 ι

434 1025 477 1088 Et
493 1025 670 1088 Nieholaus
684 1023 763 1088 dicit
778 1023 864 1108 quod
883 1022 910 1086 si
926 1022 1085 1087 Radulfus
1100 1031 1150 1087 cst
1170 1023 1246 1087 inde
1264 1045 1400 1109 persono
1416 1023 1485 1087 hoc

368 1137 419 1193 cst
448 1129 568 1192 iniuste
598 1137 633 1192 et
662 1137 774 1191 contre
798 1126 1029 1211 apellecionem
1055 1149 1146 1190 suam
1172 1135 1207 1192 et
1230 1127 1389 1192 admissus
1412 1127 1483 1191 fuit

369 1241 513 1318 tempore
533 1253 656 1317 guerre,
672 1239 706 1294 et
726 1230 851 1294 desicut
870 1230 969 1294 breue
992 1229 1137 1315 loquitur
1158 1230 1199 1295 de
1222 1239 1366 1316 tempore
1389 1230 1482 1316 pacis

367 1357 433 1400 non
448 1336 580 1400 uidetur
594 1336 624 1400 ei
640 1335 726 1421 quod
740 1335 840 1398 assisa
854 1332 972 1398 debeat
986 1356 1159 1398 remanere.

434 1439 478 1502 Et
501 1439 591 1503 Prior
612 1459 676 1502 non
698 1436 807 1522 potuit
834 1436 894 1500 hoc
918 1434 1065 1500 dedicere
1091 1444 1125 1499 et
1148 1435 1221 1500 ideo
1247 1435 1400 1522 procedat
1424 1457 1475 1500 as·

369 1539 432 1606 sisa
447 1549 506 1605 etc.

434 1643 478 1708 Et
493 1643 583 1706 Prior
597 1641 676 1706 dicit
692 1641 776 1726 quod
792 1641 891 1705 assisa
905 1663 970 1704 non
990 1639 1089 1705 debet
1111 1641 1187 1706 inde
1208 1641 1278 1705 fieri
1299 1641 1376 1726 quia
1393 1642 1477 1706 bene

368 1744 515 1810 concedit
537 1744 623 1829 quod
645 1743 731 1808 idem
756 1742 933 1807 Nicholaus
953 1743 1156 1828 presentauit
1177 1743 1353 1830 Hugonem
1371 1743 1477 1810 lilium

369 1847 512 1933 Philippi
536 1846 630 1910 Mark
655 1846 712 1931 qui
735 1845 852 1909 ultimo
875 1845 957 1909 obiit
981 1867 1117 1930 persone
1136 1845 1171 1909 in
1189 1846 1324 1911 ecclesia
1342 1847 1407 1924 illa,
1427 1857 1479 1912 set

368 1959 442 2036 post
470 1949 745 2036 presentacionem
775 1949 865 2014 illam
895 1948 986 2013 dedit
1016 1949 1103 2012 idem
1134 1949 1311 2014 Nicholeue
1339 1951 1477 2016 aduoca-

368 2055 493 2120 cionem
515 2054 603 2118 illius
625 2053 756 2117 ecclesie
779 2051 885 2116 eidem
907 2052 1006 2137 priori
1029 2061 1063 2116 et
1085 2053 1218 2116 ecclesie
1242 2075 1300 2118 sue
1324 2053 1365 2118 de
1389 2055 1478 2140 Rop-

368 2157 495 2244 pedona
509 2165 703 2242 percoctam
718 2177 810 2219 suem
826 2177 924 2240 quam
939 2155 1060 2239 profert
1076 2164 1110 2218 et
1125 2177 1188 2240 que
1204 2156 1263 2221 hoc
1280 2158 1443 2222 testatur¹.

435 2261 478 2325 Et
493 2261 584 2324 Prior
597 2259 690 2345 ponit
705 2281 738 2322 se
758 2279 856 2343 super
876 2267 976 2322 testes
996 2267 1031 2322 et
1051 2281 1148 2344 super
1167 2261 1231 2324 alia
1250 2261 1357 2347 sigilla
1376 2261 1479 2346 ipsius

370 2363 521 2428 Nicholai
550 2373 584 2427 et
613 2384 710 2447 super
739 2362 877 2447 patriam
908 2371 1004 2447 prout
1036 2363 1127 2427 curia
1159 2363 1411 2429 considerauerit
1444 2374 1479 2430 et

370 2468 548 2532 Nicholaus
577 2467 733 2531 similiter.
781 2465 856 2530 Fiet
885 2466 961 2530 inde
988 2467 1096 2531 iurata
1124 2489 1183 2552 per
1209 2468 1411 2533 Willclmum
1438 2469 1478 2533 de

370 2571 582 2655 Muscaumpo
621 2569 892 2633 Archidiaconnm
933 2569 1174 2647 Derebiensem‚
1215 2571 1397 2636 Aluredum
1437 2573 1479 2638 de

372 2674 525 2758 Sulenny,
548 2671 719 2735 Edwinnm
745 2671 785 2735 de
812 2671 996 2748 Meoutona,
1019 2673 1201 2737 Galfridum
1227 2673 1268 2738 de
1294 2675 1479 2753 Meautone‚

371 2776 546 2861 Hugonem
580 2773 621 2837 de
652 2772 799 2848 Findere,
832 2773 1016 2838 Johcnnem
1050 2775 1154 2838 filium
1184 2797 1279 2839 suum
1310 2785 1419 2854 testeo,
1446 2787 1481 2842 et

371 2899 429 2963 per
447 2877 643 2940 Nicholaum
661 2875 702 2939 de
722 2875 899 2940 Chambres
923 2875 1099 2940 Radulfum
1118 2876 1159 2940 de
1180 2877 1280 2954 Tarm,
1303 2879 1479 2964 Hugonem

371 2983 412 3046 de
433 2982 610 3056 Fendeme,
624 2979 827 3045 Willelmum
845 2978 886 3043 de
907 2981 1074 3066 Bentlcga‚
1089 2981 1253 3067 Rogerum
1268 2981 1309 3046 de
1325 2983 1480 3060 Carleolo,

373 3087 539 3152 Simonem
554 3084 594 3149 de
611 3085 642 3149 S.
660 3084 782 3160 Mauro,
798 3083 1011 3148 Eustachium
1026 3085 1066 3148 de
1079 3085 1232 3162 Mortum,
1244 3086 1423 3150 Henricum
1439 3087 1480 3151 de

372 3188 556 3255 Codintona
581 3186 762 3250 Robertum
791 3185 831 3250 de
861 3185 1076 3250 Bemmdcote
1103 3197 1138 3250 et
1164 3188 1277 3252 ueniat
1302 3188 1338 3251 in
1362 3197 1421 3254 oct.
1447 3189 1477 3254 S.

374 3293 468 3358 Mart.
499 3301 558 3356 etc.
583 3291 625 3355 od
656 3290 947 3376 recognoscendum
978 3291 1006 3354 ei
1037 3291 1284 3357 aduocacionem
1313 3293 1403 3358 illam
1433 3293 1480 3358 eie

371 3395 463 3460 dedit
478 3404 512 3459 et
526 3404 649 3459 cartam
664 3417 756 3458 suam
772 3394 847 3459 inde
863 3395 909 3459 eis
924 3395 1001 3459 fecit
1016 3405 1074 3460 etc.

436 3495 621 3581 'Philippus
648 3496 688 3560 de
713 3496 902 3561 Hertfordia
923 3504 958 3561 et
980 3498 1142 3562 Beatricia
1163 3522 1244 3564 uxor
1265 3500 1335 3565 eius
1361 3509 1480 3586 petunt

373 3621 484 3663 uersus
507 3599 710 3663 Gilebertum
734 3598 895 3664 Comitem
918 3599 959 3664 de
983 3600 1079 3666 Clara
1101 3610 1233 3666 centum
1256 3625 1378 3668 marcos
1400 3625 1480 3689 quas

372 3702 419 3766 eis
444 3701 542 3765 debet
564 3709 603 3765 ut
624 3701 739 3765 dicunt
763 3709 796 3764 et
822 3701 943 3766 iniuste
965 3703 1098 3769 detinet.
1144 3705 1231 3786 Quin
1256 3707 1413 3772 Ricardus
1439 3709 1479 3772 de

373 3805 469 3870 Clare.
494 3803 610 3869 Comes
636 3803 823 3868 Hertlordie
849 3804 940 3869 dedit
966 3805 1072 3871 eidem
1099 3809 1259 3873 Beatricie
1285 3832 1313 3874 x.
1338 3809 1406 3874 libr.
1430 3832 1478 3874 re-

372 3908 535 3994 cipiendae
558 3929 616 3993 per
640 3931 762 3972 annum
788 3908 828 3972 de
855 3931 982 3974 camera
1006 3909 1085 3975 sua'
1110 3911 1212 3976 donec
1238 3913 1269 3977 ei
1294 3913 1479 3999 prouideret

371 4013 412 4076 de
427 4035 455 4076 x.
472 4011 540 4076 libr.
557 4019 642 4075 terre
659 4011 693 4075 in
714 4011 783 4075 loco
803 4015 998 4098 conpetenti,
1013 4024 1048 4078 et
1070 4015 1145 4079 inde
1168 4017 1335 4102 proferunt
1357 4027 1479 4082 certam

371 4117 472 4202 ipsius
487 4115 617 4180 Ricardi
632 4137 694 4200 que
710 4115 771 4180 hoc
785 4124 934 4194 testatur,
947 4118 1033 4182 unde
1048 4118 1162 4183 dicunt
1177 4119 1264 4206 quod
1278 4120 1318 4184 de
1334 4129 1479 4206 tempore

404 4259 413 4291 ¹
430 4257 499 4308 Both
516 4257 579 4306 rolls
594 4257 654 4307 here
669 4257 789 4308 odd-Et
806 4261 898 4308 Niclro-
949 4263 1006 4311 dere
1015 4271 1092 4326 prout
1102 4266 1174 4313 cuna
1185 4265 1389 4315 considerarem.

371 4326 427 4374 laus
444 4326 514 4372 mit
531 4331 556 4372 et
572 4324 683 4385 defendit
701 4332 798 4372 cartam
815 4333 838 4374 et
855 4327 897 4374 do·
981 4327 1037 4376 Ἀ.
1050 4343 1085 4378 m.
1100 4328 1159 4388 9d;
1175 4328 1205 4379 B.
1219 4343 1254 4377 m.
1267 4331 1291 4377 8.

370 4404 430 4438 nem
452 4395 476 4437 et
494 4389 616 4449 cirillum,
636 4395 660 4437 et
683 4391 748 4450 quod
770 4405 898 4451 rrunqnam
981 4390 992 4420 ¹
1008 4407 1055 4440 sco
1066 4392 1205 4444 interlined
1217 4393 1245 4443 in
1258 4393 1302 4443 the
1314 4398 1377 4454 text,
1390 4399 1436 4446 not
1451 4395 1479 4446 in

371 4462 465 4503 cartam
478 4454 620 4514 illamsecr't
632 4461 656 4501 et
668 4455 711 4501 hoc
727 4454 798 4514 offert
814 4456 896 4516 desen·
949 4457 979 4519 A,
992 4457 1022 4505 Β.
