3308 5226
423 397 949 474 utcHAfflAS‚A.D‚1224,A.n
973 401 1067 466 8—9.
1231 401 1295 468 703

47 673 50 676 -
188 581 348 649 solinneio
375 597 435 650 sua
462 583 664 670 respondero,
689 592 724 650 et
753 585 846 652 Prior
874 595 954 654 tuno
982 588 1130 675 quesitus
1159 588 1187 654 si
1212 588 1298 675 ,quid

190 685 308 752 tabuit
324 685 366 752 de
387 686 481 752 Dom.
497 687 589 774 Rege
608 710 668 774 per
687 689 1045 776 quod‘aduooecionem
1066 693 1157 760 illam
1178 692 1298 766 habere

189 799 307 877 posset,
317 791 402 857 dixit
416 791 503 878 quod
518 792 635 860 hebuit
649 802 772 862 eurtum
788 803 823 862 et
836 795 924 884 quod
939 797 1086 864 fuerunt¹
1101 798 1136 863 in
1151 797 1299 884 partibus

188 895 420 972 transmarinis,
441 903 478 961 et
502 895 576 962 ideo
600 897 697 964 datus
721 898 785 965 fuit
809 899 841 966 ei
863 900 933 966 diss
954 901 1092 966 diffissus
1113 901 1155 968 ed
1176 908 1299 972 mrtem

185 1020 282 1064 susm
296 998 489 1078 habendam,
503 999 546 1066 ed
561 1023 658 1087 quem
672 1001 761 1068 diem
776 1025 841 1070 non
856 1003 950 1068 uenit
965 1004 1063 1081 Prior,
1078 1003 1127 1076 itu
1135 1003 1228 1091 quod
1241 1026 1301 1090 per

188 1101 346 1168 iudicium
361 1103 449 1169 eurio
463 1103 620 1170 remansit
634 1103 807 1172 aduocatio
821 1105 879 1172 ille
898 1105 1005 1174 eidem
1023 1106 1193 1176 (isseberto
1213 1108 1300 1194 petri

189 1225 248 1270 suo
267 1204 327 1290 qui
348 1205 550 1291 presentouit
571 1204 615 1272 ed
636 1206 773 1272 eundem
795 1207 976 1276 Henrioum
996 1209 1037 1274 de
1057 1209 1250 1287 Witintons,
1263 1217 1300 1274 et

189 1306 266 1373 indo
278 1309 402 1394 profert
417 1308 517 1396 Regis
532 1309 663 1374 Ricerdi
677 1317 801 1376 eurtum
815 1333 880 1398 que
895 1319 1037 1382 testetur
1046 1311 1133 1398 quod
1144 1311 1301 1378 oenoessit

187 1419 224 1476 et
240 1411 447 1478 confirmauit
461 1411 604 1478 Henrioo
619 1412 660 1480 de
676 1413 862 1480 Witintone
880 1416 1047 1484 eeclesiam
1065 1416 1108 1484 de
1128 1417 1300 1503 Mspertis-

189 1513 263 1579 hate
298 1535 396 1600 quem
431 1513 619 1580 Gilebertus
650 1515 693 1582 de
727 1517 959 1604 Mepertishele
986 1519 1133 1586 seruiens
1160 1541 1239 1585 suus
1267 1519 1300 1584 ei

188 1614 281 1680 dedit
293 1615 337 1686 ed
351 1637 448 1702 quem
469 1615 605 1684 donatio
624 1617 770 1686 eiusdem
789 1620 922 1688 ecclesie
941 1621 1086 1708 pertinet
1104 1644 1204 1709 quare
1224 1623 1299 1688 uult

188 1733 259 1804 ete,
283 1733 317 1792 et
339 1726 370 1792 si
393 1727 485 1794 euris
509 1725 763 1794 considereuerit
789 1725 875 1813 quod
898 1748 999 1812 super
1021 1725 1082 1792 hoo
1107 1725 1226 1792 debent
1248 1747 1298 1790 re·

185 1829 354 1916 spondere,
368 1829 456 1896 dioet
470 1830 561 1898 eliud
574 1854 634 1918 per
646 1830 734 1918 quod
748 1831 840 1896 Prior
853 1830 982 1896 nullum
996 1830 1048 1896 ius
1063 1829 1171 1898 habeo

254 1933 299 2000 Et
312 1933 405 2000 Prior
416 1933 499 2000 dicit
513 1934 601 2021 quod
620 1934 681 2000 hoc
701 1955 767 2000 non
784 1933 886 2000 debet
900 1933 933 2000 ei
952 1955 1066 2000 nocere
1088 1933 1166 2018 quis
1183 1953 1299 1998 reuera

187 2035 288 2102 usim
301 2034 351 2102 itu
364 2036 563 2102 summonits
576 2036 641 2102 fuit
659 2043 695 2102 et
713 2035 802 2122 quod
821 2057 887 2101 non
905 2035 1016 2120 potuit
1035 2033 1154 2100 hebere
1174 2042 1297 2102 sertem

188 2135 283 2203 Dom.
309 2137 410 2225 Regis
434 2137 491 2203 eui
516 2137 611 2204 Dom
637 2137 739 2224 Regis
765 2159 863 2223 quom
892 2135 1019 2215 hebuit,
1044 2143 1079 2202 et
1104 2135 1186 2204 dicit
1208 2135 1297 2221 quod

188 2239 278 2326 prius
305 2239 423 2306 habuit
449 2239 604 2306 saisinam
632 2247 694 2306 etc.
717 2239 803 2306 siout
826 2238 1010 2326 predictum
1033 2246 1093 2317 est,
1116 2246 1151 2306 et
1175 2239 1298 2324 profert

188 2352 310 2408 certum
324 2344 425 2431 Regis
438 2345 483 2412 H„
496 2344 554 2410 aui
568 2343 663 2410 Dom.
679 2345 778 2432 Regis
792 2366 857 2431 quo
870 2345 1041 2411 confirmat
1061 2344 1109 2410 eis
1129 2345 1296 2412 eeclesiam
1405 2429 1407 2438 Ι

187 2447 303 2514 suem!

252 2551 345 2618 Post⁸
358 2553 452 2618 uenit
470 2553 495 2619 J
494 2553 638 2620 ohannes
654 2559 693 2618 et
711 2552 805 2639 ponit
825 2573 860 2618 se
879 2553 914 2618 in
932 2573 1089 2640 magnam
1105 2552 1241 2618 ,assisam
1261 2560 1297 2618 et

186 2656 272 2743 petit
285 2657 539 2744 reoognioionem
554 2657 625 2724 fieri
638 2656 712 2744 quis
724 2679 839 2722 eorum
853 2656 960 2722 maius
972 2656 1026 2722 ius
1045 2655 1165 2722 habeat
1185 2655 1220 2722 in
1239 2655 1298 2722 illo

186 2761 409 2828 aduocatione.

129 2921 136 2936 ,
251 2863 515 2932 ‘Bartholomeus
540 2865 628 2931 filius
653 2863 824 2930 Eustachii
846 2863 1064 2930 summonitus
1088 2863 1153 2930 fuit
1178 2864 1220 2930 ud
1245 2883 1294 2934 re
1411 2905 1417 2918 ·

185 2967 411 3055 spondendum
431 2967 596 3034 Willelmo
614 2967 683 3033 filio
704 2965 842 3034 Henrioi
862 2988 963 3053 quere
984 2966 1140 3034 deforoiet
1160 2967 1193 3033 ei
1214 2967 1295 3034 dues

185 3077 295 3156 portes
316 3070 414 3136 unius
435 3070 555 3135 bonate
577 3079 663 3135 terre
684 3093 760 3136 oum
781 3077 863 3156 pert.
883 3070 919 3136 in
939 3070 1069 3136 Piltona
1088 3071 1175 3138 unde
1195 3072 1295 3138 assisa

186 3196 270 3240 noue
299 3172 467 3240 disseisine
496 3172 695 3240 summonita
717 3173 787 3238 'fuit
816 3195 924 3238 oornm
955 3173 1141 3239 iusticieriis
1176 3174 1294 3239 ultimo
1405 3207 1408 3214 ·

185 3275 417 3343 itinerantibus
441 3277 530 3364 apud
556 3277 589 3342 N
591 3277 832 3343 orthamtonem
851 3278 941 3342 inter
961 3277 1069 3364 ipsum
1091 3278 1293 3344 Wilielmum

186 3388 377 3468 querentem
392 3388 427 3446 et
441 3381 624 3467 predictum
639 3379 905 3446 Bartholomeum
920 3388 981 3446 eto.

181 3495 182 3498 ’
250 3479 296 3551 Et
310 3483 557 3552 Burtholomeus
571 3483 666 3550 uenit
680 3491 716 3549 et
729 3482 878 3550 defendit
890 3482 1044 3550 inimiom
1064 3491 1099 3550 et
1112 3484 1194 3552 dicit
1208 3485 1295 3571 quod

185 3587 273 3654 idem
295 3583 482 3654 Willelmus
506 3595 558 3654 est
584 3587 726 3654 uillanus
752 3595 788 3654 et
813 3594 911 3654 term
924 3587 983 3652 illu
1007 3595 1059 3654 est
1081 3587 1294 3676 uillenagium

182 3713 281 3758 suum
302 3699 339 3758 ot
359 3691 458 3757 debet
478 3691 511 3756 ei
533 3691 592 3756 hes
615 3690 753 3756 uillonas
775 3689 1034 3768 eonsuetudines,
1048 3691 1113 3756 seii
1128 3691 1173 3777 iij.
1188 3693 1244 3758 sot
1258 3701 1295 3758 et

184 3796 242 3882 iiij.
257 3795 287 3862 d
302 3819 361 3883 per
379 3817 502 3860 annum
524 3795 565 3861 de
587 3796 682 3862 firma
702 3803 738 3861 et
759 3795 801 3860 ed
823 3795 944 3860 Natale
964 3794 1022 3880 iiij
1036 3793 1174 3882 galiinae
1196 3801 1231 3861 et
1251 3796 1294 3862 ed

184 3899 471 3967 summonioionem
496 3898 600 3985 ipsius
624 3898 846 3965 Bartholomei
868 3898 956 3964 inter
978 3899 1099 3964 Netele
1122 3907 1157 3964 et
1178 3898 1293 3964 Purifi-

184 4003 347 4070 oeeionem
373 4002 409 4068 B.
437 4001 541 4066 Musis
570 4023 673 4066 unum
703 4001 892 4066 conuiuium
920 4009 956 4068 et
984 4001 1019 4066 in
1048 4001 1295 4088 quadragesime

184 4127 273 4172 arere
287 4127 347 4191 per
354 4103 379 4190 j.
395 4103 483 4169 diem
497 4103 539 4169 od
553 4103 720 4189 proprium
734 4101 844 4168 cibum
862 4124 958 4167 suum
977 4109 1013 4166 ot
1032 4101 1174 4167 herciere
1194 4124 1253 4188 per
1266 4103 1293 4188 j.

184 4209 271 4276 diem
286 4209 328 4274 ed
342 4208 507 4294 proprium
527 4207 636 4273 cibum
657 4229 762 4285 suum,
775 4213 811 4272 et
831 4205 884 4272 die
904 4205 1025 4271 Pmobs
1045 4204 1144 4272 debet
1163 4227 1214 4272 xx.
1230 4227 1293 4271 oue

216 4358 380 4420 1Βὶο,Δ,Β.
796 4358 1158 4411 'Thisoltussisnotinn

217 4425 228 4458 ¹
243 4428 317 4477 illam
327 4429 375 4478 not
384 4441 464 4486 mm,
476 4427 507 4484 A.
519 4427 550 4477 Β.
797 4423 1156 4487 ⁴A.m.stt;13.m.1rd.
1214 4486 1218 4496 ,
