3360 5236
393 427 456 490 550
696 435 847 494 murum,
869 433 934 484 11).
960 419 1053 494 1225,
1076 431 1137 480 nn
1162 418 1190 480 9.

392 617 486 696 pater
502 607 604 695 ipsius
626 604 762 671 Henrici
781 603 879 668 uiuus
897 610 932 666 et
952 621 1049 665 senus
1068 607 1102 664 et
1124 620 1255 686 presens
1274 599 1309 664 in
1332 597 1421 664 ouria
1447 596 1512 660 ubi

392 715 472 780 fines
486 713 535 779 illi
550 712 627 778 facti
642 712 775 776 fuerunt
790 717 824 774 et
840 730 904 772 non
919 705 1071 793 opposuit
1085 704 1238 770 clamium
1257 726 1352 769 suum
1373 711 1408 769 et
1428 701 1512 768 ideo

392 821 477 908 petit
492 820 648 886 iudicium
664 819 691 884 si
707 817 825 882 debeat
840 815 915 880 inde
930 813 1131 900 respondere.

458 925 501 990 Et
517 923 679 988 Hemious
694 921 774 986 dicit
793 919 881 1006 quod
903 939 1018 984 reuero
1037 925 1209 1003 postquam
1233 924 1327 1001 pater
1346 937 1425 980 suus
1447 913 1514 999 qui

392 1030 455 1094 fuit
484 1027 725 1116 crucesignatus
756 1025 853 1091 rediit
883 1023 923 1089 de
954 1033 1041 1088 terra
1070 1031 1182 1087 sancte
1210 1019 1275 1086 fuit
1309 1021 1377 1106 ipse
1408 1019 1514 1106 quasi

391 1135 514 1200 stultus
544 1141 578 1199 et
607 1133 761 1198 amiserat
791 1129 981 1196 memoriam
1009 1127 1059 1193 ito
1088 1125 1175 1213 quod
1204 1125 1343 1192 nesciuit
1380 1135 1512 1191 terram

392 1261 502 1327 regere
517 1239 571 1304 uel
587 1238 748 1304 custodire
764 1236 812 1301 its
828 1234 914 1322 quod
928 1232 1054 1299 dimisit
1069 1255 1104 1297 se
1119 1232 1159 1297 de
1175 1240 1261 1296 term
1275 1253 1339 1296 sun

457 1343 501 1407 Et
529 1343 697 1408 «lohannes
726 1340 786 1405 hoc
812 1337 958 1405 defendit
988 1346 1022 1402 et
1048 1336 1129 1402 dicit
1154 1335 1241 1422 quod
1264 1358 1361 1402 sanus
1390 1345 1425 1400 et
1454 1335 1512 1398 in-

392 1447 528 1512 columis
541 1445 683 1512 reddidit
698 1467 732 1510 se
747 1443 896 1531 religioni
912 1449 1057 1528 tempore
1078 1440 1259 1506 interdicti¹
1280 1441 1315 1506 in
1332 1439 1456 1527 Anglia
1473 1449 1514 1503 et

392 1553 427 1618 in
442 1553 527 1618 bona
542 1550 697 1617 memorio
711 1557 745 1614 et
759 1549 817 1614 diu
833 1548 918 1612 uixit
929 1555 1043 1634 posteo
1057 1545 1092 1612 in
1107 1546 1224 1612 habitu
1240 1545 1424 1634 religionis².

229 1673 335 1712 «laddum
459 1657 503 1721 Et
525 1655 602 1742 quio
627 1653 792 1741 predictus
817 1653 979 1718 Henricus
1003 1651 1161 1718 concessit
1187 1650 1274 1737 quod
1303 1659 1396 1738 pater
1424 1672 1513 1714 suus

231 1719 287 1768 quod
296 1719 345 1768 qula

231 1769 380 1862 ggffgfflffi
393 1761 542 1827 interfuit
566 1759 623 1824 fini
647 1759 731 1824 fecto
762 1767 795 1821 et
821 1756 920 1821 nichil
945 1755 1088 1821 ostendit
1114 1755 1200 1842 quod
1224 1755 1288 1820 fuit
1313 1755 1445 1821 demens
1471 1767 1512 1818 et

230 1861 374 1946 fllsslffi'ffss„
394 1873 486 1930 extra
500 1861 687 1928 memoriam
703 1869 737 1926 et
753 1870 900 1946 preterea
915 1859 1001 1946 quod
1016 1859 1158 1925 reddidit
1172 1882 1206 1925 sc
1222 1867 1335 1946 posteo
1353 1859 1510 1947 religioni

232 1953 340 2038 illidii.
394 1966 632 2034 consideratum
655 1974 704 2030 est
727 1963 813 2050 quod
834 1964 1002 2029 Johsnnes
1024 1973 1059 2030 et
1081 1964 1216 2030 heredes
1238 1965 1289 2030 sui
1311 1973 1445 2030 teneant
1469 1965 1510 2029 in

231 2049 380 2142 gaggam
395 2095 473 2160 pace
496 2072 606 2158 quiete
628 2069 669 2135 de
692 2069 836 2156 predicto
860 2067 1001 2134 Henrico
1024 2077 1059 2133 et
1081 2067 1255 2135 heredibus
1277 2069 1344 2135 suis
1366 2069 1401 2133 in
1431 2091 1508 2154 per-

395 2185 532 2263 petuum
548 2183 582 2240 et
597 2173 758 2240 Hemicus
773 2173 807 2238 in
823 2171 1045 2238 misericordie

271 2276 344 2346 717.
460 2279 655 2346 ³Gilibertus
666 2278 707 2344 de
717 2277 889 2343 Eldeneis‘
899 2277 1100 2343 sttmhistus
1109 2278 1173 2343 fuit
1188 2277 1229 2344 ad
1244 2277 1508 2365 respondendum

271 2379 341 2418 Μ·
396 2383 515 2450 Felicie
544 2382 670 2448 custodi
699 2381 802 2446 Murie
832 2381 872 2446 de
902 2381 1067 2446 Muudonu
1092 2405 1191 2468 qusre
1217 2383 1295 2448 fecit
1317 2390 1446 2448 uastum
1470 2391 1510 2448 et

395 2488 529 2553 exilium
544 2486 584 2552 de
600 2486 750 2552 domibus
769 2485 872 2572 ipsius
892 2485 995 2550 Marie
1018 2507 1099 2571 quas
1121 2486 1221 2552 habet
1243 2487 1278 2552 in
1299 2487 1447 2553 custodie
1465 2510 1507 2552 eo

267 2597 345 2646 1¹⁰⁴¹¹l
395 2591 482 2677 quod
497 2591 661 2656 Walterus
677 2591 717 2655 de
734 2589 891 2656 Eldeneiu
905 2598 998 2677 puter
1016 2590 1118 2676 ipsius
1139 2589 1144 2679 Ι
1163 2591 1265 2657 Marie
1286 2593 1394 2657 tenuit
1409 2593 1449 2656 de
1465 2616 1507 2657 eo

394 2719 452 2782 per
466 2695 639 2763 semicium
655 2695 796 2760 militare
811 2703 850 2759 ut
865 2694 945 2760 dicit
960 2703 1030 2773 etc,
1045 2695 1132 2760 unde
1153 2695 1267 2762 eodem
1288 2697 1410 2762 Felicia
1423 2696 1507 2762 dicit

395 2801 481 2887 quod
495 2801 565 2886 ipse
580 2798 730 2865 uendidit
741 2799 764 2885 j.
782 2799 891 2864 sulem
909 2807 944 2864 et
961 2799 986 2885 j.
1003 2800 1174 2886 coquinam
1190 2809 1224 2866 et
1242 2803 1268 2889 j.
1282 2803 1448 2868 bouerium
1470 2811 1506 2866 et

390 2905 414 2991 j.
431 2905 577 2970 horream
598 2915 632 2969 et
652 2912 801 2990 preterea
822 2903 881 2968 ubi
903 2911 990 2968 terre
1011 2926 1071 2969 suu
1091 2905 1176 2970 iacet
1198 2907 1284 2972 inter
1306 2908 1504 2973 dominicum

395 3009 496 3095 ipsius
515 3007 666 3074 Giliberti
690 3007 777 3072 idem
803 3007 982 3073 Gilibertus
1003 3007 1045 3074 ad
1068 3009 1380 3077 exhereditacionem
1402 3013 1506 3098 ipsius

397 3114 499 3179 Mario
514 3114 621 3200 srauit
640 3122 674 3178 et
690 3114 788 3200 fregit
809 3113 930 3179 diuisos
950 3124 1035 3180 terre
1059 3115 1162 3201 ipsius
1181 3116 1283 3183 Mario
1298 3126 1333 3182 et
1353 3117 1439 3204 quod
1456 3119 1507 3183 ita

396 3218 440 3282 sit
455 3216 603 3304 producit
618 3227 747 3284 sectum.

461 3323 505 3386 Et
527 3322 705 3388 Gilibertus
727 3323 820 3386 uenit
841 3332 876 3386 et
899 3321 1046 3387 defendit
1068 3333 1199 3390 uastum
1222 3334 1257 3390 et
1279 3325 1503 3391 uendicionem

396 3425 562 3490 domorum
593 3435 627 3490 et
657 3427 837 3491 oracionem
867 3426 1046 3492 diuisurum
1076 3437 1111 3492 et
1141 3437 1247 3492 totum
1278 3427 1319 3492 de
1343 3429 1442 3494 uerbo
1468 3431 1503 3494 in

396 3529 533 3594 uerbum
548 3537 582 3593 et
597 3529 689 3615 ponit
705 3552 739 3594 se
754 3529 829 3594 inde
845 3529 879 3593 in
899 3529 1040 3594 iuratam
1062 3539 1097 3594 et
1116 3530 1237 3595 Felicia
1257 3531 1413 3596 similiter.
1460 3533 1503 3596 Et

395 3633 467 3698 ideo
482 3633 541 3698 fist
556 3632 632 3698 inde
646 3633 754 3698 iurata
768 3643 803 3698 et
817 3634 931 3700 ueniet
946 3657 1052 3700 corum
1067 3635 1254 3700 iusticiariis
1264 3659 1339 3701 cum
1351 3636 1385 3700 in
1395 3645 1503 3722 portes

395 3738 467 3803 illos
484 3738 635 3803 uenerint
654 3735 759 3824 primo
781 3739 823 3804 ed
844 3739 959 3806 assises
979 3763 1063 3806 noue
1087 3740 1256 3806 disseisine
1274 3740 1447 3828 capiendas
1469 3751 1503 3804 et

395 3841 437 3907 ad
459 3843 569 3928 gaulus
594 3849 653 3908 eto.
678 3843 721 3908 ud
744 3843 1034 3930 recognoscendum
1065 3846 1152 3932 quod
1181 3853 1311 3911 uastum
1341 3853 1376 3911 et
1405 3868 1502 3932 quum

395 3947 650 4013 destruccionem
684 3947 771 4013 idem
808 3949 988 4016 Gilibertus
1017 3951 1095 4016 fecit
1131 3951 1172 4017 de
1209 3949 1373 4016 domibus⁸
1409 3949 1503 4014 terris

395 4051 540 4117 eiusdem
556 4051 668 4129 Marie,
684 4051 771 4116 unde
787 4051 908 4119 Felicis
922 4061 1028 4119 mater
1042 4053 1189 4120 eiusdem
1205 4053 1307 4120 Murie
1322 4053 1402 4119 dicit
1417 4051 1503 4139 quod

395 4157 464 4244 ipse
479 4155 628 4222 uendidit
642 4156 699 4243 iiij.
715 4158 826 4223 domos
840 4165 899 4224 etc
916 4165 951 4224 et
968 4157 1055 4245 quod
1076 4158 1184 4224 orauit
1204 4165 1238 4224 et
1261 4157 1359 4246 fregit
1382 4156 1504 4222 diuisos

428 4339 704 4394 1231111111111111208.
1005 4345 1063 4394 ³A.
1077 4361 1112 4395 m.
1126 4349 1153 4404 5;
1171 4346 1202 4395 Β.
1215 4360 1251 4395 m.
1263 4345 1313 4394 4d.

427 4405 923 4473 ’Bhnsnotthefollowingjudgment
1006 4413 1162 4472 ⁴Eltenor'a,
1177 4412 1212 4472 Δ;
1228 4413 1357 4475 Eueneye
1371 4411 1403 4460 B.

395 4470 664 4540 whichispostscript
676 4473 744 4525 11111.
1007 4477 1177 4543 ⁶Supplyet,
1192 4479 1223 4527 A.
1235 4476 1265 4528 Β.
