3308 5226
367 409 433 478 720
575 425 810 486 mormanus,
831 423 897 474 an
922 409 1016 485 1233,
1038 421 1100 472 aa
1125 406 1260 474 17-18.

797 695 1039 764 APPENDIX.

414 889 457 954 [In
477 887 542 940 Osse
561 889 608 940 791
627 901 657 938 aa
676 885 779 950 printed
797 885 885 954 above·
897 901 969 938 some
988 885 1071 938 words
1090 883 1156 936 beve
1173 884 1239 936 bssn
1258 883 1381 936 omitted.
1422 883 1478 936 'l'be

365 970 496 1034 following
506 971 529 1022 is
540 973 691 1022 connector
701 985 767 1034 copy
777 970 807 1020 ot
815 969 856 1034 it]

310 1183 318 1199 ,
430 1121 587 1188 Ricardus
601 1121 642 1186 de
653 1119 844 1186 Pauleshost
858 1120 1075 1186 summonitus
1086 1120 1202 1186 suited
1213 1118 1476 1206 respondendum

303 1244 323 1274 ι
365 1224 529 1290 Willelmo
559 1224 736 1290 Kuokewel
764 1245 863 1310 quare
893 1222 1061 1312 distringit
1090 1247 1166 1290 eum
1195 1225 1239 1290 ad
1275 1224 1416 1290 faciend’
1445 1224 1477 1288 ei

364 1328 612 1394 eonsuetudines
634 1337 669 1393 et
690 1327 827 1393 seruicia
847 1349 911 1414 que
933 1327 974 1393 de
994 1329 1065 1395 iure
1085 1330 1189 1395 facere
1209 1352 1275 1394 non
1297 1329 1397 1394 debet
1416 1351 1476 1394 nec

363 1433 453 1510 solet,
479 1440 514 1497 et
539 1431 627 1496 unde
656 1429 737 1496 dicit
765 1429 852 1516 quod
881 1452 956 1494 cum
986 1453 1051 1496 uon
1079 1431 1199 1497 debeat
1227 1431 1259 1497 ei
1289 1431 1332 1496 de
1362 1429 1475 1496 eodem

363 1544 551 1603 tenemento
572 1535 636 1600 nisi
657 1533 831 1600 seruicium
855 1534 1048 1600 forinsecum
1074 1545 1235 1621 quantum
1261 1535 1409 1622 pertinet
1434 1535 1476 1600 sd

363 1661 463 1704 unam
491 1639 654 1725 uirgotnm
684 1645 769 1702 terre
799 1645 834 1702 et
862 1635 940 1702 dim.
969 1645 1003 1702 et
1032 1646 1182 1724 quartam
1219 1647 1349 1724 purtem
1379 1637 1476 1702 unius

364 1743 492 1830 uirgete
509 1751 595 1808 terre
614 1763 689 1806 cum
709 1749 791 1827 pert
806 1739 842 1805 in
861 1739 975 1806 eadem
995 1741 1076 1806 uilla
1097 1741 1166 1826 ipse
1188 1741 1294 1828 exigit
1316 1742 1360 1806 ab
1382 1763 1420 1806 eo
1442 1751 1477 1806 et

364 1844 531 1931 distringit
545 1865 621 1909 eum
635 1865 693 1929 pro
708 1841 843 1907 seruicio
858 1851 1018 1928 quantum
1032 1843 1176 1928 pertinet
1190 1843 1232 1908 ed
1246 1853 1317 1909 tres
1332 1844 1476 1931 uirgatae
1535 1901 1538 1906 .

365 1956 450 2012 terre
465 1946 601 2032 integre,
616 1953 651 2010 et
665 1952 815 2031 preterea
827 1943 997 2031 distringit
1011 1967 1087 2010 eum
1102 1943 1145 2010 ad
1158 1944 1363 2011 reddendum
1379 1947 1411 2012 ei
1424 1969 1475 2012 xx.

365 2048 420 2114 soi
436 2047 477 2113 de
492 2046 633 2114 redditu.

433 2151 476 2216 Et
491 2149 649 2216 Ricardus
663 2149 757 2215 uenit
777 2159 812 2215 et
831 2149 911 2216 dicit
931 2150 1018 2237 quod
1037 2151 1165 2216 nullum
1185 2159 1416 2218 tenementum
1435 2153 1475 2218 de

366 2277 404 2320 eo
415 2263 516 2332 tenet,
526 2263 577 2320 set
587 2277 701 2320 reuera
711 2254 847 2320 tradidit
858 2254 935 2320 ciet
949 2254 1099 2320 uendidit
1113 2255 1276 2342 quandam
1291 2257 1473 2322 custodiam

367 2381 469 2446 usque
492 2358 534 2424 ed
556 2357 733 2424 terminum
755 2359 833 2445 xiiij.
856 2381 1015 2424 annonam
1037 2359 1125 2425 unde
1147 2359 1178 2424 ei
1200 2359 1338 2426 reddere
1362 2361 1476 2426 debuit

367 2461 503 2550 singulis
522 2461 616 2528 annis
636 2485 687 2528 xm
703 2463 758 2530 sol.
773 2473 809 2528 et
828 2463 915 2530 unde
934 2459 1076 2529 reddidit
1098 2464 1130 2530 ei
1150 2487 1207 2550 pre
1229 2466 1384 2531 manibus
1404 2465 1473 2530 red-

367 2567 475 2632 ditum
490 2567 529 2653 vj.
545 2589 711 2644 annorum,
726 2577 761 2633 et
775 2567 862 2634 unde
877 2577 983 2633 aretro
996 2575 1075 2633 sunt
1089 2567 1195 2634 adhuc
1208 2567 1250 2634 de
1265 2569 1408 2634 termino
1422 2568 1474 2654 vij.

368 2670 454 2748 anui,
469 2678 504 2735 et
518 2669 572 2755 vij.
587 2669 665 2734 anni
680 2670 745 2735 iam
761 2669 959 2736 transierunt
979 2677 1014 2734 et
1033 2669 1121 2736 uude
1141 2669 1173 2736 ei
1194 2679 1300 2737 eretro
1323 2679 1401 2738 sunt
1423 2695 1474 2736 xx.

368 2773 423 2840 sol.
439 2773 480 2839 de
494 2773 624 2839 redditu
639 2774 737 2839 unius
751 2773 836 2840 anni

206 2892 328 2981 ugubggod
435 2877 479 2942 Et
493 2877 677 2943 Willelmus
691 2877 785 2943 uenit
799 2885 834 2943 et
854 2877 1017 2964 cognoscit
1036 2877 1123 2964 quod
1142 2886 1318 2965 antequam
1340 2879 1473 2944 baberet

204 2951 351 3083 ffffigffiim
369 2979 531 3068 quoddam
545 2980 742 3048 escambium
757 2982 844 3068 quod
858 3005 944 3048 nunc
958 2990 1051 3048 tenet
1064 2983 1179 3048 debuit
1193 2983 1328 3049 reddere
1339 2985 1473 3072 singulis

206 3083 332 3167 ffffiffi
369 3086 464 3152 aunis
485 3087 658 3152 irasciet
680 3085 766 3172 quod
788 3094 896 3151 totum
918 3085 1018 3151 soluit
1038 3109 1096 3172 pre
1118 3087 1277 3165 menibus,
1299 3096 1353 3154 set
1374 3087 1471 3153 nichil

206 3178 352 3260 ffludii
369 3189 445 3255 inde
469 3189 620 3266 ostendit,
644 3189 879 3276 oyrugraphum
905 3211 964 3254 nec
989 3191 1153 3276 scriptum.
1200 3190 1244 3255 Et
1269 3191 1349 3278 quia
1376 3191 1470 3256 breue

206 3268 339 3363 iiidie:
370 3313 435 3357 non
457 3291 600 3377 loquitur
621 3289 662 3356 de
684 3291 793 3378 aliquo
815 3299 1011 3370 tenemento,
1029 3314 1089 3358 nec
1110 3291 1220 3370 libero,
1234 3315 1294 3358 nec
1316 3293 1385 3368 alio,
1400 3291 1468 3356 ideo

208 3361 299 3402 'M‘
370 3397 608 3462 consideratum
633 3405 684 3462 est
709 3397 796 3483 quod
821 3397 979 3462 Ricardus
1004 3396 1135 3483 quietus
1160 3395 1201 3461 de
1228 3397 1288 3462 hoo
1313 3397 1409 3463 breue
1434 3403 1467 3459 et

371 3499 554 3566 Willelmus
568 3500 603 3566 in
617 3499 842 3568 misericordia

770 3915 843 3994 EiiD
866 3914 908 3964 OF
931 3914 1008 3966 VOL.
1031 3915 1069 3966 11.

412 4412 1425 4430 ——-.-----—-——--——---—-

413 4467 573 4506 ῦΔΙΒΒῐΜΙΖ
585 4465 697 4501 amno
708 4463 741 4498 B!
753 4463 775 4498 0.
784 4463 806 4498 J·
815 4462 886 4506 (issi,
895 4462 947 4496 ss·
957 4451 979 4497 ἅ
990 4462 1060 4506 SONS,
1069 4461 1100 4496 ΔΤ
1110 4461 1162 4496 'm
1175 4459 1331 4496 numnam
1342 4459 1424 4494 Panas.
