3308 5226
430 455 664 521 messanum,
685 455 753 510 aa
774 444 868 520 1224,
890 457 952 508 sa
976 444 1069 508 8-9.
1237 437 1299 512 711

189 626 261 713 ipsa
274 649 340 692 non
355 627 449 692 uenit
463 634 524 694 etc.
539 627 575 692 'et
594 625 668 692 ideo
692 633 779 691 terra
797 626 946 714 capiatur
968 626 1004 694 in
1023 649 1157 694 manum
1176 627 1301 694 domini

189 730 289 818 Regis
303 737 338 796 et
352 730 424 817 ipsa
434 737 682 796 summoneatur
692 729 779 816 quod
790 729 834 796 sit
845 731 905 798 tali
916 729 968 796 die
979 729 1133 797 auditura
1141 731 1299 798 iudicium

188 855 285 898 suum
299 840 360 899 etc.

88 955 97 971 ·
131 989 139 1006 .
252 934 380 1002 ¹Assisn
400 935 494 1002 uenit
515 935 722 1024 recognitum
746 937 819 1023 quis
844 935 1022 1002 aduncatus
1044 945 1189 1024 tempore
1211 935 1299 1025 pacis
1352 977 1376 989 --
1410 965 1416 978 ·

187 1039 390 1125 presentauit
413 1040 565 1106 ultimam
585 1063 756 1127 personam
776 1063 840 1128 que
860 1049 990 1106 mortua
1009 1049 1060 1107 est
1073 1041 1116 1106 ed
1130 1042 1298 1107 ecclesiam

187 1142 228 1208 do
258 1142 463 1209 Chelewrthe
492 1165 556 1229 que
585 1151 683 1208 uacat
712 1151 751 1208 ut
780 1143 901 1208 dicitur
929 1143 1022 1210 cuius
1050 1144 1298 1211 aduocacionem

187 1247 351 1312 Waltcrus
365 1247 406 1314 dc
421 1247 594 1314 Utewrthe
609 1249 729 1314 clamat
743 1271 857 1314 uersus
871 1248 1014 1313 Priorem
1029 1247 1070 1314 de
1083 1249 1179 1314 Nouo
1191 1249 1297 1319 Loeo'.

187 1349 254 1429 Qui
282 1349 376 1414 uenit
404 1372 463 1435 per
485 1357 690 1415 attornatum
715 1372 812 1416 suum
834 1359 870 1416 et
893 1350 974 1418 dicit
999 1350 1086 1438 quod
1110 1351 1211 1416 assisa
1231 1373 1297 1416 non

186 1453 285 1518 debet
299 1453 375 1518 inde
389 1454 460 1520 fieri
471 1454 553 1540 *quia
567 1454 702 1520 ecclesia
716 1454 774 1520 illa
787 1478 853 1520 non
867 1463 965 1521 uacat
984 1455 1085 1520 immo
1104 1455 1191 1520 idem
1207 1454 1297 1520 Prior

187 1565 237 1622 cst
260 1557 336 1623 inde
359 1581 497 1645 persona
519 1567 554 1624 et
574 1559 639 1624 fuit
659 1583 710 1626 xx.
726 1560 820 1626 annis
840 1559 1021 1638 transactis,
1035 1567 1070 1626 et
1084 1559 1161 1624 inde
1175 1559 1297 1646 profert

186 1670 309 1726 cartam
325 1663 432 1750 Helye
446 1663 487 1729 de
502 1663 675 1730 Utewrthe
691 1665 793 1752 patrie
807 1665 909 1751 ipsius
924 1664 1063 1730 Walteri
1076 1687 1140 1752 que
1155 1671 1298 1730 testatur

186 1763 272 1848 quod
293 1763 381 1830 idem
403 1765 527 1851 Helyas
548 1787 606 1852 pro
628 1766 689 1831 deo
710 1765 867 1832 concessit
888 1765 996 1831 dedit⁸
1018 1765 1078 1831 deo
1103 1773 1138 1831 et
1163 1765 1296 1832 ecclesie

186 1867 223 1932 B.
239 1867 361 1934 Thome
383 1869 528 1934 Martiris
547 1868 588 1935 de
608 1869 789 1957 Aldebyria
811 1879 847 1936 et
867 1870 1030 1936 canonicis
1053 1877 1113 1936 etc
1129 1871 1296 1936 ecclesiam

187 1971 219 2038 S
235 1969 381 2037 Marthe‘
395 1972 431 2037 in
445 1981 637 2060 perpetuam
649 1983 684 2039 et
695 1975 830 2040 liberam
842 1973 1049 2040 elemosinam
1061 1995 1136 2040 cnm
1146 1973 1297 2039 omnibus

185 2075 401 2161 pertinenciis.
447 2077 573 2143 Profert
586 2077 690 2144 eciam
705 2088 828 2144 cartam
844 2077 1011 2146 Godeiridi
1025 2079 1188 2166 quondam
1202 2078 1295 2144 Win-

185 2179 341 2245 toniensis
363 2179 530 2266 Episcopi⁵
551 2203 616 2267 que
638 2189 781 2247 testatur
802 2182 890 2268 quod
912 2181 956 2247 ad
976 2181 1173 2268 peticionem
1195 2189 1230 2247 et
1252 2179 1295 2247 ad

185 2284 461 2370 presentsoionem
476 2285 557 2372 Elye
571 2285 613 2351 de
634 2287 806 2353 Utewrthe
826 2286 984 2352 concessit
1004 2293 1039 2352 et
1054 2285 1145 2352 dedit
1159 2294 1219 2352 etc
1234 2285 1296 2351 deo

185 2397 220 2453 et
235 2388 367 2453 ecclesie
388 2387 418 2453 S.
434 2387 559 2453 Thome
579 2388 724 2454 Mentiris
743 2388 785 2454 de
804 2388 974 2454 Aldebin'a
996 2396 1031 2455 et
1055 2388 1215 2454 canonicis
1234 2395 1295 2458 ete.

185 2491 353 2557 ecclesiam
376 2492 417 2561 de
444 2493 475 2558 S.
504 2493 637 2560 Martha
660 2516 736 2558 cum
762 2493 913 2559 omnibus
938 2502 1020 2580 pert.
1044 2493 1080 2559 in
1105 2493 1240 2559 liberam
1261 2501 1297 2558 et

187 2604 381 2682 perpetuam
410 2597 621 2664 elemosinam
655 2597 882 2684 possidendam
918 2606 953 2664 et
981 2597 1017 2663 in
1047 2619 1123 2663 usus
1152 2595 1297 2684 proprios

186 2697 438 2764 conuertendem
472 2707 535 2766 etc.
579 2699 677 2766 Unde
712 2698 802 2766 idem
836 2699 929 2766 Prior
957 2699 1038 2766 dicit
1067 2699 1153 2788 quod
1182 2721 1298 2766 reuera

185 2799 283 2886 Elyas
304 2801 508 2886 presentauit
529 2801 693 2888 quendam
716 2801 897 2868 Gerardnm
919 2801 1073 2868 clericum
1099 2801 1157 2890 qui
1178 2802 1296 2867 ultimo

185 2905 268 2971 obiit
281 2905 422 2971 uicarius
436 2905 471 2970 in
485 2905 599 2974 eadem
615 2906 757 2983 ecclesia,
766 2914 819 2972 sat
830 2913 903 2992 post
914 2905 1005 2971 illam
1019 2905 1295 2992 presentacioncm

185 3008 278 3074 dedit
298 3009 386 3076 idem
408 3011 506 3098 Elyas
528 3010 665 3076 eandem
687 3009 855 3076 ecclesiam
881 3009 987 3075 eidem
1013 3009 1116 3074 Priori
1140 3031 1200 3096 per
1222 3029 1295 3094 pre·

185 3112 307 3178 dictam
326 3123 449 3180 cartam
469 3115 519 3180 ita
536 3114 624 3202 quod
643 3115 730 3180 idem
755 3113 918 3181 Gerendus
937 3113 1040 3179 redd*
1054 3113 1086 3179 ei
1100 3135 1294 3200 perannum

186 3217 318 3282 nomine
340 3217 504 3304 pensionis
520 3218 545 3305 j.
568 3241 720 3298 marcam,
743 3227 779 3284 et
800 3218 873 3284 ideo
894 3241 959 3284 non
981 3217 1081 3283 debet
1101 3217 1201 3284 assisa
1221 3239 1293 3305 pro·

185 3321 306 3387 cedere.

250 3426 295 3491 Et
317 3425 482 3492 Walterus
507 3426 654 3492 defendit
677 3435 802 3494 cartam
824 3426 927 3513 patris
952 3425 1004 3492 sui
1029 3433 1065 3491 et
1089 3424 1176 3512 quod
1205 3423 1292 3490 idem

185 3529 276 3594 Prior
308 3529 431 3596 nullam
465 3529 618 3596 seisinam
652 3553 711 3618 per
744 3541 867 3596 cartam
901 3530 992 3596 illam
1021 3529 1137 3595 habuit
1166 3529 1207 3595 de
1235 3529 1294 3596 illa

184 3633 326 3712 ccclesia,
335 3642 386 3699 sat
397 3633 494 3720 Elyas
505 3643 688 3721 paterenus
702 3633 905 3722 presentauit
918 3633 1100 3720 predictum
1112 3633 1291 3700 Gerardum

184 3737 273 3803 etde
288 3738 359 3803 eius
372 3745 476 3804 morte
491 3739 576 3826 petit
590 3739 732 3806 assisam.
776 3739 827 3804 De
842 3745 932 3803 carta
946 3737 1097 3824 Episcopi
1110 3736 1191 3804 dicit
1205 3737 1292 3825 quod

183 3864 249 3906 non
263 3841 362 3908 debet
376 3841 407 3906 ei
421 3863 535 3908 nocere
550 3842 628 3930 quia
642 3843 821 3930 Episcopus
834 3842 944 3930 potuit
958 3843 1061 3907 facere
1075 3842 1162 3927 quod
1175 3843 1289 3909 uoluit

184 3945 229 4010 Et
243 3967 341 4032 super
355 3946 415 4012 hoc
429 3946 524 4011 uenit
538 3946 632 4013 Dom.
647 3947 883 4013 wintoniensis
903 3945 1082 4032 Episcopus
1100 3951 1291 4011 attestatus
1352 3991 1354 3994 -

184 4049 346 4137 estquod
371 4050 506 4118 ecclesia
530 4049 589 4117 illa
616 4073 682 4119 non
710 4060 807 4119 uacat
836 4059 871 4117 et
900 4049 987 4137 quod
1016 4047 1179 4114 Gerendus
1207 4048 1290 4116 obiit
1357 4059 1360 4064 ’

217 4223 377 4274 ¹A.m.28.
764 4218 1289 4286 tobeinthcparisholsendsndtobe

217 4287 229 4386 ζ
244 4288 353 4404 Νοπέοὶ
363 4287 394 4406 iz
404 4289 525 4406 sambram
763 4288 809 4406 213
820 4288 870 4402 θθὶιθ
880 4285 1029 4402 &generi
1040 4286 1137 4349 Priory.
1173 4285 1287 4336 Monesi.

218 4419 229 4452 ⁴
241 4369 289 4469 Eli
308 4369 368 4469 thei
379 4389 428 4469 hill
455 4391 535 4470 abiud
562 4419 712 4472 Obllworth.
795 4391 814 4452 θ’
843 4391 850 4416 ’
892 4431 937 4482 roy
947 4417 1026 4482 Luoy,
1039 4414 1207 4469 nec-mot

186 4483 242 4534 The
258 4483 373 4548 Aldbnry
388 4483 451 4536 herc
466 4484 615 4536 mentioned
631 4499 713 4536 seems
796 4483 807 4518 ⁸
822 4483 914 4543 reddit,
926 4481 956 4534 Δ.
