3360 5236
343 409 406 476 534
645 421 783 484 msrnn,
804 422 869 474 nn.
894 409 988 488 1232,
1010 423 1073 476 11.
1098 413 1147 478 16.

342 591 470 680 quando
484 591 649 678 predictus
669 590 832 678 Rogems¹
849 591 931 657 obiit
951 593 1045 658 uenit
1065 593 1153 660 idem
1174 593 1290 662 Comes
1310 603 1345 660 et
1365 595 1466 662 dedit·

342 695 551 784 maritagium
566 702 600 760 et
615 693 795 760 custodiam
810 693 870 758 filii
885 693 936 759 sui
951 695 1087 782 Hugoni
1102 696 1199 762 Ruffo
1215 721 1289 762 oum
1305 699 1459 764 omnibus

343 798 539 864 tenementis
563 797 629 863 suis
653 804 763 883 preter
784 804 904 862 terrem
926 797 967 863 de
991 799 1098 884 Pyrho
1122 800 1221 866 etde
1246 801 1398 866 Mortonn
1421 809 1457 867 et

342 903 523 970 attomuuit
545 901 718 968 seruicium
739 900 780 966 de
800 901 950 968 Mettonu
969 904 1113 969 manerio
1134 905 1174 970 de
1195 905 1400 970 Hunwurthe
1421 915 1457 971 et
1531 891 1535 904 ’

344 1007 474 1074 feodum
489 1005 530 1071 de
545 1005 643 1070 Pirho
658 1005 699 1070 ed
718 1005 899 1070 manerium
919 1005 960 1071 de
980 1006 1218 1094 Dichingham¹
1232 1014 1267 1072 et
1286 1009 1332 1073 sic
1349 1009 1460 1074 tenuit

345 1119 417 1178 tots
431 1111 504 1176 uite
521 1117 630 1176 suaet
645 1110 745 1196 Hugo
760 1109 846 1174 filius
861 1109 932 1174 eius
946 1109 1019 1196 per³
1028 1133 1104 1176 eum
1115 1111 1164 1176 ita
1175 1111 1262 1197 quod
1276 1113 1462 1198 predictum

346 1215 527 1282 manerium
541 1215 583 1280 de
598 1213 802 1279 Hnnmrrthe
817 1212 891 1300 qui⁴
905 1223 979 1300 post
998 1223 1137 1278 mortem
1151 1213 1290 1300 predicti
1305 1216 1459 1304 Hugonis

344 1319 379 1384 in
394 1319 581 1384 extensione
596 1341 656 1382 sue
670 1317 843 1382 liberatum
864 1316 928 1382 fuit
948 1317 994 1382 ei⁶
1008 1317 1044 1382 in
1064 1317 1234 1382 dominicis
1259 1327 1294 1382 et
1315 1319 1461 1384 seruiciis

346 1423 431 1488 sicut
459 1422 546 1488 idem
572 1422 673 1508 Hugo
698 1420 781 1486 illud
804 1421 913 1486 tenuit
938 1420 992 1486 die
1018 1443 1082 1508 quo
1106 1421 1196 1488 obiit.
1241 1422 1286 1486 Et
1311 1431 1461 1509 preterea

270 1523 274 1530 ’
347 1526 461 1592 dieunt
475 1525 562 1613 quod
577 1524 724 1590 custodie
739 1531 773 1589 et
788 1523 997 1612 maritagium
1017 1525 1155 1611 predicti
1175 1525 1304 1592 heredis
1320 1527 1461 1594 liberata

347 1630 411 1696 fuit
426 1630 532 1694 eidem
547 1628 703 1694 Matillidi
717 1628 752 1692 in
766 1636 917 1714 properte
933 1627 1019 1692 dotis
1033 1651 1091 1692 sue
1107 1635 1141 1693 et
1156 1629 1352 1696 extensione.

413 1734 458 1797 Et
482 1733 628 1818 Rogerus
655 1731 748 1796 uenit
774 1739 809 1796 et
838 1731 919 1796 dicit
949 1731 1035 1817 quod
1063 1753 1178 1797 reuera
1207 1733 1388 1798 manerium
1418 1733 1460 1799 de

349 1836 552 1902 Henwurthe
574 1835 750 1901 liberatum
772 1835 837 1900 fuit
861 1835 892 1900 ei
917 1834 953 1899 in
975 1834 1086 1900 dotem
1112 1859 1187 1901 eum
1213 1844 1295 1923 pert.
1318 1837 1384 1901 suis
1408 1847 1460 1902 set

347 1941 430 2006 bene
445 1940 574 2005 dicunt⁸
591 1939 677 2026 quod
692 1939 842 2004 Mettona
862 1962 928 2005 non
947 1939 1091 2026 pertinet
1111 1939 1154 2006 ud
1173 1941 1355 2006 manerium
1375 1941 1460 2006 illud

349 2067 408 2109 nec
423 2043 454 2109 ei
469 2044 643 2110 liberatum
659 2043 723 2108 fuit
738 2051 789 2108 set
809 2043 880 2129 ipse
899 2043 1033 2108 intrusit
1052 2066 1087 2109 se
1109 2044 1144 2110 in
1166 2045 1347 2110 custodiam
1369 2046 1461 2110 illem

242 2163 245 2168 '
348 2169 386 2212 eo
412 2147 498 2234 quod
524 2145 670 2212 custodis
695 2146 752 2212 1111
778 2147 842 2212 fuit
863 2169 963 2233 prope
986 2147 1167 2212 manerium
1190 2147 1232 2213 de
1256 2149 1461 2214 Hunwmthe

347 2249 427 2316 dum
449 2251 518 2336 ipse
540 2249 604 2314 fuit
625 2249 709 2314 infre
731 2256 854 2315 etatem
876 2258 911 2316 et
932 2251 968 2316 in
990 2251 1137 2317 custodia
1158 2252 1259 2340 Regis
1281 2252 1406 2318 Soocie'
1422 2261 1458 2318 et

347 2353 424 2419 inde
439 2355 532 2440 ponit
546 2377 580 2420 se
596 2376 693 2440 super
707 2354 854 2440 petriam

415 2459 459 2522 Et
475 2457 591 2524 Comes
608 2465 643 2523 et
664 2457 801 2524 Matillis
821 2456 960 2522 ueniunt
983 2464 1018 2523 et
1039 2456 1221 2523 defendunt
1243 2457 1458 2524 intrusionem

348 2570 383 2628 et
397 2561 511 2628 dicunt
526 2561 611 2648 quod
626 2570 741 2627 tenent
756 2561 935 2628 custodium
950 2562 1039 2628 illem
1055 2585 1114 2648 per
1128 2563 1221 2628 Dom
1235 2563 1361 2650 Regem
1374 2564 1460 2629 siout

348 2666 438 2752 prins
452 2665 487 2730 in
502 2665 689 2732 extensione
704 2665 790 2732 dotis
805 2665 908 2753 ipsius
922 2667 1094 2733 Mutillidis
1109 2675 1144 2732 et
1158 2675 1307 2753 preterea
1326 2668 1460 2732 murita-

348 2769 441 2856 gium
457 2777 491 2834 et
505 2769 686 2836 custodiam
700 2771 838 2856 predicti
853 2770 988 2836 heredis.

227 2885 298 2948 696,
414 2874 598 2940 Willelmus
614 2874 730 2941 Comes
744 2874 785 2940 de
801 2875 956 2940 Ferrariis
975 2875 1061 2960 petit
1081 2897 1194 2940 uersus
1213 2875 1398 2942 Johannem
1418 2875 1461 2941 de

201 2984 324 3033 Numi*
350 2977 605 3065 Bessingburnie
632 2978 813 3044 custodium
838 2979 997 3044 Willelmi
1022 2978 1083 3044 filii
1109 2987 1143 3044 et
1169 2979 1297 3044 heredis
1324 2979 1461 3044 Henrici

349 3080 409 3146 filii
438 3081 626 3148 Waukelini
655 3105 718 3168 que
747 3082 789 3147 ed
818 3105 894 3147 eum
924 3081 1068 3168 pertinet
1097 3105 1135 3148 eo
1170 3083 1256 3169 quod
1292 3083 1459 3169 predictus

348 3185 510 3251 Henricus
525 3186 633 3251 tenuit
648 3186 688 3252 de
704 3208 741 3251 eo
756 3209 814 3272 per
828 3186 1001 3260 seruicium
1016 3185 1158 3252 militare
1170 3195 1208 3251 ut
1219 3187 1307 3264 dicit,
1320 3195 1354 3252 et
1369 3187 1457 3252 unde

348 3288 496 3374 queritur
521 3288 607 3374 quod
630 3311 689 3374 per
713 3287 939 3354 detencionem
962 3289 1108 3354 custodie
1134 3289 1383 3375 dampnifiostus
1408 3299 1461 3356 est

348 3399 408 3456 eto.

185 3529 333 3578 umqum
412 3497 458 3560 Et
472 3495 638 3560 Johannes
653 3493 745 3560 uenit
760 3501 794 3560 et
815 3493 894 3558 dicit
914 3493 1001 3580 quod
1022 3493 1184 3560 Hemicus
1205 3501 1300 3581 pater
1320 3493 1460 3580 predicti

185 3577 325 3717 {diffidi}
348 3598 506 3664 Willelmi
515 3597 606 3662 dedit
616 3597 647 3662 ei
656 3597 836 3664 custodium
847 3605 882 3664 et
891 3598 1100 3685 maritagium
1110 3599 1461 3686 predictiWillelmind

184 3681 336 3812 gffnniipffiie„
381 3743 478 3794 ι(1011.
493 3745 639 3794 Wiuelmm.
961 3744 1045 3796 ι0111.
1061 3749 1115 3810 qut.

184 3811 315 3897 {3ng
381 3809 392 3842 ¹
425 3809 525 3884 Metton
553 3809 606 3858 und
637 3809 782 3884 Hanuortlp
814 3823 878 3858 near
958 3810 1074 3908 :Msud
1095 3879 1126 3890 .‚

185 3873 876 4014 sciis„Ssssrtntisttttntn
958 3875 1456 4005 distructionem

184 3997 337 4083 {32¹2thae
350 4019 427 4082 menn
446 4005 504 4054 thet
527 4003 571 4080 the
589 4016 698 4052 services
719 4003 772 4054 end
794 4004 874 4054 ward·
926 4005 1076 4082 Alexander:
1105 4006 1171 4068 Dug.
1183 4008 1246 4056 Bur.
1259 4007 1309 4056 vol.
1322 4009 1346 4064 1,
1358 4021 1382 4070 p.
1399 4009 1455 4056 133.

185 4091 329 4139 cedentinper-
350 4069 409 4133 shrp
426 4070 455 4119 of
469 4069 545 4119 lende
557 4083 585 4118 111
601 4069 702 4118 Metton
719 4083 783 4119 were
800 4069 876 4119 mede
951 4069 970 4157 ’Β
986 4073 1010 4119 Χ
1025 4085 1049 4119 11
1062 4085 1095 4146 pn
1111 4071 1181 4120 word
1197 4074 1225 4121 to
1242 4075 1263 4120 A
1284 4071 1342 4121 who
1363 4075 1456 4134 grente

184 4140 332 4280 ffiffi
348 4133 875 4259 ttthmttt‘ttttttttdtfltt
924 4136 1163 4276 ditm
1177 4137 1456 4278 {diffidi

184 4288 232 4316 eum
240 4277 335 4326 ecquem
349 4265 477 4314 Oountess
488 4263 568 4314 Meud
579 4279 609 4313 ns
620 4268 678 4326 pert
689 4265 718 4312 of
726 4263 774 4312 her
782 4263 873 4314 dower.
924 4279 1053 4327 marriage
1064 4266 1116 4315 11111
1128 4266 1221 4327 belong
1232 4269 1260 4316 to
1271 4268 1317 4316 A’s
1327 4265 1385 4316 herr
1395 4267 1454 4317 who

196 4323 278 4362 “⁸¹⁰⁶ss
380 4329 555 4392 ’compost
582 4329 662 4392 Hugh
673 4329 695 4378 is
704 4329 783 4390 Hugh
793 4329 874 4392 Bigod
924 4330 1008 4379 would
1024 4330 1091 4380 heve
1107 4331 1161 4381 hed
1177 4331 1222 4381 the
1237 4331 1364 4392 marriage
1380 4331 1404 4381 ir
1418 4347 1455 4382 no

183 4336 239 4458 Ξξῗξ
248 4371 336 4420 W*
347 4410 396 4444 son
418 4395 447 4444 of
472 4395 536 4444 Esrl
544 4458 549 4468 Ι
558 4394 641 4469 Roget
662 4395 714 4445 end
736 4393 822 4445 1111111
847 4395 876 4445 11
924 4399 1002 4456 grant
1014 4395 1066 4446 hed
1078 4395 1142 4446 been
1153 4397 1237 4447 mede.
1266 4397 1313 4448 See
1324 4397 1369 4446 Br.
1381 4397 1400 4447 f.
1412 4399 1453 4456 91,

347 4459 486 4523 Rogerthe
497 4459 619 4522 plsrntrff.
924 4461 954 4511 91
965 4460 988 4511 b.
1092 4509 1095 4518 ,
