3260 5218
342 419 384 482 46
575 433 894 494 masimissa.
919 421 1013 494 1219,
1037 435 1099 482 nn
1123 421 1216 482 3-4.

342 599 383 665 de
404 599 503 668 bellis
524 603 658 668 Roberti
677 602 719 668 de
739 603 903 670 Sanctona
921 601 1099 687 appreciari
1119 599 1252 666 faciant¹
1270 597 1473 686 predictam

343 711 461 770 terram
483 713 518 769 et
540 705 658 770 habere
679 705 709 772 ei
728 705 825 770 saciat
840 703 1037 770 escambium
1053 703 1096 768 ad
1109 703 1289 768 ualeneiam
1303 700 1471 788 predicte

342 815 426 872 terre
442 816 510 884 etc,
524 809 709 893 conputatis
724 809 758 874 in
773 807 920 874 ualencia
935 829 984 872 xx.
1001 808 1055 872 soh
1072 829 1151 893 quos
1165 807 1252 872 idem
1263 805 1470 870 Willelmus

341 908 417 976 inde
432 911 595 996 percipere
609 911 787 987 consueuit,
802 933 860 996 per
874 933 953 996 quos
968 918 1027 976 etc.

274 1061 282 1079 .
405 1013 585 1079 'Walterus
621 1014 662 1078 de
699 1015 861 1078 Euermue
898 1014 1104 1079 athachiatns
1140 1013 1203 1078 fuit
1239 1011 1326 1099 quod
1363 1017 1466 1076 esset

276 1123 282 1136 '
340 1139 550 1204 responsurus
564 1141 663 1205 qnare
677 1127 789 1184 contra
802 1119 1056 1205 prohibicionem
1070 1117 1193 1184 domini
1205 1117 1304 1203 Regis
1315 1124 1463 1180 secutus

340 1229 392 1284 est
411 1221 568 1306 placitum
588 1221 623 1286 in
641 1221 732 1286 curia
750 1221 974 1286 cristianitatis
995 1220 1036 1286 de
1056 1220 1181 1285 catallis
1200 1241 1263 1305 que
1283 1242 1348 1284 non
1370 1226 1463 1284 sunt

341 1321 382 1390 de
408 1331 605 1388 testamento
630 1333 689 1390 etc.
714 1323 864 1409 Hugonis
890 1323 930 1388 de
953 1323 1107 1410 Olipesby
1130 1322 1216 1388 unde
1238 1322 1325 1388 idem
1347 1323 1460 1409 Hugo

341 1425 484 1490 ostendit
499 1425 584 1511 quod
598 1434 710 1491 contra
723 1425 976 1512 prohibicionem
995 1435 1053 1491 etc
1070 1433 1200 1490 secum
1220 1433 1271 1492 est
1289 1425 1456 1510 placitum

342 1535 377 1592 et
406 1551 482 1592 eum
511 1530 646 1594 uexauit
675 1530 723 1594 ita
752 1530 838 1616 qnod
867 1531 1045 1616 dampnum
1075 1531 1175 1596 habet
1199 1531 1242 1596 ad
1267 1531 1456 1596 ualenciam

341 1637 474 1694 centum
488 1630 543 1696 soh
559 1638 594 1694 et
609 1630 684 1696 inde
699 1631 848 1716 producit
862 1640 983 1698 sectam
999 1654 1062 1718 que
1077 1632 1137 1698 hoc
1151 1640 1298 1698 testetur.

408 1731 452 1794 Et
481 1731 645 1796 Walterus
674 1734 767 1798 uenit
795 1743 831 1800 et
859 1733 1006 1800 defendit
1032 1733 1118 1819 quod
1144 1757 1311 1821 nunquam
1336 1741 1454 1799 contra

341 1833 594 1920 prohibicionem
617 1835 740 1902 domini
762 1837 862 1924 Regis
885 1846 1015 1904 secutus
1041 1846 1092 1902 est
1117 1837 1273 1922 placitum
1298 1836 1333 1902 in
1358 1837 1453 1904 curia

340 1936 565 2004 cristianitatis
590 1947 649 2004 etc.
676 1948 727 2004 set
756 1961 871 2004 uerum
899 1939 974 2004 uult
1004 1937 1118 2016 dicere,
1143 1939 1212 2024 ipse
1242 1939 1342 2004 traxit
1371 1961 1449 2002 eum

340 2038 376 2104 in
398 2040 555 2124 placitum
580 2041 621 2106 de
647 2041 772 2106 catellis
797 2041 864 2106 suis
889 2041 1026 2127 pmpriis
1051 2063 1115 2127 que
1141 2049 1237 2126 cepta
1258 2041 1390 2106 bierunt
1412 2041 1447 2106 in

341 2143 476 2210 ecclesia
503 2151 538 2210 et
566 2143 602 2210 in
631 2143 789 2210 cimiterio
818 2143 868 2208 ita
894 2143 982 2229 quod
1010 2143 1080 2228 ipse
1109 2143 1260 2228 probauit
1289 2142 1324 2208 in
1357 2143 1447 2208 curia

340 2244 494 2310 cristiana
520 2245 726 2332 sacrilegium
755 2253 789 2310 et
818 2244 897 2310 data
925 2245 989 2310 fuit
1014 2245 1180 2312 sentencia
1202 2251 1314 2310 contra
1338 2243 1446 2329 ipsum

342 2347 518 2433 Hugonem
531 2357 609 2414 ante
622 2347 876 2434 prohibicionem
891 2347 922 2412 ei
942 2347 1121 2423 factumst
1140 2346 1217 2431 quia
1236 2347 1342 2412 noluit
1361 2355 1446 2412 stare

342 2451 461 2518 iudicio
496 2452 642 2517 iudicum
680 2451 977 2518 excommunicatus
1013 2451 1077 2518 fuit
1113 2459 1149 2516 et
1184 2450 1260 2516 indo
1297 2451 1445 2536 producit

341 2564 471 2633 sectam,
486 2564 521 2621 et
540 2556 623 2621 bene
642 2555 789 2621 defendit
810 2555 896 2642 quod
916 2577 1082 2642 nunquam
1102 2563 1176 2640 post
1194 2553 1445 2640 prohibicionem

340 2667 471 2724 secutus
486 2659 549 2724 fuit
563 2660 719 2745 placitum
735 2669 794 2726 etc

179 2764 301 2851 ffgfflg‘
408 2761 452 2826 Et
481 2763 581 2850 Hugo
609 2763 689 2828 dicit
719 2763 805 2849 quod
834 2767 907 2850 post
936 2762 1188 2848 prohibicionem
1217 2771 1348 2830 secutus
1384 2763 1446 2830 fuit

177 2857 325 2954 ffiffl'
341 2865 497 2952 placitum
523 2876 558 2932 et
581 2867 668 2954 quod
693 2867 840 2934 homines
863 2865 1033 2932 Lodouioi⁴
1058 2876 1094 2933 et
1117 2867 1172 2932 ille
1198 2868 1345 2932 secemnt
1365 2865 1447 2932 illud

340 2971 544 3057 sacrilegium
560 2980 619 3037 etc

405 3075 652 3142 Consideratum
689 3084 740 3140 est
777 3075 863 3162 quod
900 3075 1065 3140 Walterus
1101 3073 1178 3140 inde
1217 3073 1286 3140 sine
1322 3072 1376 3144 die
1412 3081 1446 3137 et

339 3186 494 3264 sequatur
522 3179 679 3264 placitum
708 3179 743 3244 in
771 3179 862 3244 curia
889 3177 1113 3244 cristianitatis
1143 3177 1171 3244 si
1200 3175 1341 3246 uoluerit
1370 3175 1447 3261 quia

340 3289 391 3346 est
412 3279 453 3345 de
475 3281 662 3368 sacrilegio⁸.

273 3427 280 3440 ·
404 3383 531 3450 ‘Assisa
555 3385 648 3450 uenit
669 3385 875 3470 recognitum
900 3384 972 3470 quis
993 3385 1171 3452 aduocatos
1193 3393 1337 3470 tempore
1359 3383 1447 3470 pacis

223 3473 257 3500 '⁰
277 3489 283 3500 '
339 3487 541 3572 presentauit
555 3488 705 3554 ultimam
725 3510 894 3575 personam
915 3512 978 3575 quc
998 3498 1127 3554 mortua
1147 3496 1198 3552 est
1218 3487 1259 3554 ad
1279 3487 1445 3554 ecclesiam

339 3589 379 3654 de
395 3589 549 3656 Fretham
568 3613 631 3677 que
651 3599 756 3668 uacat,
770 3590 863 3656 cuius
882 3590 1130 3656 aduocacionem
1150 3588 1289 3654 Thomas
1312 3587 1451 3654 Barduli
1499 3579 1506 3588 ’

338 3693 458 3758 clamat
479 3715 591 3760 uersus
613 3694 777 3781 Rogerum
799 3695 829 3760 le
852 3693 976 3770 Daur’',
995 3695 1051 3780 qui
1072 3693 1165 3758 uenit
1184 3701 1220 3756 et
1241 3691 1340 3758 nichil
1362 3691 1447 3756 dixit

339 3817 437 3881 quare
463 3795 562 3862 assisa
586 3804 774 3862 remaneret.
831 3795 922 3860 Dicit
948 3804 1059 3860 tamen
1089 3794 1176 3882 quod
1206 3802 1297 3858 tenet
1326 3803 1446 3858 terram

339 3899 379 3964 de
395 3900 550 3966 Fretham
565 3922 604 3964 ex
619 3900 702 3966 dono
717 3899 817 3985 Regis
831 3900 855 3964 J
855 3899 991 3964 ohannis
1006 3907 1040 3962 et
1055 3899 1142 3984 quod
1162 3897 1302 3964 Thomas
1321 3897 1445 3960 nullam

339 4011 458 4066 terram
483 4000 583 4066 habet
608 4001 642 4066 in
668 4001 725 4066 illa
749 4001 830 4066 uilla
855 4003 913 4068 ubi
939 4002 1073 4068 ecclesia
1098 4001 1162 4066 sita
1187 4009 1245 4078 est,
1269 3998 1355 4064 unde
1382 4022 1446 4064 non

338 4104 470 4170 uidetur
484 4103 515 4168 ei
530 4102 615 4190 quod
629 4105 729 4168 assisa
743 4104 861 4170 debeat
876 4105 1054 4192 procedere.

370 4240 379 4273 ¹
397 4241 468 4291 Oorr.
475 4241 570 4304 saciet.
950 4239 961 4272 ⁸
978 4239 1034 4290 The
1043 4239 1178 4303 judgmant
1189 4237 1212 4290 is
1223 4243 1270 4290 not
1281 4237 1310 4288 in
1320 4237 1352 4289 B.

370 4305 671 4362 ¹A.nn4d;B.m.t.
950 4303 1259 4362 samanaeos.

369 4370 568 4420 ’SeantOt
950 4367 1248 4429 'SicA3bPour¹B;
1269 4367 1314 4420 the
1329 4363 1447 4420 latiaris

370 4437 380 4468 ⁸
397 4435 450 4486 Son
463 4435 492 4484 of
501 4434 545 4484 the
556 4433 619 4497 king
630 4435 657 4484 oi
667 4433 774 4484 Franoe.
916 4434 1000 4498 right3
1018 4449 1059 4486 sec
1070 4433 1129 4485 not.
1144 4434 1183 4484 cl.
1194 4435 1243 4486 899
1254 4433 1279 4486 b.
