<?xml version="1.0" encoding="UTF-8"?>
<!DOCTYPE html PUBLIC "-//W3C//DTD XHTML 1.0 Transitional//EN"
    "http://www.w3.org/TR/xhtml1/DTD/xhtml1-transitional.dtd">
<html xmlns="http://www.w3.org/1999/xhtml" xml:lang="en" lang="en">
 <head>
  <title>
</title>
<meta http-equiv="Content-Type" content="text/html;charset=utf-8" />
  <meta name='ocr-system' content='tesseract 3.04.00' />
  <meta name='ocr-capabilities' content='ocr_page ocr_carea ocr_par ocr_line ocrx_word'/>
</head>
<body>
  <div class='ocr_page' id='page_1' title='image "./bractonsnoteboo04bracgoog_0157.png"; bbox 0 0 3196 5226; ppageno 0'>
   <div class='ocr_carea' id='block_1_1' title="bbox 465 460 1249 535">
    <p class='ocr_par' dir='ltr' id='par_1_1' title="bbox 465 460 1249 535">
     <span class='ocr_line' id='line_1_1' title="bbox 465 460 1249 535; baseline 0.004 -11"><span class='ocrx_word' id='word_1_1' title='bbox 465 474 600 535; x_wconf 75' lang='grc'>222112,</span> <span class='ocrx_word' id='word_1_2' title='bbox 624 473 689 522; x_wconf 73' lang='lat' dir='ltr'>au.</span> <span class='ocrx_word' id='word_1_3' title='bbox 714 460 891 534; x_wconf 81' lang='grc'>1222111.</span> <span class='ocrx_word' id='word_1_4' title='bbox 915 463 942 526; x_wconf 87' lang='lat'>6.</span> <span class='ocrx_word' id='word_1_5' title='bbox 1189 465 1249 527; x_wconf 80' lang='lat'>149</span> 
     </span>
    </p>
   </div>
   <div class='ocr_carea' id='block_1_2' title="bbox 70 644 1371 4355">
    <p class='ocr_par' dir='ltr' id='par_1_2' title="bbox 152 644 1251 944">
     <span class='ocr_line' id='line_1_2' title="bbox 154 644 1250 734; baseline -0.005 -18"><span class='ocrx_word' id='word_1_6' title='bbox 154 657 272 716; x_wconf 86' lang='lat' dir='ltr'>cartam</span> <span class='ocrx_word' id='word_1_7' title='bbox 294 647 393 712; x_wconf 87' lang='lat' dir='ltr'>illam.</span> <span class='ocrx_word' id='word_1_8' title='bbox 438 647 483 710; x_wconf 86' lang='lat' dir='ltr'>Et</span> <span class='ocrx_word' id='word_1_9' title='bbox 498 646 570 710; x_wconf 91' lang='lat' dir='ltr'>ideo</span> <span class='ocrx_word' id='word_1_10' title='bbox 586 644 834 722; x_wconf 86' lang='lat' dir='ltr'>Consideratum</span> <span class='ocrx_word' id='word_1_11' title='bbox 849 653 899 710; x_wconf 91' lang='lat' dir='ltr'>est</span> <span class='ocrx_word' id='word_1_12' title='bbox 914 645 1001 731; x_wconf 93' lang='lat' dir='ltr'>quod</span> <span class='ocrx_word' id='word_1_13' title='bbox 1016 646 1106 710; x_wconf 86' lang='lat' dir='ltr'><strong>Prior</strong></span> <span class='ocrx_word' id='word_1_14' title='bbox 1120 669 1250 734; x_wconf 91' lang='lat' dir='ltr'>recupe-</span> 
     </span>
     <span class='ocr_line' id='line_1_3' title="bbox 152 749 1251 818; baseline 0 0"><span class='ocrx_word' id='word_1_15' title='bbox 152 754 236 818; x_wconf 89' lang='lat' dir='ltr'>rauit</span> <span class='ocrx_word' id='word_1_16' title='bbox 258 753 410 818; x_wconf 82' lang='lat' dir='ltr'>saisinam</span> <span class='ocrx_word' id='word_1_17' title='bbox 431 773 524 816; x_wconf 84' lang='lat' dir='ltr'>suern</span> <span class='ocrx_word' id='word_1_18' title='bbox 546 758 580 814; x_wconf 90' lang='grc'>22</span> <span class='ocrx_word' id='word_1_19' title='bbox 601 750 769 815; x_wconf 86' lang='lat' dir='ltr'>Johannes</span> <span class='ocrx_word' id='word_1_20' title='bbox 790 749 826 812; x_wconf 94' lang='lat' dir='ltr'>in</span> <span class='ocrx_word' id='word_1_21' title='bbox 843 750 1061 816; x_wconf 78' lang='lat' dir='ltr'>misericordia</span> <span class='ocrx_word' id='word_1_22' title='bbox 1080 761 1115 816; x_wconf 92' lang='lat' dir='ltr'>et</span> <span class='ocrx_word' id='word_1_23' title='bbox 1131 752 1251 818; x_wconf 88' lang='lat' dir='ltr'>habeat</span> 
     </span>
     <span class='ocr_line' id='line_1_4' title="bbox 153 854 1161 944; baseline -0.002 -20"><span class='ocrx_word' id='word_1_24' title='bbox 153 860 249 924; x_wconf 89' lang='lat' dir='ltr'>breue</span> <span class='ocrx_word' id='word_1_25' title='bbox 264 859 306 923; x_wconf 88' lang='lat' dir='ltr'>ad</span> <span class='ocrx_word' id='word_1_26' title='bbox 320 856 545 922; x_wconf 88' lang='lat' dir='ltr'>uiceoomitem</span> <span class='ocrx_word' id='word_1_27' title='bbox 561 855 652 920; x_wconf 89' lang='lat' dir='ltr'>etad</span> <span class='ocrx_word' id='word_1_28' title='bbox 668 854 853 940; x_wconf 86' lang='lat' dir='ltr'>episcopum</span> <span class='ocrx_word' id='word_1_29' title='bbox 869 856 1136 922; x_wconf 88' lang='lat' dir='ltr'>Lineolniensem.</span> <span class='ocrx_word' id='word_1_30' title='bbox 1156 856 1161 944; x_wconf 85' lang='grc' dir='ltr'>Ι</span> 
     </span>
    </p>

    <p class='ocr_par' dir='ltr' id='par_1_3' title="bbox 102 959 1251 1670">
     <span class='ocr_line' id='line_1_5' title="bbox 102 959 1251 1048; baseline -0.006 -17"><span class='ocrx_word' id='word_1_31' title='bbox 102 1018 108 1031; x_wconf 95' lang='grc'><em>.</em></span> <span class='ocrx_word' id='word_1_32' title='bbox 215 963 316 1048; x_wconf 86' lang='lat' dir='ltr'>Hugo</span> <span class='ocrx_word' id='word_1_33' title='bbox 330 963 371 1026; x_wconf 90' lang='lat' dir='ltr'>de</span> <span class='ocrx_word' id='word_1_34' title='bbox 388 959 547 1025; x_wconf 82' lang='lat' dir='ltr'>Saunsord</span> <span class='ocrx_word' id='word_1_35' title='bbox 561 959 647 1044; x_wconf 89' lang='lat' dir='ltr'>petit</span> <span class='ocrx_word' id='word_1_36' title='bbox 663 981 774 1023; x_wconf 90' lang='lat' dir='ltr'>uersus</span> <span class='ocrx_word' id='word_1_37' title='bbox 794 959 974 1024; x_wconf 89' lang='lat' dir='ltr'>Robertum</span> <span class='ocrx_word' id='word_1_38' title='bbox 996 959 1036 1024; x_wconf 90' lang='lat' dir='ltr'>de</span> <span class='ocrx_word' id='word_1_39' title='bbox 1060 959 1251 1025; x_wconf 77' lang='lat' dir='ltr'>Saunfordia</span> 
     </span>
     <span class='ocr_line' id='line_1_6' title="bbox 152 1061 1250 1151; baseline -0.004 -19"><span class='ocrx_word' id='word_1_40' title='bbox 152 1067 284 1132; x_wconf 83' lang='lat' dir='ltr'>terciam</span> <span class='ocrx_word' id='word_1_41' title='bbox 320 1075 447 1151; x_wconf 89' lang='lat' dir='ltr'>partem</span> <span class='ocrx_word' id='word_1_42' title='bbox 479 1063 564 1128; x_wconf 86' lang='lat' dir='ltr'>feodi</span> <span class='ocrx_word' id='word_1_43' title='bbox 599 1061 695 1126; x_wconf 90' lang='lat' dir='ltr'>unius</span> <span class='ocrx_word' id='word_1_44' title='bbox 728 1061 843 1127; x_wconf 91' lang='lat' dir='ltr'>militis</span> <span class='ocrx_word' id='word_1_45' title='bbox 873 1086 947 1128; x_wconf 91' lang='lat' dir='ltr'>cum</span> <span class='ocrx_word' id='word_1_46' title='bbox 977 1063 1185 1150; x_wconf 78' lang='lat' dir='ltr'>pertinenciis</span> <span class='ocrx_word' id='word_1_47' title='bbox 1214 1064 1250 1128; x_wconf 92' lang='lat' dir='ltr'>in</span> 
     </span>
     <span class='ocr_line' id='line_1_7' title="bbox 151 1165 1249 1251; baseline -0.001 -17"><span class='ocrx_word' id='word_1_48' title='bbox 151 1168 297 1234; x_wconf 88' lang='lat' dir='ltr'>Witham</span> <span class='ocrx_word' id='word_1_49' title='bbox 313 1177 352 1232; x_wconf 92' lang='lat' dir='ltr'>ut</span> <span class='ocrx_word' id='word_1_50' title='bbox 366 1168 418 1232; x_wconf 89' lang='lat' dir='ltr'>ius</span> <span class='ocrx_word' id='word_1_51' title='bbox 432 1189 527 1232; x_wconf 91' lang='lat' dir='ltr'>suum</span> <span class='ocrx_word' id='word_1_52' title='bbox 544 1167 592 1230; x_wconf 89' lang='lat' dir='ltr'>et¹</span> <span class='ocrx_word' id='word_1_53' title='bbox 607 1165 642 1229; x_wconf 91' lang='lat' dir='ltr'>in</span> <span class='ocrx_word' id='word_1_54' title='bbox 658 1188 755 1251; x_wconf 87' lang='lat' dir='ltr'>quam</span> <span class='ocrx_word' id='word_1_55' title='bbox 770 1165 858 1232; x_wconf 88' lang='lat' dir='ltr'>idem</span> <span class='ocrx_word' id='word_1_56' title='bbox 878 1167 1040 1232; x_wconf 90' lang='lat' dir='ltr'>Robertus</span> <span class='ocrx_word' id='word_1_57' title='bbox 1062 1190 1127 1232; x_wconf 91' lang='grc'>11211</span> <span class='ocrx_word' id='word_1_58' title='bbox 1148 1168 1249 1234; x_wconf 91' lang='lat' dir='ltr'>habet</span> 
     </span>
     <span class='ocr_line' id='line_1_8' title="bbox 149 1269 1248 1360; baseline 0.002 -24"><span class='ocrx_word' id='word_1_59' title='bbox 149 1273 328 1360; x_wconf 85' lang='lat' dir='ltr'>ingressum</span> <span class='ocrx_word' id='word_1_60' title='bbox 355 1271 418 1336; x_wconf 88' lang='lat' dir='ltr'>nisi</span> <span class='ocrx_word' id='word_1_61' title='bbox 439 1293 497 1356; x_wconf 89' lang='lat' dir='ltr'>per</span> <span class='ocrx_word' id='word_1_62' title='bbox 518 1270 697 1335; x_wconf 89' lang='lat' dir='ltr'>Robertum</span> <span class='ocrx_word' id='word_1_63' title='bbox 720 1269 761 1335; x_wconf 90' lang='lat' dir='ltr'>de</span> <span class='ocrx_word' id='word_1_64' title='bbox 784 1271 977 1338; x_wconf 85' lang='lat' dir='ltr'>Saunfordia</span> <span class='ocrx_word' id='word_1_65' title='bbox 1001 1282 1127 1360; x_wconf 88' lang='lat' dir='ltr'>petrem</span> <span class='ocrx_word' id='word_1_66' title='bbox 1152 1295 1248 1339; x_wconf 88' lang='lat' dir='ltr'>suum</span> 
     </span>
     <span class='ocr_line' id='line_1_9' title="bbox 151 1374 1249 1464; baseline 0.002 -23"><span class='ocrx_word' id='word_1_67' title='bbox 151 1377 202 1442; x_wconf 89' lang='lat' dir='ltr'>cui</span> <span class='ocrx_word' id='word_1_68' title='bbox 222 1375 381 1440; x_wconf 89' lang='lat' dir='ltr'>Ricardus</span> <span class='ocrx_word' id='word_1_69' title='bbox 400 1375 440 1440; x_wconf 91' lang='lat' dir='ltr'>de</span> <span class='ocrx_word' id='word_1_70' title='bbox 465 1374 657 1440; x_wconf 84' lang='lat' dir='ltr'>Saunfordia</span> <span class='ocrx_word' id='word_1_71' title='bbox 678 1375 867 1461; x_wconf 88' lang='lat' dir='ltr'>templarius</span> <span class='ocrx_word' id='word_1_72' title='bbox 889 1377 1129 1464; x_wconf 78' lang='lat' dir='ltr'>crucesignatus</span> <span class='ocrx_word' id='word_1_73' title='bbox 1150 1379 1249 1444; x_wconf 80' lang='lat' dir='ltr'>frater</span> 
     </span>
     <span class='ocr_line' id='line_1_10' title="bbox 152 1479 1247 1568; baseline 0 -22"><span class='ocrx_word' id='word_1_74' title='bbox 152 1481 288 1566; x_wconf 85' lang='lat' dir='ltr'>predicti</span> <span class='ocrx_word' id='word_1_75' title='bbox 310 1480 461 1568; x_wconf 87' lang='lat' dir='ltr'>Hugcnis</span> <span class='ocrx_word' id='word_1_76' title='bbox 483 1481 574 1545; x_wconf 89' lang='lat' dir='ltr'>cuius</span> <span class='ocrx_word' id='word_1_77' title='bbox 594 1479 687 1544; x_wconf 89' lang='lat' dir='ltr'>heres</span> <span class='ocrx_word' id='word_1_78' title='bbox 706 1479 775 1565; x_wconf 91' lang='lat' dir='ltr'>ipse</span> <span class='ocrx_word' id='word_1_79' title='bbox 790 1487 840 1545; x_wconf 91' lang='lat' dir='ltr'>est</span> <span class='ocrx_word' id='word_1_80' title='bbox 855 1503 928 1545; x_wconf 89' lang='lat' dir='ltr'>eam</span> <span class='ocrx_word' id='word_1_81' title='bbox 942 1481 1066 1546; x_wconf 83' lang='lat' dir='ltr'>dimisit</span> <span class='ocrx_word' id='word_1_82' title='bbox 1081 1481 1122 1548; x_wconf 88' lang='lat' dir='ltr'>ad</span> <span class='ocrx_word' id='word_1_83' title='bbox 1138 1481 1247 1547; x_wconf 91' lang='lat' dir='ltr'>termi-</span> 
     </span>
     <span class='ocr_line' id='line_1_11' title="bbox 152 1582 995 1670; baseline 0 -22"><span class='ocrx_word' id='word_1_84' title='bbox 152 1607 228 1650; x_wconf 90' lang='lat' dir='ltr'>num</span> <span class='ocrx_word' id='word_1_85' title='bbox 243 1584 538 1670; x_wconf 77' lang='lat' dir='ltr'>crucesignatorum</span> <span class='ocrx_word' id='word_1_86' title='bbox 554 1583 610 1668; x_wconf 94' lang='lat' dir='ltr'>qui</span> <span class='ocrx_word' id='word_1_87' title='bbox 625 1582 772 1667; x_wconf 86' lang='lat' dir='ltr'>preteriit</span> <span class='ocrx_word' id='word_1_88' title='bbox 788 1591 826 1647; x_wconf 92' lang='lat' dir='ltr'>ut</span> <span class='ocrx_word' id='word_1_89' title='bbox 841 1583 921 1648; x_wconf 91' lang='lat' dir='ltr'>dicit</span> <span class='ocrx_word' id='word_1_90' title='bbox 936 1593 995 1648; x_wconf 90' lang='lat' dir='ltr'>etc.</span> 
     </span>
    </p>

    <p class='ocr_par' dir='ltr' id='par_1_4' title="bbox 150 1687 1250 2399">
     <span class='ocr_line' id='line_1_12' title="bbox 215 1687 1248 1773; baseline 0 -18"><span class='ocrx_word' id='word_1_91' title='bbox 215 1691 259 1755; x_wconf 91' lang='lat' dir='ltr'>Et</span> <span class='ocrx_word' id='word_1_92' title='bbox 282 1690 444 1755; x_wconf 87' lang='lat' dir='ltr'>Robertus</span> <span class='ocrx_word' id='word_1_93' title='bbox 467 1688 559 1752; x_wconf 90' lang='lat' dir='ltr'>uenit</span> <span class='ocrx_word' id='word_1_94' title='bbox 584 1695 619 1752; x_wconf 92' lang='grc'>22</span> <span class='ocrx_word' id='word_1_95' title='bbox 642 1687 722 1752; x_wconf 92' lang='lat' dir='ltr'>dicit</span> <span class='ocrx_word' id='word_1_96' title='bbox 746 1687 832 1773; x_wconf 92' lang='lat' dir='ltr'>quod</span> <span class='ocrx_word' id='word_1_97' title='bbox 854 1711 919 1753; x_wconf 95' lang='lat' dir='ltr'>non</span> <span class='ocrx_word' id='word_1_98' title='bbox 943 1689 1041 1754; x_wconf 90' lang='lat' dir='ltr'>debet</span> <span class='ocrx_word' id='word_1_99' title='bbox 1066 1689 1097 1754; x_wconf 91' lang='grc'>21</span> <span class='ocrx_word' id='word_1_100' title='bbox 1122 1690 1164 1754; x_wconf 88' lang='lat' dir='ltr'>ad</span> <span class='ocrx_word' id='word_1_101' title='bbox 1188 1690 1248 1754; x_wconf 91' lang='lat' dir='ltr'>hoc</span> 
     </span>
     <span class='ocr_line' id='line_1_13' title="bbox 152 1792 1249 1880; baseline -0.002 -20"><span class='ocrx_word' id='word_1_102' title='bbox 152 1797 248 1862; x_wconf 87' lang='lat' dir='ltr'>breue</span> <span class='ocrx_word' id='word_1_103' title='bbox 272 1794 474 1880; x_wconf 85' lang='lat' dir='ltr'>respondere,</span> <span class='ocrx_word' id='word_1_104' title='bbox 497 1792 575 1879; x_wconf 92' lang='lat' dir='ltr'>quia</span> <span class='ocrx_word' id='word_1_105' title='bbox 599 1792 686 1857; x_wconf 90' lang='lat' dir='ltr'>idem</span> <span class='ocrx_word' id='word_1_106' title='bbox 713 1793 812 1879; x_wconf 82' lang='lat' dir='ltr'>Hugo</span> <span class='ocrx_word' id='word_1_107' title='bbox 835 1814 899 1858; x_wconf 92' lang='lat' dir='ltr'>non</span> <span class='ocrx_word' id='word_1_108' title='bbox 923 1803 973 1859; x_wconf 88' lang='lat' dir='ltr'>est</span> <span class='ocrx_word' id='word_1_109' title='bbox 995 1794 1087 1859; x_wconf 91' lang='lat' dir='ltr'>heres</span> <span class='ocrx_word' id='word_1_110' title='bbox 1112 1793 1249 1879; x_wconf 78' lang='lat' dir='ltr'>predicti</span> 
     </span>
     <span class='ocr_line' id='line_1_14' title="bbox 152 1894 1249 1983; baseline -0.004 -19"><span class='ocrx_word' id='word_1_111' title='bbox 152 1899 281 1964; x_wconf 83' lang='lat' dir='ltr'>Ricardi</span> <span class='ocrx_word' id='word_1_112' title='bbox 295 1899 396 1962; x_wconf 91' lang='lat' dir='ltr'>immo</span> <span class='ocrx_word' id='word_1_113' title='bbox 410 1897 497 1962; x_wconf 91' lang='lat' dir='ltr'>idem</span> <span class='ocrx_word' id='word_1_114' title='bbox 517 1896 617 1982; x_wconf 86' lang='lat' dir='ltr'>Hugo</span> <span class='ocrx_word' id='word_1_115' title='bbox 639 1894 756 1960; x_wconf 81' lang='lat' dir='ltr'>habuit</span> <span class='ocrx_word' id='word_1_116' title='bbox 777 1917 879 1960; x_wconf 91' lang='lat' dir='ltr'>unum</span> <span class='ocrx_word' id='word_1_117' title='bbox 902 1898 1033 1962; x_wconf 82' lang='lat' dir='ltr'>fratrem</span> <span class='ocrx_word' id='word_1_118' title='bbox 1055 1896 1249 1983; x_wconf 84' lang='lat' dir='ltr'>primogeni-</span> 
     </span>
     <span class='ocr_line' id='line_1_15' title="bbox 152 1997 1248 2084; baseline -0.002 -18"><span class='ocrx_word' id='word_1_119' title='bbox 152 2011 221 2066; x_wconf 90' lang='lat' dir='ltr'>tum</span> <span class='ocrx_word' id='word_1_120' title='bbox 251 2003 410 2066; x_wconf 89' lang='lat' dir='ltr'>Thomam</span> <span class='ocrx_word' id='word_1_121' title='bbox 439 1999 569 2063; x_wconf 89' lang='lat' dir='ltr'>nomine</span> <span class='ocrx_word' id='word_1_122' title='bbox 599 1998 657 2084; x_wconf 89' lang='lat' dir='ltr'>qui</span> <span class='ocrx_word' id='word_1_123' title='bbox 685 1997 784 2063; x_wconf 88' lang='lat' dir='ltr'>habet</span> <span class='ocrx_word' id='word_1_124' title='bbox 813 2023 916 2064; x_wconf 91' lang='lat' dir='ltr'>unum</span> <span class='ocrx_word' id='word_1_125' title='bbox 945 2001 1049 2066; x_wconf 88' lang='lat' dir='ltr'>filium</span> <span class='ocrx_word' id='word_1_126' title='bbox 1079 1999 1248 2064; x_wconf 79' lang='lat' dir='ltr'>warinum</span> 
     </span>
     <span class='ocr_line' id='line_1_16' title="bbox 152 2103 1250 2191; baseline 0 -23"><span class='ocrx_word' id='word_1_127' title='bbox 152 2105 280 2170; x_wconf 89' lang='lat' dir='ltr'>nomine</span> <span class='ocrx_word' id='word_1_128' title='bbox 303 2105 361 2191; x_wconf 91' lang='lat' dir='ltr'>qui</span> <span class='ocrx_word' id='word_1_129' title='bbox 382 2104 490 2169; x_wconf 90' lang='lat' dir='ltr'>adhuc</span> <span class='ocrx_word' id='word_1_130' title='bbox 511 2110 675 2188; x_wconf 87' lang='lat' dir='ltr'>superstes</span> <span class='ocrx_word' id='word_1_131' title='bbox 698 2111 748 2167; x_wconf 89' lang='lat' dir='ltr'>est</span> <span class='ocrx_word' id='word_1_132' title='bbox 767 2111 802 2168; x_wconf 91' lang='lat' dir='ltr'>et</span> <span class='ocrx_word' id='word_1_133' title='bbox 816 2105 901 2188; x_wconf 91' lang='lat' dir='ltr'>petit</span> <span class='ocrx_word' id='word_1_134' title='bbox 916 2104 1073 2170; x_wconf 90' lang='lat' dir='ltr'>iudicium</span> <span class='ocrx_word' id='word_1_135' title='bbox 1087 2103 1116 2168; x_wconf 93' lang='lat' dir='ltr'>si</span> <span class='ocrx_word' id='word_1_136' title='bbox 1130 2103 1250 2168; x_wconf 87' lang='lat' dir='ltr'>debeat</span> 
     </span>
     <span class='ocr_line' id='line_1_17' title="bbox 151 2205 1249 2292; baseline 0 -20"><span class='ocrx_word' id='word_1_137' title='bbox 151 2209 181 2272; x_wconf 89' lang='lat' dir='ltr'>ei</span> <span class='ocrx_word' id='word_1_138' title='bbox 195 2209 235 2274; x_wconf 85' lang='lat' dir='ltr'>ad</span> <span class='ocrx_word' id='word_1_139' title='bbox 251 2209 313 2272; x_wconf 92' lang='lat' dir='ltr'>hoc</span> <span class='ocrx_word' id='word_1_140' title='bbox 333 2207 432 2272; x_wconf 90' lang='lat' dir='ltr'>breue</span> <span class='ocrx_word' id='word_1_141' title='bbox 455 2205 646 2292; x_wconf 88' lang='lat' dir='ltr'>respondere</span> <span class='ocrx_word' id='word_1_142' title='bbox 668 2205 794 2272; x_wconf 89' lang='lat' dir='ltr'>desicut</span> <span class='ocrx_word' id='word_1_143' title='bbox 815 2207 1000 2274; x_wconf 86' lang='lat' dir='ltr'>continetur</span> <span class='ocrx_word' id='word_1_144' title='bbox 1020 2209 1055 2273; x_wconf 92' lang='lat' dir='ltr'>in</span> <span class='ocrx_word' id='word_1_145' title='bbox 1077 2208 1169 2274; x_wconf 91' lang='lat' dir='ltr'>breui</span> <span class='ocrx_word' id='word_1_146' title='bbox 1191 2230 1249 2272; x_wconf 92' lang='lat' dir='ltr'>suo</span> 
     </span>
     <span class='ocr_line' id='line_1_18' title="bbox 150 2309 1085 2399; baseline -0.003 -21"><span class='ocrx_word' id='word_1_147' title='bbox 150 2313 235 2399; x_wconf 91' lang='lat' dir='ltr'>quod</span> <span class='ocrx_word' id='word_1_148' title='bbox 249 2313 319 2397; x_wconf 89' lang='lat' dir='ltr'>ipse</span> <span class='ocrx_word' id='word_1_149' title='bbox 335 2319 385 2374; x_wconf 90' lang='lat' dir='ltr'>est</span> <span class='ocrx_word' id='word_1_150' title='bbox 400 2309 492 2374; x_wconf 91' lang='lat' dir='ltr'>heres</span> <span class='ocrx_word' id='word_1_151' title='bbox 507 2309 645 2394; x_wconf 87' lang='lat' dir='ltr'>predicti</span> <span class='ocrx_word' id='word_1_152' title='bbox 660 2310 797 2376; x_wconf 76' lang='lat' dir='ltr'>Rimrdi</span> <span class='ocrx_word' id='word_1_153' title='bbox 1081 2309 1085 2317; x_wconf 70' lang='grc'><em>’</em></span> 
     </span>
    </p>

    <p class='ocr_par' dir='ltr' id='par_1_5' title="bbox 150 2413 1251 2896">
     <span class='ocr_line' id='line_1_19' title="bbox 214 2413 1250 2502; baseline 0.002 -22"><span class='ocrx_word' id='word_1_154' title='bbox 214 2417 258 2480; x_wconf 86' lang='lat' dir='ltr'>Et</span> <span class='ocrx_word' id='word_1_155' title='bbox 275 2416 375 2502; x_wconf 85' lang='lat' dir='ltr'>Hugo</span> <span class='ocrx_word' id='word_1_156' title='bbox 390 2413 552 2500; x_wconf 81' lang='lat' dir='ltr'>cognoscit</span> <span class='ocrx_word' id='word_1_157' title='bbox 567 2414 652 2498; x_wconf 93' lang='lat' dir='ltr'>quod</span> <span class='ocrx_word' id='word_1_158' title='bbox 672 2437 786 2480; x_wconf 89' lang='lat' dir='ltr'>reuera</span> <span class='ocrx_word' id='word_1_159' title='bbox 807 2417 946 2483; x_wconf 85' lang='lat' dir='ltr'>Thomas</span> <span class='ocrx_word' id='word_1_160' title='bbox 968 2419 1031 2483; x_wconf 87' lang='lat' dir='ltr'>fuit</span> <span class='ocrx_word' id='word_1_161' title='bbox 1053 2419 1151 2483; x_wconf 87' lang='lat' dir='ltr'>frater</span> <span class='ocrx_word' id='word_1_162' title='bbox 1172 2440 1250 2482; x_wconf 91' lang='lat' dir='ltr'>suus</span> 
     </span>
     <span class='ocr_line' id='line_1_20' title="bbox 151 2519 1250 2608; baseline 0.001 -23"><span class='ocrx_word' id='word_1_163' title='bbox 151 2520 386 2608; x_wconf 87' lang='lat' dir='ltr'>primogenitus</span> <span class='ocrx_word' id='word_1_164' title='bbox 415 2528 449 2583; x_wconf 90' lang='lat' dir='ltr'>et</span> <span class='ocrx_word' id='word_1_165' title='bbox 479 2519 562 2604; x_wconf 90' lang='lat' dir='ltr'>quod</span> <span class='ocrx_word' id='word_1_166' title='bbox 593 2519 746 2584; x_wconf 89' lang='lat' dir='ltr'>Warinus</span> <span class='ocrx_word' id='word_1_167' title='bbox 775 2529 825 2586; x_wconf 88' lang='lat' dir='ltr'>est</span> <span class='ocrx_word' id='word_1_168' title='bbox 854 2521 940 2586; x_wconf 92' lang='lat' dir='ltr'>filius</span> <span class='ocrx_word' id='word_1_169' title='bbox 969 2545 1056 2598; x_wconf 90' lang='lat' dir='ltr'>suus,</span> <span class='ocrx_word' id='word_1_170' title='bbox 1084 2530 1135 2588; x_wconf 91' lang='lat' dir='ltr'>set</span> <span class='ocrx_word' id='word_1_171' title='bbox 1163 2521 1250 2587; x_wconf 92' lang='lat' dir='ltr'>idem</span> 
     </span>
     <span class='ocr_line' id='line_1_21' title="bbox 151 2622 1251 2710; baseline 0.001 -22"><span class='ocrx_word' id='word_1_172' title='bbox 151 2625 290 2688; x_wconf 89' lang='lat' dir='ltr'>Thomas</span> <span class='ocrx_word' id='word_1_173' title='bbox 314 2622 405 2688; x_wconf 88' lang='lat' dir='ltr'>dedit</span> <span class='ocrx_word' id='word_1_174' title='bbox 430 2623 460 2686; x_wconf 91' lang='lat' dir='ltr'>ei</span> <span class='ocrx_word' id='word_1_175' title='bbox 484 2630 591 2686; x_wconf 88' lang='lat' dir='ltr'>totum</span> <span class='ocrx_word' id='word_1_176' title='bbox 616 2623 667 2687; x_wconf 88' lang='lat' dir='ltr'>ius</span> <span class='ocrx_word' id='word_1_177' title='bbox 689 2645 784 2688; x_wconf 90' lang='lat' dir='ltr'>suum</span> <span class='ocrx_word' id='word_1_178' title='bbox 807 2623 893 2710; x_wconf 91' lang='lat' dir='ltr'>quod</span> <span class='ocrx_word' id='word_1_179' title='bbox 914 2624 1030 2688; x_wconf 88' lang='lat' dir='ltr'>habuit</span> <span class='ocrx_word' id='word_1_180' title='bbox 1044 2624 1079 2688; x_wconf 92' lang='lat' dir='ltr'>in</span> <span class='ocrx_word' id='word_1_181' title='bbox 1094 2633 1181 2688; x_wconf 86' lang='lat' dir='ltr'>terra</span> <span class='ocrx_word' id='word_1_182' title='bbox 1194 2625 1251 2690; x_wconf 89' lang='lat' dir='ltr'>illa</span> 
     </span>
     <span class='ocr_line' id='line_1_22' title="bbox 150 2726 1250 2814; baseline 0.002 -22"><span class='ocrx_word' id='word_1_183' title='bbox 150 2728 196 2792; x_wconf 86' lang='lat' dir='ltr'>ita</span> <span class='ocrx_word' id='word_1_184' title='bbox 211 2728 299 2814; x_wconf 90' lang='lat' dir='ltr'>quod</span> <span class='ocrx_word' id='word_1_185' title='bbox 313 2727 383 2812; x_wconf 88' lang='lat' dir='ltr'>ipse</span> <span class='ocrx_word' id='word_1_186' title='bbox 398 2727 473 2791; x_wconf 91' lang='lat' dir='ltr'>inde</span> <span class='ocrx_word' id='word_1_187' title='bbox 489 2726 622 2791; x_wconf 89' lang='lat' dir='ltr'>deuenit</span> <span class='ocrx_word' id='word_1_188' title='bbox 638 2727 733 2790; x_wconf 86' lang='lat' dir='ltr'>homo</span> <span class='ocrx_word' id='word_1_189' title='bbox 749 2727 885 2794; x_wconf 83' lang='lat' dir='ltr'>Comitis</span> <span class='ocrx_word' id='word_1_190' title='bbox 900 2727 1080 2792; x_wconf 86' lang='lat' dir='ltr'>Marescalli</span> <span class='ocrx_word' id='word_1_191' title='bbox 1095 2729 1135 2793; x_wconf 89' lang='lat' dir='ltr'>de</span> <span class='ocrx_word' id='word_1_192' title='bbox 1158 2729 1250 2795; x_wconf 87' lang='lat' dir='ltr'>euius</span> 
     </span>
     <span class='ocr_line' id='line_1_23' title="bbox 151 2829 489 2896; baseline 0.006 -2"><span class='ocrx_word' id='word_1_193' title='bbox 151 2831 241 2895; x_wconf 83' lang='lat' dir='ltr'>feodo</span> <span class='ocrx_word' id='word_1_194' title='bbox 256 2839 345 2895; x_wconf 87' lang='lat' dir='ltr'>terra</span> <span class='ocrx_word' id='word_1_195' title='bbox 359 2829 416 2894; x_wconf 88' lang='grc'>1112</span> <span class='ocrx_word' id='word_1_196' title='bbox 430 2839 489 2896; x_wconf 87' lang='lat' dir='ltr'>est.</span> 
     </span>
    </p>

    <p class='ocr_par' dir='ltr' id='par_1_6' title="bbox 145 2934 1250 3940">
     <span class='ocr_line' id='line_1_24' title="bbox 213 2934 1249 3020; baseline 0.001 -21"><span class='ocrx_word' id='word_1_197' title='bbox 213 2934 408 3000; x_wconf 81' lang='lat' dir='ltr'>Concordati</span> <span class='ocrx_word' id='word_1_198' title='bbox 430 2943 507 2998; x_wconf 91' lang='lat' dir='ltr'>sunt</span> <span class='ocrx_word' id='word_1_199' title='bbox 528 2957 587 3020; x_wconf 88' lang='lat' dir='ltr'>per</span> <span class='ocrx_word' id='word_1_200' title='bbox 609 2936 776 3000; x_wconf 88' lang='lat' dir='ltr'>licenciam</span> <span class='ocrx_word' id='word_1_201' title='bbox 796 2935 1046 3000; x_wconf 86' lang='lat' dir='ltr'>iusticiariorum</span> <span class='ocrx_word' id='word_1_202' title='bbox 1061 2944 1095 2999; x_wconf 96' lang='grc'>22</span> <span class='ocrx_word' id='word_1_203' title='bbox 1111 2943 1161 3000; x_wconf 89' lang='lat' dir='ltr'>est</span> <span class='ocrx_word' id='word_1_204' title='bbox 1176 2958 1249 3000; x_wconf 88' lang='lat' dir='ltr'>oon-</span> 
     </span>
     <span class='ocr_line' id='line_1_25' title="bbox 150 3037 1250 3124; baseline -0.001 -21"><span class='ocrx_word' id='word_1_205' title='bbox 150 3039 257 3103; x_wconf 89' lang='lat' dir='ltr'>cordia</span> <span class='ocrx_word' id='word_1_206' title='bbox 272 3038 348 3102; x_wconf 87' lang='lat' dir='ltr'>talis</span> <span class='ocrx_word' id='word_1_207' title='bbox 363 3037 448 3122; x_wconf 90' lang='lat' dir='ltr'>quod</span> <span class='ocrx_word' id='word_1_208' title='bbox 464 3046 550 3102; x_wconf 87' lang='lat' dir='ltr'>terra</span> <span class='ocrx_word' id='word_1_209' title='bbox 560 3037 618 3101; x_wconf 90' lang='grc'>1112</span> <span class='ocrx_word' id='word_1_210' title='bbox 631 3046 779 3103; x_wconf 87' lang='lat' dir='ltr'>remanet</span> <span class='ocrx_word' id='word_1_211' title='bbox 794 3039 906 3124; x_wconf 88' lang='lat' dir='ltr'>quieta</span> <span class='ocrx_word' id='word_1_212' title='bbox 921 3037 1027 3102; x_wconf 91' lang='lat' dir='ltr'>eidem</span> <span class='ocrx_word' id='word_1_213' title='bbox 1039 3037 1181 3102; x_wconf 89' lang='lat' dir='ltr'>Roberto</span> <span class='ocrx_word' id='word_1_214' title='bbox 1191 3037 1250 3102; x_wconf 90' lang='lat' dir='ltr'>tali</span> 
     </span>
     <span class='ocr_line' id='line_1_26' title="bbox 150 3142 1250 3230; baseline 0.002 -24"><span class='ocrx_word' id='word_1_215' title='bbox 150 3143 243 3207; x_wconf 91' lang='lat' dir='ltr'>modo</span> <span class='ocrx_word' id='word_1_216' title='bbox 267 3143 355 3228; x_wconf 90' lang='lat' dir='ltr'>quod</span> <span class='ocrx_word' id='word_1_217' title='bbox 379 3143 468 3207; x_wconf 90' lang='lat' dir='ltr'>illam</span> <span class='ocrx_word' id='word_1_218' title='bbox 493 3143 618 3208; x_wconf 89' lang='lat' dir='ltr'>tenebit</span> <span class='ocrx_word' id='word_1_219' title='bbox 642 3143 682 3208; x_wconf 91' lang='lat' dir='ltr'>de</span> <span class='ocrx_word' id='word_1_220' title='bbox 703 3143 773 3228; x_wconf 81' lang='lat' dir='ltr'>ipso</span> <span class='ocrx_word' id='word_1_221' title='bbox 793 3144 933 3230; x_wconf 86' lang='lat' dir='ltr'>Hugone</span> <span class='ocrx_word' id='word_1_222' title='bbox 948 3151 982 3208; x_wconf 90' lang='lat' dir='ltr'>et</span> <span class='ocrx_word' id='word_1_223' title='bbox 998 3142 1169 3208; x_wconf 87' lang='lat' dir='ltr'>heredibus</span> <span class='ocrx_word' id='word_1_224' title='bbox 1184 3143 1250 3209; x_wconf 92' lang='lat' dir='ltr'>suis</span> 
     </span>
     <span class='ocr_line' id='line_1_27' title="bbox 148 3245 1248 3332; baseline 0.002 -22"><span class='ocrx_word' id='word_1_225' title='bbox 148 3268 206 3331; x_wconf 90' lang='lat' dir='ltr'>per</span> <span class='ocrx_word' id='word_1_226' title='bbox 220 3247 261 3310; x_wconf 68' lang='lat' dir='ltr'>lx,</span> <span class='ocrx_word' id='word_1_227' title='bbox 277 3269 301 3312; x_wconf 90' lang='lat' dir='ltr'>s.</span> <span class='ocrx_word' id='word_1_228' title='bbox 318 3254 353 3311; x_wconf 91' lang='lat' dir='ltr'>et</span> <span class='ocrx_word' id='word_1_229' title='bbox 368 3247 559 3312; x_wconf 88' lang='lat' dir='ltr'>forinsecum</span> <span class='ocrx_word' id='word_1_230' title='bbox 575 3245 747 3311; x_wconf 88' lang='lat' dir='ltr'>seruicium</span> <span class='ocrx_word' id='word_1_231' title='bbox 762 3269 820 3332; x_wconf 91' lang='lat' dir='ltr'>pro</span> <span class='ocrx_word' id='word_1_232' title='bbox 834 3245 922 3310; x_wconf 90' lang='lat' dir='ltr'>omni</span> <span class='ocrx_word' id='word_1_233' title='bbox 937 3246 1073 3310; x_wconf 88' lang='lat' dir='ltr'>seruicio</span> <span class='ocrx_word' id='word_1_234' title='bbox 1088 3246 1174 3310; x_wconf 89' lang='lat' dir='ltr'>uude</span> <span class='ocrx_word' id='word_1_235' title='bbox 1183 3269 1213 3312; x_wconf 85' lang='lat' dir='ltr'>x.</span> <span class='ocrx_word' id='word_1_236' title='bbox 1225 3269 1248 3312; x_wconf 88' lang='lat' dir='ltr'>s.</span> 
     </span>
     <span class='ocr_line' id='line_1_28' title="bbox 148 3347 1248 3415; baseline -0.002 0"><span class='ocrx_word' id='word_1_237' title='bbox 148 3350 269 3415; x_wconf 84' lang='lat' dir='ltr'>debent</span> <span class='ocrx_word' id='word_1_238' title='bbox 284 3350 377 3415; x_wconf 92' lang='lat' dir='ltr'>reddi</span> <span class='ocrx_word' id='word_1_239' title='bbox 393 3351 552 3415; x_wconf 87' lang='lat' dir='ltr'>Prioratui</span> <span class='ocrx_word' id='word_1_240' title='bbox 567 3350 607 3414; x_wconf 92' lang='lat' dir='ltr'>de</span> <span class='ocrx_word' id='word_1_241' title='bbox 623 3347 813 3414; x_wconf 80' lang='lat' dir='ltr'>Litlemcra¹</span> <span class='ocrx_word' id='word_1_242' title='bbox 830 3347 865 3410; x_wconf 92' lang='lat' dir='ltr'>in</span> <span class='ocrx_word' id='word_1_243' title='bbox 886 3347 1020 3412; x_wconf 90' lang='lat' dir='ltr'>liberam</span> <span class='ocrx_word' id='word_1_244' title='bbox 1042 3347 1248 3414; x_wconf 85' lang='lat' dir='ltr'>elemosinam</span> 
     </span>
     <span class='ocr_line' id='line_1_29' title="bbox 148 3451 1249 3539; baseline -0.001 -20"><span class='ocrx_word' id='word_1_245' title='bbox 148 3463 182 3519; x_wconf 87' lang='lat' dir='ltr'>et</span> <span class='ocrx_word' id='word_1_246' title='bbox 202 3454 293 3519; x_wconf 92' lang='lat' dir='ltr'>idem</span> <span class='ocrx_word' id='word_1_247' title='bbox 316 3455 416 3539; x_wconf 87' lang='lat' dir='ltr'>Hugo</span> <span class='ocrx_word' id='word_1_248' title='bbox 438 3462 473 3518; x_wconf 91' lang='lat' dir='ltr'>et</span> <span class='ocrx_word' id='word_1_249' title='bbox 492 3453 626 3518; x_wconf 87' lang='lat' dir='ltr'>heredes</span> <span class='ocrx_word' id='word_1_250' title='bbox 646 3451 967 3518; x_wconf 86' lang='lat' dir='ltr'>suiwarentizabunt</span> <span class='ocrx_word' id='word_1_251' title='bbox 982 3452 1061 3517; x_wconf 89' lang='grc'>2122</span> <span class='ocrx_word' id='word_1_252' title='bbox 1076 3452 1249 3518; x_wconf 91' lang='lat' dir='ltr'>heredibus</span> 
     </span>
     <span class='ocr_line' id='line_1_30' title="bbox 147 3557 1248 3644; baseline -0.002 -20"><span class='ocrx_word' id='word_1_253' title='bbox 147 3561 214 3625; x_wconf 85' lang='lat' dir='ltr'>suis</span> <span class='ocrx_word' id='word_1_254' title='bbox 229 3568 335 3624; x_wconf 86' lang='lat' dir='ltr'>totam</span> <span class='ocrx_word' id='word_1_255' title='bbox 351 3567 470 3623; x_wconf 83' lang='lat' dir='ltr'>terram</span> <span class='ocrx_word' id='word_1_256' title='bbox 485 3559 574 3624; x_wconf 88' lang='lat' dir='ltr'>illam</span> <span class='ocrx_word' id='word_1_257' title='bbox 589 3581 663 3622; x_wconf 88' lang='grc'>211111</span> <span class='ocrx_word' id='word_1_258' title='bbox 678 3557 886 3644; x_wconf 87' lang='lat' dir='ltr'>pertinenciis</span> <span class='ocrx_word' id='word_1_259' title='bbox 901 3566 1012 3622; x_wconf 88' lang='lat' dir='ltr'>contra</span> <span class='ocrx_word' id='word_1_260' title='bbox 1024 3557 1248 3622; x_wconf 86' lang='lat' dir='ltr'>Marescallum</span> 
     </span>
     <span class='ocr_line' id='line_1_31' title="bbox 147 3662 1250 3731; baseline -0.001 -2"><span class='ocrx_word' id='word_1_261' title='bbox 147 3675 181 3730; x_wconf 94' lang='lat' dir='ltr'>et</span> <span class='ocrx_word' id='word_1_262' title='bbox 206 3673 321 3731; x_wconf 85' lang='lat' dir='ltr'>eontra</span> <span class='ocrx_word' id='word_1_263' title='bbox 347 3662 480 3727; x_wconf 87' lang='lat' dir='ltr'>heredes</span> <span class='ocrx_word' id='word_1_264' title='bbox 506 3663 628 3727; x_wconf 87' lang='lat' dir='ltr'>Thome</span> <span class='ocrx_word' id='word_1_265' title='bbox 654 3663 695 3728; x_wconf 93' lang='lat' dir='ltr'>de</span> <span class='ocrx_word' id='word_1_266' title='bbox 726 3663 907 3728; x_wconf 87' lang='lat' dir='ltr'>Saundford</span> <span class='ocrx_word' id='word_1_267' title='bbox 937 3671 971 3726; x_wconf 91' lang='lat' dir='ltr'>et</span> <span class='ocrx_word' id='word_1_268' title='bbox 1000 3671 1111 3727; x_wconf 89' lang='lat' dir='ltr'>contra</span> <span class='ocrx_word' id='word_1_269' title='bbox 1139 3685 1250 3728; x_wconf 88' lang='lat' dir='ltr'>omnes</span> 
     </span>
     <span class='ocr_line' id='line_1_32' title="bbox 146 3764 1250 3854; baseline -0.004 -19"><span class='ocrx_word' id='word_1_270' title='bbox 146 3769 295 3835; x_wconf 88' lang='lat' dir='ltr'>homiues</span> <span class='ocrx_word' id='word_1_271' title='bbox 310 3777 371 3834; x_wconf 91' lang='lat' dir='ltr'>etc.</span> <span class='ocrx_word' id='word_1_272' title='bbox 387 3775 421 3832; x_wconf 89' lang='lat' dir='ltr'>et</span> <span class='ocrx_word' id='word_1_273' title='bbox 436 3766 661 3854; x_wconf 85' lang='lat' dir='ltr'>cirographum</span> <span class='ocrx_word' id='word_1_274' title='bbox 676 3773 822 3830; x_wconf 88' lang='lat' dir='ltr'>remanet</span> <span class='ocrx_word' id='word_1_275' title='bbox 837 3764 1030 3850; x_wconf 86' lang='lat' dir='ltr'>capiendum</span> <span class='ocrx_word' id='word_1_276' title='bbox 1045 3788 1083 3830; x_wconf 91' lang='grc'>22</span> <span class='ocrx_word' id='word_1_277' title='bbox 1098 3765 1185 3852; x_wconf 90' lang='lat' dir='ltr'>quod</span> <span class='ocrx_word' id='word_1_278' title='bbox 1199 3775 1250 3831; x_wconf 90' lang='lat' dir='ltr'>est</span> 
     </span>
     <span class='ocr_line' id='line_1_33' title="bbox 145 3873 445 3940; baseline -0.013 0"><span class='ocrx_word' id='word_1_279' title='bbox 145 3873 233 3940; x_wconf 77' lang='lat' dir='ltr'>inira</span> <span class='ocrx_word' id='word_1_280' title='bbox 247 3883 370 3938; x_wconf 88' lang='lat' dir='ltr'>etatem</span> <span class='ocrx_word' id='word_1_281' title='bbox 386 3882 445 3937; x_wconf 88' lang='lat' dir='ltr'>etc.</span> 
     </span>
    </p>

    <p class='ocr_par' dir='ltr' id='par_1_7' title="bbox 70 3974 1371 4355">
     <span class='ocr_line' id='line_1_34' title="bbox 70 3974 1371 4063; baseline 0.001 -21"><span class='ocrx_word' id='word_1_282' title='bbox 70 3981 103 4042; x_wconf 80' lang='grc'>’“.</span> <span class='ocrx_word' id='word_1_283' title='bbox 211 3977 400 4042; x_wconf 89' lang='lat' dir='ltr'>Willelmus</span> <span class='ocrx_word' id='word_1_284' title='bbox 420 3977 460 4040; x_wconf 92' lang='lat' dir='ltr'>de</span> <span class='ocrx_word' id='word_1_285' title='bbox 484 3978 514 4041; x_wconf 82' lang='lat' dir='ltr'>S.</span> <span class='ocrx_word' id='word_1_286' title='bbox 532 3975 728 4063; x_wconf 86' lang='lat' dir='ltr'>Leodegario</span> <span class='ocrx_word' id='word_1_287' title='bbox 751 3983 785 4038; x_wconf 89' lang='lat' dir='ltr'>et</span> <span class='ocrx_word' id='word_1_288' title='bbox 806 3974 913 4038; x_wconf 84' lang='lat' dir='ltr'>Alioia</span> <span class='ocrx_word' id='word_1_289' title='bbox 936 3997 1016 4038; x_wconf 83' lang='lat' dir='ltr'>uxor</span> <span class='ocrx_word' id='word_1_290' title='bbox 1039 3975 1108 4039; x_wconf 90' lang='lat' dir='ltr'>eius</span> <span class='ocrx_word' id='word_1_291' title='bbox 1131 3983 1250 4060; x_wconf 89' lang='lat' dir='ltr'>petunt</span> <span class='ocrx_word' id='word_1_292' title='bbox 1302 4002 1371 4043; x_wconf 64' lang='lat' dir='ltr'>aas</span> 
     </span>
     <span class='ocr_line' id='line_1_35' title="bbox 146 4078 1251 4165; baseline -0.005 -18"><span class='ocrx_word' id='word_1_293' title='bbox 146 4103 261 4148; x_wconf 88' lang='lat' dir='ltr'>uersus</span> <span class='ocrx_word' id='word_1_294' title='bbox 275 4081 441 4165; x_wconf 87' lang='lat' dir='ltr'>Rogerum</span> <span class='ocrx_word' id='word_1_295' title='bbox 456 4078 495 4141; x_wconf 91' lang='lat' dir='ltr'>de</span> <span class='ocrx_word' id='word_1_296' title='bbox 512 4079 671 4164; x_wconf 81' lang='lat' dir='ltr'>Lsghefar</span> <span class='ocrx_word' id='word_1_297' title='bbox 685 4079 837 4144; x_wconf 90' lang='lat' dir='ltr'>clericum</span> <span class='ocrx_word' id='word_1_298' title='bbox 852 4079 926 4164; x_wconf 84' lang='lat' dir='ltr'>xvij.</span> <span class='ocrx_word' id='word_1_299' title='bbox 937 4101 1026 4144; x_wconf 87' lang='lat' dir='ltr'>acras</span> <span class='ocrx_word' id='word_1_300' title='bbox 1040 4079 1075 4144; x_wconf 91' lang='lat' dir='ltr'>in</span> <span class='ocrx_word' id='word_1_301' title='bbox 1090 4078 1251 4165; x_wconf 84' lang='lat' dir='ltr'>Laghefar</span> 
     </span>
     <span class='ocr_line' id='line_1_36' title="bbox 146 4181 1250 4271; baseline -0.005 -19"><span class='ocrx_word' id='word_1_302' title='bbox 146 4196 184 4252; x_wconf 91' lang='lat' dir='ltr'>ut</span> <span class='ocrx_word' id='word_1_303' title='bbox 199 4187 312 4252; x_wconf 90' lang='lat' dir='ltr'>dotem</span> <span class='ocrx_word' id='word_1_304' title='bbox 328 4183 474 4248; x_wconf 89' lang='lat' dir='ltr'>eiusdem</span> <span class='ocrx_word' id='word_1_305' title='bbox 490 4181 593 4246; x_wconf 78' lang='lat' dir='ltr'>Alicio</span> <span class='ocrx_word' id='word_1_306' title='bbox 608 4184 695 4248; x_wconf 92' lang='lat' dir='ltr'>unde</span> <span class='ocrx_word' id='word_1_307' title='bbox 714 4185 876 4249; x_wconf 91' lang='lat' dir='ltr'>Robertus</span> <span class='ocrx_word' id='word_1_308' title='bbox 896 4184 936 4248; x_wconf 90' lang='lat' dir='ltr'>de</span> <span class='ocrx_word' id='word_1_309' title='bbox 960 4185 1127 4271; x_wconf 86' lang='lat' dir='ltr'>Mucegros</span> <span class='ocrx_word' id='word_1_310' title='bbox 1150 4206 1250 4269; x_wconf 90' lang='lat' dir='ltr'>quon-</span> 
     </span>
     <span class='ocr_line' id='line_1_37' title="bbox 146 4285 704 4355; baseline -0.009 0"><span class='ocrx_word' id='word_1_311' title='bbox 146 4291 222 4355; x_wconf 82' lang='lat' dir='ltr'>darn</span> <span class='ocrx_word' id='word_1_312' title='bbox 238 4289 291 4353; x_wconf 89' lang='lat' dir='ltr'>uir</span> <span class='ocrx_word' id='word_1_313' title='bbox 305 4309 383 4352; x_wconf 89' lang='lat' dir='ltr'>suus</span> <span class='ocrx_word' id='word_1_314' title='bbox 398 4285 488 4350; x_wconf 90' lang='lat' dir='ltr'>illam</span> <span class='ocrx_word' id='word_1_315' title='bbox 503 4285 631 4352; x_wconf 87' lang='lat' dir='ltr'>dotauit</span> <span class='ocrx_word' id='word_1_316' title='bbox 646 4296 704 4352; x_wconf 90' lang='lat' dir='ltr'>etc.</span> 
     </span>
    </p>
   </div>
   <div class='ocr_carea' id='block_1_3' title="bbox 148 4441 1107 4556">
    <p class='ocr_par' dir='ltr' id='par_1_8' title="bbox 148 4441 1107 4556">
     <span class='ocr_line' id='line_1_38' title="bbox 179 4441 1107 4556; baseline -0.001 -65"><span class='ocrx_word' id='word_1_317' title='bbox 179 4441 241 4556; x_wconf 46' lang='lat' dir='ltr'>:a</span> <span class='ocrx_word' id='word_1_318' title='bbox 253 4441 571 4498; x_wconf 71' lang='grc'>12222221221112211111211</span> <span class='ocrx_word' id='word_1_319' title='bbox 585 4441 619 4504; x_wconf 83' lang='lat' dir='ltr'>by</span> <span class='ocrx_word' id='word_1_320' title='bbox 632 4457 676 4490; x_wconf 89' lang='lat' dir='ltr'>an·</span> <span class='ocrx_word' id='word_1_321' title='bbox 760 4441 770 4473; x_wconf 85' lang='lat'>²</span> <span class='ocrx_word' id='word_1_322' title='bbox 787 4442 901 4492; x_wconf 86' lang='lat' dir='ltr'>Monast.</span> <span class='ocrx_word' id='word_1_323' title='bbox 914 4442 962 4493; x_wconf 90' lang='lat' dir='ltr'>vol.</span> <span class='ocrx_word' id='word_1_324' title='bbox 976 4443 1000 4500; x_wconf 76' lang='lat'>4,</span> <span class='ocrx_word' id='word_1_325' title='bbox 1012 4457 1036 4505; x_wconf 91' lang='lat' dir='ltr'>p.</span> <span class='ocrx_word' id='word_1_326' title='bbox 1051 4443 1107 4493; x_wconf 83' lang='grc'>190.</span> 
     </span>
     <span class='ocr_line' id='line_1_39' title="bbox 148 4523 262 4556; baseline 0.018 -2"><span class='ocrx_word' id='word_1_327' title='bbox 148 4523 182 4556; x_wconf 88' lang='grc'>112</span> <span class='ocrx_word' id='word_1_328' title='bbox 242 4523 262 4556; x_wconf 87' lang='grc'>1.</span> 
     </span>
    </p>
   </div>
   <div class='ocr_carea' id='block_1_4' title="bbox 0 0 1602 5226">
    <p class='ocr_par' dir='ltr' id='par_1_9' title="bbox 0 0 1602 5226">
     <span class='ocr_line' id='line_1_40' title="bbox 0 0 1602 5226; baseline 0 1"><span class='ocrx_word' id='word_1_329' title='bbox 0 0 1602 5226; x_wconf 95' lang='lat' dir='ltr'> </span> 
     </span>
    </p>
   </div>
  </div>
 </body>
</html>
