3308 5226
351 425 414 490 680
558 439 791 500 tricassinus,
814 439 878 488 ao.
904 425 997 500 1232,
1020 439 1083 490 aa
1110 424 1246 492 16-17.

351 631 465 675 reuera
485 611 590 675 multo
612 618 757 697 tempore
779 612 924 698 percepit
946 633 1065 677 nonam
1087 612 1221 699 garbam
1244 609 1283 676 de
1299 611 1461 677 dominico

351 712 437 798 quod
460 712 523 777 luit
545 712 684 778 Walteri
706 713 746 778 de
769 713 856 800 Lacy
870 713 903 778 in
927 713 1025 778 Noua
1047 713 1135 778 Villa
1156 713 1235 778 dum
1262 711 1460 778 dominicum

352 816 415 880 luit
444 815 478 880 in
508 838 607 880 manu
637 815 739 902 ipsius
768 817 906 882 Walteri
936 825 971 882 et
1000 817 1157 903 quamdiu
1187 817 1252 882 fuit
1288 817 1323 881 in
1360 837 1460 880 manu

353 918 511 984 Gileberti
533 918 574 984 de
597 919 692 1006 Lacy,
706 927 757 984 set
778 929 852 1005 post
873 919 1008 984 deuenit
1030 920 1065 983 iu
1084 941 1199 984 manus
1213 919 1315 1005 ipsius
1329 917 1463 984 Ricardi

352 1021 421 1108 ipse
443 1021 586 1086 detinuit
608 1023 698 1086 illem
721 1045 839 1086 nonam
861 1022 995 1109 garbam
1018 1021 1144 1086 desicut
1166 1022 1235 1108 ipse
1257 1021 1321 1086 fuit
1335 1021 1411 1086 inde
1425 1021 1462 1085 in

352 1125 470 1191 saisina
491 1125 575 1190 sicut
597 1126 638 1191 de
661 1127 763 1191 libera
784 1126 966 1191 elemosina.
1011 1125 1055 1190 Et
1077 1125 1156 1211 quia
1176 1125 1257 1189 alias
1279 1147 1377 1210 super
1401 1123 1462 1187 hoc

352 1231 491 1296 consulti
514 1232 646 1296 fuerunt
669 1231 852 1296 iusticiarii¹
879 1253 977 1318 super
1005 1231 1071 1296 ista
1098 1229 1319 1316 prohibicione
1349 1239 1383 1293 et
1412 1250 1463 1292 re·

352 1357 505 1420 sponsum
520 1335 583 1400 fuit
598 1335 684 1421 quod
698 1335 869 1421 procedere
884 1335 992 1421 potuit
1008 1334 1136 1420 loquela
1150 1333 1184 1398 in
1199 1333 1289 1398 curia
1303 1331 1462 1397 cristiam-

354 1439 432 1504 tatis
454 1439 531 1525 qnia
552 1438 620 1524 ipse
643 1438 733 1502 Prior
754 1438 873 1523 agebat
899 1438 940 1502 de
970 1437 1093 1502 recenti
1122 1437 1314 1522 spoliacione
1340 1458 1400 1500 sua
1427 1443 1464 1499 et

354 1543 441 1608 idem
464 1541 621 1607 Ricardus
643 1542 742 1606 nichil
761 1541 766 1628 1
787 1541 984 1607 sufficienter
1005 1540 1148 1606 ostendit
1170 1563 1269 1626 quare
1292 1539 1464 1626 procedere

355 1667 420 1710 non
441 1645 569 1722 debeat,
592 1643 839 1710 Consideratum
862 1653 913 1709 est
935 1643 1021 1730 quod
1044 1643 1135 1708 Prior
1149 1643 1231 1707 bene
1249 1650 1357 1728 potest
1371 1639 1465 1727 sequi

355 1749 391 1814 in
405 1747 551 1835 predicta
565 1748 655 1812 curia
669 1747 901 1824 cristianitatis,
917 1757 951 1812 et
967 1745 1124 1812 Ricardus
1139 1747 1173 1810 in
1188 1745 1414 1810 misericordia

294 1987 299 1998 ·
357 1953 546 2018 Willemnm
569 1952 687 2017 Beneit
709 1953 843 2017 terciam
865 1962 992 2038 partem
1015 1953 1116 2017 trium
1138 1975 1198 2017 acr.
1223 1961 1308 2018 terre
1330 1961 1365 2017 et
1386 1953 1463 2016 dim

357 2079 431 2122 cum
447 2065 528 2142 pert.
542 2055 577 2119 in
593 2054 827 2142 Bucherheye',
842 2065 881 2120 ut
896 2055 1006 2120 dotem
1021 2079 1113 2120 suam
1128 2067 1189 2120 etc.

423 2161 467 2224 Et
489 2159 672 2224 Willelmns
694 2159 787 2222 uenit
809 2168 843 2222 et
865 2158 945 2222 dicit
967 2159 1053 2244 quod
1075 2159 1156 2223 emit
1178 2167 1298 2222 terram
1318 2159 1408 2223 illam
1423 2159 1465 2224 de

358 2263 428 2328 uiro
442 2285 500 2327 suc
515 2263 636 2328 nudam
652 2273 685 2327 et
700 2263 919 2328 inedificatam
935 2272 969 2328 et
984 2262 1254 2348 superedificauit‚
1272 2272 1307 2328 et
1325 2263 1466 2328 libenter

358 2367 504 2432 concedit
527 2367 713 2432 sitarciam
736 2375 862 2452 partem
878 2390 970 2432 suam
985 2367 1085 2432 saluis
1099 2368 1130 2432 ei
1145 2367 1287 2432 edificiis
1333 2367 1377 2432 Et
1391 2367 1466 2432 ideo

357 2473 428 2558 ipsa
450 2471 569 2536 babeat
590 2471 741 2536 saisinam
764 2493 865 2549 suam,
887 2472 986 2536 saluis
1008 2471 1114 2537 eidem
1137 2471 1300 2536 Willelmo
1315 2471 1466 2536 domibus

357 2573 424 2638 suis
439 2573 703 2659 superedificatis‚
719 2573 791 2660 qui⁴
805 2573 906 2639 habet
920 2575 999 2640 alibi
1014 2583 1107 2639 extra
1124 2575 1251 2640 edificia
1270 2574 1328 2639 ubi
1346 2574 1465 2638 habere

358 2677 478 2762 poterit
493 2685 612 2740 terram
628 2677 743 2742 suam‘.

303 2836 310 2850 .
422 2778 549 2844 ‘Assisa
562 2779 655 2844 uenit
669 2779 875 2866 recognitum
888 2780 916 2844 si
931 2779 1037 2845 Adam
1054 2780 1198 2847 Clericus
1217 2789 1311 2867 pater
1331 2779 1467 2845 Henrici

260 2898 273 2926 ¹¹
359 2884 423 2949 luit
437 2883 567 2948 saisitus
581 2892 641 2948 etc.
657 2882 697 2948 de
713 2905 780 2948 una
793 2883 874 2968 uirg.
891 2892 976 2948 terre
991 2906 1066 2948 cnm
1080 2892 1161 2970 pert.
1177 2883 1212 2948 in
1228 2884 1398 2949 Westona⁷
1413 2884 1466 2948 die

359 2997 418 3054 etc.
450 2997 483 3052 et
513 2987 541 3052 si
571 2997 630 3052 etc.
661 3010 759 3074 quam
790 2996 909 3054 terram
938 2988 1105 3054 Johaunes
1135 2988 1222 3053 filius
1258 2988 1389 3054 Ricardi
1425 2987 1467 3052 de

360 3093 543 3157 Turreuilla
572 3101 672 3169 tenet,
701 3091 759 3178 qui
787 3091 881 3157 uenit
911 3101 946 3157 et
967 3093 1047 3158 alias
1069 3095 1201 3158 uocauit
1223 3094 1265 3158 ad
1288 3101 1467 3157 warantum

361 3196 539 3260 Henricum
569 3195 609 3260 de
639 3195 822 3260 Turreuilla
851 3195 909 3281 qui
938 3196 1032 3260 uenit
1061 3205 1096 3260 et
1125 3197 1157 3261 ei
1186 3196 1410 3261 warantizauit
1432 3204 1468 3260 et

361 3299 491 3362 uocauit
513 3298 588 3362 inde
610 3298 652 3362 ad
671 3307 852 3362 warantum
875 3298 1051 3363 Ricardum
1073 3299 1114 3364 de
1136 3299 1319 3364 Turreuilla
1340 3307 1467 3386 patrem

361 3423 455 3464 suum
486 3400 543 3485 qui
571 3401 664 3464 uenit
694 3409 728 3465 et
757 3401 788 3466 ei
817 3401 1041 3466 warentizanit
1075 3411 1109 3466 et
1146 3402 1277 3466 uocauit
1313 3402 1389 3467 inde
1426 3402 1468 3466 ad

362 3511 539 3568 warantum
570 3505 733 3590 Rogemm
762 3505 803 3568 de
833 3505 957 3571 Oraffte
986 3515 1021 3570 et
1052 3507 1207 3572 Ceciliam
1236 3529 1368 3570 uxorem
1398 3507 1468 3570 eius

363 3609 536 3694 Symonem
566 3607 607 3671 de
636 3607 819 3672 Turreuilla
847 3618 882 3673 et
911 3609 1122 3674 Petronillam
1152 3631 1286 3675 uxorem
1319 3609 1397 3685 eius,
1433 3617 1469 3672 et

363 3713 508 3798 Rogerus
530 3721 565 3777 et
587 3713 643 3776 alii
665 3713 745 3776 non⁸
767 3722 929 3778 uenerunt
951 3723 985 3778 et
1005 3716 1152 3780 fecerunt
1166 3715 1322 3780 del'altam
1337 3722 1407 3791 eta,
1421 3713 1471 3777 ita

363 3815 449 3902 quod
471 3817 675 3902 preceptum⁹
697 3817 880 3882 uicecomiti
903 3819 989 3904 quod
1017 3827 1272 3884 resummoneret
1300 3841 1355 3884 eos
1384 3817 1470 3904 quod

364 3927 471 3984 essent
493 3917 534 3982 ad
556 3919 642 3983 diem
665 3919 774 3998 istum,
796 3930 831 3985 et
853 3921 926 3986 ideo
947 3922 1095 4008 capiatur
1116 3922 1216 3986 assisa
1234 3943 1292 4007 per
1306 3921 1469 3986 defaltum

398 4074 406 4106 ¹
423 4073 474 4122 For
495 4089 512 4124 a
533 4075 708 4124 consultation
732 4091 766 4126 cn
789 4076 853 4126 such
875 4093 891 4127 a
942 4077 1005 4126 This
1016 4093 1073 4127 case
1084 4093 1192 4142 appears
1206 4082 1234 4127 at
1248 4077 1338 4140 length
1355 4077 1384 4126 in
1399 4075 1469 4126 uita.

365 4142 501 4188 matteras
514 4139 574 4200 this,
588 4155 629 4190 see
640 4142 683 4190 Br.
696 4141 714 4190 f.
726 4142 807 4191 405b.
941 4145 1038 4201 Douer,
1051 4145 1107 4193 192.

397 4201 408 4235 ¹
424 4204 454 4252 B.
466 4219 501 4252 m.
514 4207 553 4253 13.
974 4208 985 4240 ⁰
1001 4209 1031 4256 B.
1044 4223 1079 4258 m.
1095 4207 1157 4257 ild.

397 4268 408 4300 ⁸
424 4271 593 4334 Racherbeya
606 4271 637 4320 B.
973 4271 984 4304 ⁷
1001 4273 1107 4322 Weston
1119 4273 1241 4322 Turrille.

398 4333 408 4364 ⁴
425 4333 494 4385 Corr.
509 4337 579 4398 orric,
590 4337 621 4384 Β.
973 4336 1110 4400 'Ropousa
1126 4347 1151 4388 et
1169 4341 1267 4389 Uecilio
1284 4347 1308 4388 et
1327 4338 1469 4388 Petronilla

398 4399 508 4448 'There
529 4401 553 4448 is
575 4399 637 4450 land
655 4401 757 4452 unbnilt
773 4417 840 4463 over,
861 4403 890 4452 in
941 4419 998 4462 aon,
1013 4405 1043 4452 B.

367 4463 451 4512 which
462 4463 506 4513 the
516 4464 603 4514 widow
611 4481 659 4516 can
668 4466 889 4518 baveberdowsr.
973 4469 984 4501 ⁰
1000 4468 1098 4532 Supply
1108 4471 1172 4533 suu,
1185 4469 1216 4518 Β.
