3276 5234
344 456 487 542 [Hilury
510 457 578 522 aad
598 456 724 534 Emer,
746 459 929 533 A.D..1228,
952 474 1015 524 aa.
1041 461 1104 544 la]
1214 464 1277 528 223

162 645 305 710 candem
337 653 458 710 terram
489 644 582 710 dedit
611 645 755 732 predicto
778 645 851 712 Ade
877 645 960 712 Cato
987 669 1046 732 pro
1071 647 1221 734 homagio
1244 659 1279 714 et

163 748 306 814 santicio
328 771 398 826 suo,
419 757 456 814 et
477 749 514 814 in
536 755 667 814 tantum
689 748 817 814 locutus
840 747 906 814 fuit
927 771 1001 816 cum
1025 750 1172 836 predicto
1197 751 1280 829 ada

164 853 255 937 quod
285 852 375 918 idem
397 851 506 917 Adam
531 859 651 916 terram
677 851 767 916 illam
796 851 939 918 reddidit
969 854 1075 919 eidem
1098 854 1280 942 Reginaldo

165 966 205 1020 ut
234 957 289 1022 ius
318 979 417 1021 suum
447 964 482 1021 et
510 957 601 1021 illam
638 957 764 1021 remisit
792 965 827 1022 et
863 959 1009 1044 quietam
1039 961 1194 1025 clamauit
1223 983 1280 1046 pro

166 1084 239 1126 xxm
279 1061 399 1126 marcis
433 1083 514 1146 quas
543 1060 575 1125 ei
603 1060 695 1126 dedit
724 1069 759 1126 et
795 1061 872 1126 inde
901 1063 1002 1128 habet
1027 1079 1149 1128 cartam
1178 1063 1280 1149 ipsius

166 1165 322 1252 Episcopi
338 1175 373 1230 et
393 1165 497 1230 eciam
517 1174 640 1230 cartam
659 1165 762 1251 ipsius
776 1166 858 1244 Ado,
874 1167 960 1232 unde
980 1167 1061 1234 dicit
1083 1169 1170 1256 quod
1192 1169 1279 1234 idem

166 1270 276 1334 Adam
291 1269 394 1334 nichil
410 1268 528 1334 habuit
542 1291 617 1334 cum
632 1269 746 1335 eadem
761 1271 879 1336 Emma
893 1271 992 1336 immo
1007 1273 1048 1338 de
1063 1273 1279 1351 leoffamcntu

166 1381 200 1435 et
216 1372 295 1437 inde
310 1373 405 1458 ponit
419 1395 454 1438 sc
469 1393 567 1457 super
580 1372 720 1438 assisam.

234 1477 281 1541 Et
315 1476 392 1541 Ada
425 1496 557 1562 presens
586 1483 636 1540 est
665 1484 700 1540 et
729 1475 789 1541 hoc
818 1485 925 1542 totum
959 1478 1106 1544 defendit
1134 1489 1170 1544 et
1198 1481 1278 1546 dicit

166 1580 254 1664 quod
285 1578 438 1644 uendidit
467 1578 499 1643 ei
527 1579 706 1664 predictam
736 1579 886 1644 Emmam
916 1601 991 1644 cum
1020 1588 1108 1646 terra
1133 1605 1192 1646 sua
1220 1605 1278 1668 pro

166 1706 239 1746 xxx
255 1682 376 1748 marcis
391 1688 425 1746 et
439 1680 500 1746 hoc
520 1680 608 1746 idem
631 1681 807 1768 Episcopus
826 1682 907 1748 dicit
927 1691 962 1748 et
983 1684 1064 1750 dicit
1083 1685 1171 1771 quod
1190 1695 1276 1772 post·

166 1807 266 1870 quam
297 1805 333 1849 se
357 1785 495 1849 retraxit
520 1806 633 1849 uersus
664 1785 859 1871 Episcopum
884 1786 1086 1852 Willelmum
1109 1777 1277 1875 nunquam

166 1888 322 1952 saisinam
344 1887 462 1952 habuit
484 1899 597 1974 postea
617 1888 681 1953 nisi
702 1911 760 1974 per
782 1889 964 1976 predictum
979 1890 1086 1956 Adam
1109 1892 1166 1977 qui
1187 1892 1276 1958 illam

164 1991 321 2056 Emmam
351 1991 383 2054 ei
411 1989 561 2055 uendidit
600 2013 674 2054 cum
703 1999 798 2069 terra,
827 2001 862 2056 et
890 1991 966 2056 inde
996 1993 1089 2078 ponit
1117 2016 1151 2058 se
1181 2016 1278 2080 super

165 2094 309 2159 iuratam
325 2102 361 2158 et
375 2093 576 2180 Reginaldus
591 2095 747 2160 similiter.
794 2096 837 2160 Et
852 2095 925 2160 ideo
940 2096 999 2160 fiat
1018 2095 1094 2160 inde
1114 2096 1222 2162 iurata
1241 2107 1276 2162 et

164 2197 281 2260 ueniat
309 2218 332 2261 a
368 2195 422 2260 die
452 2195 573 2260 Pasche
603 2196 638 2260 in
667 2219 716 2262 xv.
748 2197 817 2262 dics
845 2197 896 2262 ’ad
924 2199 1217 2284 recognoscendum
1247 2201 1276 2266 si

163 2300 273 2366 dictus
302 2300 506 2387 Reginaldus
535 2301 625 2365 eliud
650 2301 701 2365 ius
724 2309 759 2366 et
785 2301 886 2366 alium
909 2301 1091 2388 ingressum
1117 2303 1217 2368 habet
1240 2303 1276 2368 in

164 2405 314 2490 predicta
330 2412 418 2469 terra
431 2412 491 2470 etc.
535 2404 630 2469 Idem
645 2405 714 2470 dies
729 2405 826 2470 datus
841 2413 891 2470 est
905 2406 1060 2492 partibus

228 2505 287 2572 Ad
316 2506 406 2571 diem
429 2505 523 2570 illum
545 2515 706 2572 uenerunt
727 2507 781 2592 xij.
805 2507 962 2572 iuratores
985 2516 1020 2572 et
1041 2507 1156 2572 dicunt
1178 2531 1276 2595 super

164 2619 408 2673 sacramentum
437 2629 535 2674 suum
565 2609 651 2694 quod
678 2609 855 2695 Episcopus
878 2609 1062 2676 Willelmus
1087 2611 1178 2676 dedit
1203 2635 1275 2698 pre-

164 2712 289 2776 dictam
315 2719 437 2776 terram
462 2709 568 2776 eidem
591 2711 664 2776 Ade
687 2711 770 2778 Cato
788 2710 793 2798 Ι
813 2735 888 2776 cum
910 2713 1056 2797 predicta
1076 2715 1194 2780 Emma
1216 2716 1276 2781 tali

165 2817 271 2894 modo,
300 2815 331 2880 si
356 2837 428 2880 eam
452 2814 661 2900 desponsaret
684 2814 771 2900 quod
797 2815 933 2880 haberet
956 2823 1076 2880 terram
1102 2817 1200 2894 illam,
1224 2818 1275 2883 sin

165 2931 387 2998 autemnon,
409 2920 488 3005 quia
509 2942 581 2984 eam
603 2920 739 2985 tradidit
761 2919 792 2985 ei
814 2920 899 2984 sicut
925 2920 976 2985 ius
999 2929 1034 2984 et
1059 2921 1275 2987 hereditatem

164 3025 268 3111 ipsius
291 3024 417 3101 Emme,
436 3031 471 3088 et
491 3023 579 3088 idem
601 3023 709 3088 Adam
730 3023 843 3088 eodem
864 3023 959 3088 modo
981 3023 1116 3089 tradidit
1139 3025 1276 3090 eandem

163 3139 287 3194 terram
317 3129 381 3215 ipsi
410 3129 591 3215 Regiualdo
617 3151 691 3194 cum
721 3129 792 3214 ipsa
821 3129 938 3192 Emma
966 3151 1023 3214 pro
1049 3151 1121 3194 xxx.
1151 3129 1276 3208 marcis,

163 3255 246 3319 quas
269 3231 302 3296 ei
323 3231 424 3308 dedit,
446 3231 495 3296 ita
516 3231 602 3317 quod
623 3231 711 3296 idem
733 3230 934 3317 Reginaldus
954 3230 1055 3295 nichil
1076 3231 1152 3296 inde
1174 3231 1274 3298 habet

163 3337 230 3402 nisi
243 3359 304 3422 per
323 3335 504 3421 predictam
527 3335 685 3400 Emmam.
731 3335 775 3400 Et
795 3335 836 3400 de
856 3357 929 3399 xxx.
950 3333 1032 3399 acris
1051 3333 1165 3398 dicunt
1186 3335 1273 3420 quod

162 3439 250 3504 bene
288 3437 397 3503 sciunt
434 3437 520 3524 quod
557 3438 735 3525 Episcopus
770 3437 858 3524 cepit
894 3459 948 3501 eas
984 3437 1019 3501 in
1054 3437 1210 3514 namium,
1239 3447 1274 3503 et

162 3541 361 3608 multociens
380 3565 435 3608 eas
454 3543 576 3628 optulit
599 3543 705 3608 eidem
727 3542 910 3630 Reginaldo
931 3563 989 3626 per
1010 3541 1055 3606 sic
1077 3539 1164 3627 quod
1185 3541 1273 3606 idem

162 3646 368 3734 Reginsldus
383 3647 502 3711 faceret
517 3647 549 3711 ei
562 3647 700 3712 seruicia
713 3646 832 3712 debita

230 3751 277 3814 Et
305 3749 380 3814 ideo
409 3750 648 3816 consideratum
678 3758 729 3816 est
766 3749 852 3836 quod
888 3748 1067 3835 Episcopus
1096 3771 1172 3812 eum
1208 3770 1273 3814 non

160 3851 345 3918 disseisiuit
358 3851 479 3918 iniuste
494 3853 572 3939 quia
586 3861 811 3918 tenementum
826 3851 909 3917 illud
923 3859 974 3916 est
988 3851 1132 3937 predicte
1149 3851 1273 3929 Emme,

160 3965 199 4022 et
229 3956 302 4041 ipsa
330 3965 498 4021 remaneat
526 3956 562 4020 in
595 3955 714 4021 seisina
749 3976 809 4018 sua
837 3953 981 4039 exeeptis
1016 3953 1169 4038 predictis
1198 3977 1271 4020 xxx.

158 4057 247 4124 acris
277 4065 362 4123 terre
388 4079 468 4144 quas
493 4057 580 4122 idem
605 4056 783 4144 Episcopus
812 4057 927 4123 reddat
956 4056 1062 4122 eidem
1092 4057 1272 4144 Reginaldo

158 4162 255 4228 saluo
285 4161 423 4226 seruicio
451 4183 510 4225 suo
537 4169 572 4225 et
600 4160 801 4247 Reginaldus
830 4160 864 4224 in
894 4159 1118 4224 misericordia
1164 4159 1273 4224 Idem²

158 4261 322 4328 iudicium
344 4261 386 4327 de
411 4260 594 4348 Reginaldo
615 4259 657 4326 de
680 4261 783 4326 Kanc'
809 4261 864 4346 qui
892 4260 1019 4324 nullum
1041 4260 1143 4326 alium
1172 4261 1273 4326 habet

158 4368 345 4454 ingressum
360 4364 426 4430 nisi
440 4387 499 4452 per
514 4364 740 4452 Reginaldum.

283 4497 289 4527 ¹
309 4495 374 4545 This
386 4487 508 4544 senteuce
518 4493 688 4558 isexplained
698 4495 731 4557 by
742 4494 787 4544 the
798 4509 905 4557 passage
916 4492 1001 4544 which
1012 4494 1111 4544 follows
1121 4493 1150 4542 it.
