<?xml version="1.0" encoding="UTF-8"?>
<!DOCTYPE html PUBLIC "-//W3C//DTD XHTML 1.0 Transitional//EN"
    "http://www.w3.org/TR/xhtml1/DTD/xhtml1-transitional.dtd">
<html xmlns="http://www.w3.org/1999/xhtml" xml:lang="en" lang="en">
 <head>
  <title>
</title>
<meta http-equiv="Content-Type" content="text/html;charset=utf-8" />
  <meta name='ocr-system' content='tesseract 3.04.00' />
  <meta name='ocr-capabilities' content='ocr_page ocr_carea ocr_par ocr_line ocrx_word'/>
</head>
<body>
  <div class='ocr_page' id='page_1' title='image "./bractonsnoteboo04bracgoog_0444.png"; bbox 0 0 3314 5238; ppageno 0'>
   <div class='ocr_carea' id='block_1_1' title="bbox 374 419 1173 494">
    <p class='ocr_par' dir='ltr' id='par_1_1' title="bbox 374 419 1173 494">
     <span class='ocr_line' id='line_1_1' title="bbox 374 419 1173 494; baseline -0.005 -10"><span class='ocrx_word' id='word_1_1' title='bbox 374 423 437 486; x_wconf 82' lang='lat'>436</span> <span class='ocrx_word' id='word_1_2' title='bbox 671 433 894 494; x_wconf 70' lang='lat' dir='ltr'>aserenan.</span> <span class='ocrx_word' id='word_1_3' title='bbox 921 419 1014 493; x_wconf 83' lang='lat'>1231,</span> <span class='ocrx_word' id='word_1_4' title='bbox 1037 431 1099 482; x_wconf 76' lang='lat' dir='ltr'>aa</span> <span class='ocrx_word' id='word_1_5' title='bbox 1124 419 1173 481; x_wconf 85' lang='lat'>15.</span> 
     </span>
    </p>
   </div>
   <div class='ocr_carea' id='block_1_2' title="bbox 373 602 1489 695">
    <p class='ocr_par' dir='ltr' id='par_1_2' title="bbox 373 602 1489 695">
     <span class='ocr_line' id='line_1_2' title="bbox 373 602 1489 695; baseline -0.006 -21"><span class='ocrx_word' id='word_1_6' title='bbox 373 610 527 676; x_wconf 85' lang='lat' dir='ltr'>dixerunt</span> <span class='ocrx_word' id='word_1_7' title='bbox 555 606 642 695; x_wconf 90' lang='lat' dir='ltr'>quod</span> <span class='ocrx_word' id='word_1_8' title='bbox 671 607 836 694; x_wconf 85' lang='lat' dir='ltr'>predictus</span> <span class='ocrx_word' id='word_1_9' title='bbox 865 607 1012 694; x_wconf 87' lang='lat' dir='ltr'>Rogerus</span> <span class='ocrx_word' id='word_1_10' title='bbox 1038 607 1120 672; x_wconf 91' lang='lat' dir='ltr'>obiit</span> <span class='ocrx_word' id='word_1_11' title='bbox 1145 606 1275 672; x_wconf 87' lang='lat' dir='ltr'>saisitus</span> <span class='ocrx_word' id='word_1_12' title='bbox 1299 605 1341 670; x_wconf 91' lang='lat' dir='ltr'>de</span> <span class='ocrx_word' id='word_1_13' title='bbox 1366 602 1489 670; x_wconf 87' lang='lat' dir='ltr'>eadem</span> 
     </span>
    </p>
   </div>
   <div class='ocr_carea' id='block_1_3' title="bbox 372 707 1490 4310">
    <p class='ocr_par' dir='ltr' id='par_1_3' title="bbox 372 707 1490 3280">
     <span class='ocr_line' id='line_1_3' title="bbox 373 707 1489 797; baseline -0.005 -19"><span class='ocrx_word' id='word_1_14' title='bbox 373 723 460 779; x_wconf 86' lang='lat' dir='ltr'>terra</span> <span class='ocrx_word' id='word_1_15' title='bbox 475 721 509 779; x_wconf 89' lang='lat' dir='ltr'>et</span> <span class='ocrx_word' id='word_1_16' title='bbox 524 711 654 778; x_wconf 90' lang='lat' dir='ltr'>redditu</span> <span class='ocrx_word' id='word_1_17' title='bbox 669 720 706 776; x_wconf 89' lang='lat' dir='ltr'>ut</span> <span class='ocrx_word' id='word_1_18' title='bbox 723 711 763 776; x_wconf 91' lang='lat' dir='ltr'>de</span> <span class='ocrx_word' id='word_1_19' title='bbox 782 711 874 776; x_wconf 88' lang='lat' dir='ltr'>feodo</span> <span class='ocrx_word' id='word_1_20' title='bbox 894 719 929 775; x_wconf 93' lang='lat' dir='ltr'>et</span> <span class='ocrx_word' id='word_1_21' title='bbox 950 719 1024 797; x_wconf 88' lang='lat' dir='ltr'>post</span> <span class='ocrx_word' id='word_1_22' title='bbox 1046 711 1222 776; x_wconf 88' lang='lat' dir='ltr'>terminum</span> <span class='ocrx_word' id='word_1_23' title='bbox 1245 717 1279 774; x_wconf 91' lang='lat' dir='ltr'>et</span> <span class='ocrx_word' id='word_1_24' title='bbox 1302 707 1388 796; x_wconf 92' lang='lat' dir='ltr'>quod</span> <span class='ocrx_word' id='word_1_25' title='bbox 1408 728 1489 794; x_wconf 91' lang='lat' dir='ltr'>pre-</span> 
     </span>
     <span class='ocr_line' id='line_1_4' title="bbox 373 812 1489 901; baseline -0.006 -19"><span class='ocrx_word' id='word_1_26' title='bbox 373 818 480 883; x_wconf 88' lang='lat' dir='ltr'>dictus</span> <span class='ocrx_word' id='word_1_27' title='bbox 503 817 654 882; x_wconf 87' lang='lat' dir='ltr'>Oliuerus</span> <span class='ocrx_word' id='word_1_28' title='bbox 676 816 741 880; x_wconf 85' lang='lat' dir='ltr'>fuit</span> <span class='ocrx_word' id='word_1_29' title='bbox 761 815 970 901; x_wconf 88' lang='lat' dir='ltr'>propinquior</span> <span class='ocrx_word' id='word_1_30' title='bbox 989 815 1091 894; x_wconf 87' lang='lat' dir='ltr'>heres,</span> <span class='ocrx_word' id='word_1_31' title='bbox 1105 823 1140 880; x_wconf 89' lang='lat' dir='ltr'>et</span> <span class='ocrx_word' id='word_1_32' title='bbox 1155 815 1228 880; x_wconf 88' lang='lat' dir='ltr'>ideo</span> <span class='ocrx_word' id='word_1_33' title='bbox 1242 812 1489 879; x_wconf 89' lang='lat' dir='ltr'>consideratum</span> 
     </span>
     <span class='ocr_line' id='line_1_5' title="bbox 374 915 1488 1007; baseline -0.008 -20"><span class='ocrx_word' id='word_1_34' title='bbox 374 922 437 987; x_wconf 88' lang='lat' dir='ltr'>fuit</span> <span class='ocrx_word' id='word_1_35' title='bbox 459 920 546 1007; x_wconf 92' lang='lat' dir='ltr'>quod</span> <span class='ocrx_word' id='word_1_36' title='bbox 569 921 722 986; x_wconf 89' lang='lat' dir='ltr'>Oliuerus</span> <span class='ocrx_word' id='word_1_37' title='bbox 747 919 953 1005; x_wconf 86' lang='lat' dir='ltr'>recuperauit</span> <span class='ocrx_word' id='word_1_38' title='bbox 976 919 1128 983; x_wconf 84' lang='lat' dir='ltr'>saisinam</span> <span class='ocrx_word' id='word_1_39' title='bbox 1152 941 1245 983; x_wconf 90' lang='lat' dir='ltr'>suam</span> <span class='ocrx_word' id='word_1_40' title='bbox 1272 925 1306 982; x_wconf 88' lang='lat' dir='ltr'>et</span> <span class='ocrx_word' id='word_1_41' title='bbox 1332 917 1425 981; x_wconf 88' lang='lat' dir='ltr'><strong>Prior</strong></span> <span class='ocrx_word' id='word_1_42' title='bbox 1450 915 1488 978; x_wconf 90' lang='lat' dir='ltr'>in</span> 
     </span>
     <span class='ocr_line' id='line_1_6' title="bbox 373 1019 1487 1110; baseline -0.006 -20"><span class='ocrx_word' id='word_1_43' title='bbox 373 1025 596 1090; x_wconf 63' lang='lat' dir='ltr'>misericordia</span> <span class='ocrx_word' id='word_1_44' title='bbox 652 1025 696 1088; x_wconf 88' lang='lat' dir='ltr'>Et</span> <span class='ocrx_word' id='word_1_45' title='bbox 725 1025 883 1089; x_wconf 88' lang='lat' dir='ltr'>iuratores</span> <span class='ocrx_word' id='word_1_46' title='bbox 911 1024 1061 1110; x_wconf 75' lang='lat' dir='ltr'>requisiti</span> <span class='ocrx_word' id='word_1_47' title='bbox 1090 1023 1118 1088; x_wconf 89' lang='lat' dir='ltr'>si</span> <span class='ocrx_word' id='word_1_48' title='bbox 1144 1024 1210 1088; x_wconf 85' lang='lat' dir='ltr'>tale</span> <span class='ocrx_word' id='word_1_49' title='bbox 1240 1022 1283 1088; x_wconf 89' lang='lat' dir='ltr'>sit</span> <span class='ocrx_word' id='word_1_50' title='bbox 1312 1019 1487 1086; x_wconf 89' lang='lat' dir='ltr'>recordum</span> 
     </span>
     <span class='ocr_line' id='line_1_7' title="bbox 372 1123 1488 1214; baseline -0.004 -22"><span class='ocrx_word' id='word_1_51' title='bbox 372 1128 486 1192; x_wconf 90' lang='lat' dir='ltr'>dicunt</span> <span class='ocrx_word' id='word_1_52' title='bbox 510 1127 596 1214; x_wconf 92' lang='lat' dir='ltr'>quod</span> <span class='ocrx_word' id='word_1_53' title='bbox 619 1149 733 1191; x_wconf 89' lang='lat' dir='ltr'>reuera</span> <span class='ocrx_word' id='word_1_54' title='bbox 756 1126 855 1191; x_wconf 81' lang='lat' dir='ltr'>assisa</span> <span class='ocrx_word' id='word_1_55' title='bbox 876 1127 933 1191; x_wconf 92' lang='lat' dir='ltr'>illa</span> <span class='ocrx_word' id='word_1_56' title='bbox 958 1126 1052 1190; x_wconf 89' lang='lat' dir='ltr'>uenit</span> <span class='ocrx_word' id='word_1_57' title='bbox 1075 1126 1280 1212; x_wconf 86' lang='lat' dir='ltr'>recognitura</span> <span class='ocrx_word' id='word_1_58' title='bbox 1303 1123 1488 1189; x_wconf 88' lang='lat' dir='ltr'>secundum</span> 
     </span>
     <span class='ocr_line' id='line_1_8' title="bbox 372 1229 1487 1318; baseline -0.006 -20"><span class='ocrx_word' id='word_1_59' title='bbox 372 1233 459 1318; x_wconf 90' lang='lat' dir='ltr'>qnod</span> <span class='ocrx_word' id='word_1_60' title='bbox 474 1232 656 1318; x_wconf 88' lang='lat' dir='ltr'>predictum</span> <span class='ocrx_word' id='word_1_61' title='bbox 668 1240 787 1307; x_wconf 76' lang='lat' dir='ltr'>estest</span> <span class='ocrx_word' id='word_1_62' title='bbox 798 1231 876 1318; x_wconf 92' lang='lat' dir='ltr'>quia</span> <span class='ocrx_word' id='word_1_63' title='bbox 889 1231 1054 1317; x_wconf 88' lang='lat' dir='ltr'>predictus</span> <span class='ocrx_word' id='word_1_64' title='bbox 1069 1231 1221 1296; x_wconf 88' lang='lat' dir='ltr'>Oliuerus</span> <span class='ocrx_word' id='word_1_65' title='bbox 1236 1229 1352 1294; x_wconf 90' lang='lat' dir='ltr'>habuit</span> <span class='ocrx_word' id='word_1_66' title='bbox 1367 1251 1487 1315; x_wconf 87' lang='lat' dir='ltr'>quem-</span> 
     </span>
     <span class='ocr_line' id='line_1_9' title="bbox 373 1330 1489 1419; baseline -0.005 -19"><span class='ocrx_word' id='word_1_67' title='bbox 373 1336 448 1400; x_wconf 89' lang='lat' dir='ltr'>dam</span> <span class='ocrx_word' id='word_1_68' title='bbox 464 1336 595 1400; x_wconf 84' lang='lat' dir='ltr'>fratrem</span> <span class='ocrx_word' id='word_1_69' title='bbox 611 1333 790 1399; x_wconf 86' lang='lat' dir='ltr'>Radulfum</span> <span class='ocrx_word' id='word_1_70' title='bbox 805 1334 934 1398; x_wconf 90' lang='lat' dir='ltr'>nomine</span> <span class='ocrx_word' id='word_1_71' title='bbox 954 1341 1147 1398; x_wconf 88' lang='lat' dir='ltr'>antenatum</span> <span class='ocrx_word' id='word_1_72' title='bbox 1168 1333 1226 1419; x_wconf 90' lang='lat' dir='ltr'>qui</span> <span class='ocrx_word' id='word_1_73' title='bbox 1240 1341 1403 1419; x_wconf 87' lang='lat' dir='ltr'>superstes</span> <span class='ocrx_word' id='word_1_74' title='bbox 1419 1330 1489 1394; x_wconf 85' lang='lat' dir='ltr'>fuit</span> 
     </span>
     <span class='ocr_line' id='line_1_10' title="bbox 373 1434 1489 1524; baseline -0.005 -20"><span class='ocrx_word' id='word_1_75' title='bbox 373 1440 609 1506; x_wconf 91' lang='lat' dir='ltr'>dubitauerunt</span> <span class='ocrx_word' id='word_1_76' title='bbox 635 1447 746 1502; x_wconf 90' lang='lat' dir='ltr'>utrum</span> <span class='ocrx_word' id='word_1_77' title='bbox 770 1437 839 1524; x_wconf 90' lang='lat' dir='ltr'>ipse</span> <span class='ocrx_word' id='word_1_78' title='bbox 866 1437 1018 1502; x_wconf 90' lang='lat' dir='ltr'>Oliuerus</span> <span class='ocrx_word' id='word_1_79' title='bbox 1044 1444 1130 1501; x_wconf 89' lang='lat' dir='ltr'>esset</span> <span class='ocrx_word' id='word_1_80' title='bbox 1155 1435 1364 1522; x_wconf 87' lang='lat' dir='ltr'>propinquior</span> <span class='ocrx_word' id='word_1_81' title='bbox 1390 1434 1489 1498; x_wconf 88' lang='lat' dir='ltr'>heres</span> 
     </span>
     <span class='ocr_line' id='line_1_11' title="bbox 373 1538 1489 1628; baseline -0.003 -21"><span class='ocrx_word' id='word_1_82' title='bbox 373 1543 428 1608; x_wconf 91' lang='lat' dir='ltr'>uel</span> <span class='ocrx_word' id='word_1_83' title='bbox 455 1565 528 1620; x_wconf 91' lang='lat' dir='ltr'>non,</span> <span class='ocrx_word' id='word_1_84' title='bbox 554 1542 631 1628; x_wconf 89' lang='lat' dir='ltr'>quia</span> <span class='ocrx_word' id='word_1_85' title='bbox 660 1541 814 1606; x_wconf 82' lang='lat' dir='ltr'>dixerunt</span> <span class='ocrx_word' id='word_1_86' title='bbox 844 1541 930 1628; x_wconf 91' lang='lat' dir='ltr'>quod</span> <span class='ocrx_word' id='word_1_87' title='bbox 959 1540 1133 1626; x_wconf 90' lang='lat' dir='ltr'>aliquando</span> <span class='ocrx_word' id='word_1_88' title='bbox 1162 1563 1268 1606; x_wconf 88' lang='lat' dir='ltr'>coram</span> <span class='ocrx_word' id='word_1_89' title='bbox 1296 1538 1489 1604; x_wconf 87' lang='lat' dir='ltr'>iusticiariis</span> 
     </span>
     <span class='ocr_line' id='line_1_12' title="bbox 374 1642 1490 1731; baseline -0.005 -19"><span class='ocrx_word' id='word_1_90' title='bbox 374 1646 604 1712; x_wconf 79' lang='lat' dir='ltr'>itinerantibus</span> <span class='ocrx_word' id='word_1_91' title='bbox 630 1645 819 1710; x_wconf 90' lang='lat' dir='ltr'>arramiauit</span> <span class='ocrx_word' id='word_1_92' title='bbox 842 1645 1007 1731; x_wconf 87' lang='lat' dir='ltr'>predictus</span> <span class='ocrx_word' id='word_1_93' title='bbox 1031 1644 1191 1708; x_wconf 89' lang='lat' dir='ltr'>Radnlfus</span> <span class='ocrx_word' id='word_1_94' title='bbox 1215 1644 1347 1708; x_wconf 82' lang='lat' dir='ltr'>assisam</span> <span class='ocrx_word' id='word_1_95' title='bbox 1369 1642 1490 1707; x_wconf 88' lang='lat' dir='ltr'>mortis</span> 
     </span>
     <span class='ocr_line' id='line_1_13' title="bbox 373 1745 1490 1833; baseline -0.005 -19"><span class='ocrx_word' id='word_1_96' title='bbox 373 1749 584 1814; x_wconf 85' lang='lat' dir='ltr'>antecessoris</span> <span class='ocrx_word' id='word_1_97' title='bbox 609 1747 650 1812; x_wconf 87' lang='lat' dir='ltr'>de</span> <span class='ocrx_word' id='word_1_98' title='bbox 675 1755 780 1812; x_wconf 89' lang='lat' dir='ltr'>morte</span> <span class='ocrx_word' id='word_1_99' title='bbox 804 1746 943 1833; x_wconf 81' lang='lat' dir='ltr'>predicti</span> <span class='ocrx_word' id='word_1_100' title='bbox 966 1747 1085 1832; x_wconf 86' lang='lat' dir='ltr'>Rogeri</span> <span class='ocrx_word' id='word_1_101' title='bbox 1109 1745 1149 1811; x_wconf 91' lang='lat' dir='ltr'>de</span> <span class='ocrx_word' id='word_1_102' title='bbox 1173 1747 1319 1833; x_wconf 88' lang='lat' dir='ltr'>predicta</span> <span class='ocrx_word' id='word_1_103' title='bbox 1340 1753 1430 1810; x_wconf 87' lang='lat' dir='ltr'>terra</span> <span class='ocrx_word' id='word_1_104' title='bbox 1453 1753 1490 1808; x_wconf 92' lang='lat' dir='ltr'>et</span> 
     </span>
     <span class='ocr_line' id='line_1_14' title="bbox 373 1851 1489 1938; baseline -0.004 -20"><span class='ocrx_word' id='word_1_105' title='bbox 373 1853 504 1918; x_wconf 89' lang='lat' dir='ltr'>redditu</span> <span class='ocrx_word' id='word_1_106' title='bbox 526 1875 640 1917; x_wconf 89' lang='lat' dir='ltr'>uersus</span> <span class='ocrx_word' id='word_1_107' title='bbox 662 1851 801 1917; x_wconf 91' lang='lat' dir='ltr'>eundem</span> <span class='ocrx_word' id='word_1_108' title='bbox 824 1851 967 1916; x_wconf 88' lang='lat' dir='ltr'>Priorem</span> <span class='ocrx_word' id='word_1_109' title='bbox 990 1859 1025 1915; x_wconf 90' lang='lat' dir='ltr'>et</span> <span class='ocrx_word' id='word_1_110' title='bbox 1045 1851 1102 1936; x_wconf 93' lang='lat' dir='ltr'>qui</span> <span class='ocrx_word' id='word_1_111' title='bbox 1121 1851 1162 1916; x_wconf 89' lang='lat' dir='ltr'>de</span> <span class='ocrx_word' id='word_1_112' title='bbox 1182 1851 1328 1938; x_wconf 89' lang='lat' dir='ltr'>predicta</span> <span class='ocrx_word' id='word_1_113' title='bbox 1346 1856 1489 1914; x_wconf 82' lang='lat' dir='ltr'>terrast</span> 
     </span>
     <span class='ocr_line' id='line_1_15' title="bbox 374 1952 1487 2037; baseline -0.004 -18"><span class='ocrx_word' id='word_1_114' title='bbox 374 1954 504 2019; x_wconf 87' lang='lat' dir='ltr'>redditu</span> <span class='ocrx_word' id='word_1_115' title='bbox 527 1954 658 2018; x_wconf 88' lang='lat' dir='ltr'>uocauit</span> <span class='ocrx_word' id='word_1_116' title='bbox 678 1953 719 2018; x_wconf 89' lang='lat' dir='ltr'>ad</span> <span class='ocrx_word' id='word_1_117' title='bbox 735 1962 914 2018; x_wconf 78' lang='lat' dir='ltr'>warantum</span> <span class='ocrx_word' id='word_1_118' title='bbox 935 1953 1110 2018; x_wconf 87' lang='lat' dir='ltr'>Osbertum</span> <span class='ocrx_word' id='word_1_119' title='bbox 1126 1953 1166 2018; x_wconf 90' lang='lat' dir='ltr'>de</span> <span class='ocrx_word' id='word_1_120' title='bbox 1183 1952 1340 2018; x_wconf 85' lang='lat' dir='ltr'>Gladefen</span> <span class='ocrx_word' id='word_1_121' title='bbox 1355 1961 1487 2037; x_wconf 87' lang='lat' dir='ltr'>patrem</span> 
     </span>
     <span class='ocr_line' id='line_1_16' title="bbox 373 2056 1488 2146; baseline -0.006 -22"><span class='ocrx_word' id='word_1_122' title='bbox 373 2059 511 2146; x_wconf 83' lang='lat' dir='ltr'>predicti</span> <span class='ocrx_word' id='word_1_123' title='bbox 540 2058 671 2123; x_wconf 85' lang='lat' dir='ltr'>Radulfi</span> <span class='ocrx_word' id='word_1_124' title='bbox 701 2057 758 2143; x_wconf 91' lang='lat' dir='ltr'>qui</span> <span class='ocrx_word' id='word_1_125' title='bbox 784 2058 1000 2122; x_wconf 87' lang='lat' dir='ltr'>summonitus</span> <span class='ocrx_word' id='word_1_126' title='bbox 1025 2057 1067 2122; x_wconf 88' lang='lat' dir='ltr'>ad</span> <span class='ocrx_word' id='word_1_127' title='bbox 1091 2056 1364 2122; x_wconf 84' lang='lat' dir='ltr'>warantizandum</span> <span class='ocrx_word' id='word_1_128' title='bbox 1391 2063 1488 2118; x_wconf 87' lang='lat' dir='ltr'>ante-</span> 
     </span>
     <span class='ocr_line' id='line_1_17' title="bbox 374 2157 1488 2248; baseline -0.004 -22"><span class='ocrx_word' id='word_1_129' title='bbox 374 2185 471 2248; x_wconf 92' lang='lat' dir='ltr'>quam</span> <span class='ocrx_word' id='word_1_130' title='bbox 495 2161 734 2226; x_wconf 82' lang='lat' dir='ltr'>warantizasset</span> <span class='ocrx_word' id='word_1_131' title='bbox 757 2161 925 2225; x_wconf 91' lang='lat' dir='ltr'>transtulit</span> <span class='ocrx_word' id='word_1_132' title='bbox 948 2183 981 2225; x_wconf 93' lang='lat' dir='ltr'>se</span> <span class='ocrx_word' id='word_1_133' title='bbox 1004 2160 1162 2247; x_wconf 82' lang='lat' dir='ltr'>religioni,</span> <span class='ocrx_word' id='word_1_134' title='bbox 1184 2168 1218 2224; x_wconf 90' lang='lat' dir='ltr'>et</span> <span class='ocrx_word' id='word_1_135' title='bbox 1242 2167 1355 2246; x_wconf 89' lang='lat' dir='ltr'>postea</span> <span class='ocrx_word' id='word_1_136' title='bbox 1377 2157 1488 2244; x_wconf 88' lang='lat' dir='ltr'>posita</span> 
     </span>
     <span class='ocr_line' id='line_1_18' title="bbox 374 2263 1488 2350; baseline -0.002 -21"><span class='ocrx_word' id='word_1_137' title='bbox 374 2265 438 2330; x_wconf 87' lang='lat' dir='ltr'>fuit</span> <span class='ocrx_word' id='word_1_138' title='bbox 453 2265 553 2330; x_wconf 87' lang='lat' dir='ltr'>assisa</span> <span class='ocrx_word' id='word_1_139' title='bbox 566 2264 654 2350; x_wconf 90' lang='lat' dir='ltr'>apud</span> <span class='ocrx_word' id='word_1_140' title='bbox 670 2264 1003 2342; x_wconf 79' lang='lat' dir='ltr'>westmonasterium,</span> <span class='ocrx_word' id='word_1_141' title='bbox 1019 2273 1053 2329; x_wconf 90' lang='lat' dir='ltr'>et</span> <span class='ocrx_word' id='word_1_142' title='bbox 1068 2264 1115 2328; x_wconf 94' lang='lat' dir='ltr'>ibi</span> <span class='ocrx_word' id='word_1_143' title='bbox 1130 2264 1272 2328; x_wconf 86' lang='lat' dir='ltr'>ostendit</span> <span class='ocrx_word' id='word_1_144' title='bbox 1290 2263 1377 2328; x_wconf 90' lang='lat' dir='ltr'>idem</span> <span class='ocrx_word' id='word_1_145' title='bbox 1394 2263 1488 2328; x_wconf 88' lang='lat' dir='ltr'>Prior</span> 
     </span>
     <span class='ocr_line' id='line_1_19' title="bbox 374 2367 1487 2456; baseline -0.003 -23"><span class='ocrx_word' id='word_1_146' title='bbox 374 2369 514 2456; x_wconf 87' lang='lat' dir='ltr'>qualiter</span> <span class='ocrx_word' id='word_1_147' title='bbox 536 2367 701 2454; x_wconf 89' lang='lat' dir='ltr'>predictus</span> <span class='ocrx_word' id='word_1_148' title='bbox 728 2368 886 2433; x_wconf 89' lang='lat' dir='ltr'>Osbertus</span> <span class='ocrx_word' id='word_1_149' title='bbox 909 2368 1077 2432; x_wconf 87' lang='lat' dir='ltr'>transtulit</span> <span class='ocrx_word' id='word_1_150' title='bbox 1101 2390 1135 2432; x_wconf 87' lang='lat' dir='ltr'>se</span> <span class='ocrx_word' id='word_1_151' title='bbox 1158 2367 1316 2453; x_wconf 84' lang='lat' dir='ltr'>religioni,</span> <span class='ocrx_word' id='word_1_152' title='bbox 1340 2375 1375 2431; x_wconf 95' lang='grc' dir='ltr'><strong>εὴ</strong></span> <span class='ocrx_word' id='word_1_153' title='bbox 1399 2367 1487 2431; x_wconf 77' lang='lat' dir='ltr'>dixit</span> 
     </span>
     <span class='ocr_line' id='line_1_20' title="bbox 374 2471 1485 2558; baseline -0.001 -22"><span class='ocrx_word' id='word_1_154' title='bbox 374 2472 460 2558; x_wconf 90' lang='lat' dir='ltr'>qnod</span> <span class='ocrx_word' id='word_1_155' title='bbox 489 2471 649 2536; x_wconf 86' lang='lat' dir='ltr'>Radulfus</span> <span class='ocrx_word' id='word_1_156' title='bbox 674 2471 761 2536; x_wconf 92' lang='lat' dir='ltr'>filius</span> <span class='ocrx_word' id='word_1_157' title='bbox 786 2471 888 2557; x_wconf 90' lang='lat' dir='ltr'>ipsius</span> <span class='ocrx_word' id='word_1_158' title='bbox 915 2472 1045 2537; x_wconf 90' lang='lat' dir='ltr'>Osberti</span> <span class='ocrx_word' id='word_1_159' title='bbox 1074 2479 1108 2536; x_wconf 89' lang='lat' dir='ltr'>et</span> <span class='ocrx_word' id='word_1_160' title='bbox 1137 2472 1231 2536; x_wconf 90' lang='lat' dir='ltr'>heres</span> <span class='ocrx_word' id='word_1_161' title='bbox 1259 2472 1316 2558; x_wconf 91' lang='lat' dir='ltr'>qui</span> <span class='ocrx_word' id='word_1_162' title='bbox 1345 2471 1485 2536; x_wconf 88' lang='lat' dir='ltr'>eandem</span> 
     </span>
     <span class='ocr_line' id='line_1_21' title="bbox 373 2573 1486 2639; baseline -0.002 -1"><span class='ocrx_word' id='word_1_163' title='bbox 373 2573 506 2639; x_wconf 86' lang='lat' dir='ltr'>assisam</span> <span class='ocrx_word' id='word_1_164' title='bbox 529 2573 717 2638; x_wconf 90' lang='lat' dir='ltr'>arramiauit</span> <span class='ocrx_word' id='word_1_165' title='bbox 739 2595 852 2638; x_wconf 89' lang='lat' dir='ltr'>uersus</span> <span class='ocrx_word' id='word_1_166' title='bbox 874 2597 949 2638; x_wconf 91' lang='lat' dir='ltr'>eum</span> <span class='ocrx_word' id='word_1_167' title='bbox 973 2581 1092 2638; x_wconf 88' lang='lat' dir='ltr'>terram</span> <span class='ocrx_word' id='word_1_168' title='bbox 1115 2573 1204 2638; x_wconf 90' lang='lat' dir='ltr'>illam</span> <span class='ocrx_word' id='word_1_169' title='bbox 1225 2574 1256 2638; x_wconf 91' lang='lat' dir='ltr'>ei</span> <span class='ocrx_word' id='word_1_170' title='bbox 1276 2573 1486 2638; x_wconf 81' lang='lat' dir='ltr'>warantizare</span> 
     </span>
     <span class='ocr_line' id='line_1_22' title="bbox 374 2676 1486 2762; baseline -0.001 -21"><span class='ocrx_word' id='word_1_171' title='bbox 374 2676 489 2741; x_wconf 90' lang='lat' dir='ltr'>debuit</span> <span class='ocrx_word' id='word_1_172' title='bbox 509 2697 567 2761; x_wconf 90' lang='lat' dir='ltr'>per</span> <span class='ocrx_word' id='word_1_173' title='bbox 586 2685 708 2741; x_wconf 88' lang='lat' dir='ltr'>cartam</span> <span class='ocrx_word' id='word_1_174' title='bbox 728 2676 831 2762; x_wconf 89' lang='lat' dir='ltr'>patris</span> <span class='ocrx_word' id='word_1_175' title='bbox 851 2676 910 2752; x_wconf 91' lang='lat' dir='ltr'>sui,</span> <span class='ocrx_word' id='word_1_176' title='bbox 926 2676 974 2740; x_wconf 89' lang='lat' dir='ltr'>ita</span> <span class='ocrx_word' id='word_1_177' title='bbox 995 2676 1082 2762; x_wconf 94' lang='lat' dir='ltr'>quod</span> <span class='ocrx_word' id='word_1_178' title='bbox 1101 2698 1160 2762; x_wconf 88' lang='lat' dir='ltr'>per</span> <span class='ocrx_word' id='word_1_179' title='bbox 1177 2697 1366 2762; x_wconf 88' lang='lat' dir='ltr'>responsum</span> <span class='ocrx_word' id='word_1_180' title='bbox 1381 2676 1486 2762; x_wconf 88' lang='lat' dir='ltr'>ipsius</span> 
     </span>
     <span class='ocr_line' id='line_1_23' title="bbox 374 2779 1485 2865; baseline 0 -21"><span class='ocrx_word' id='word_1_181' title='bbox 374 2779 505 2844; x_wconf 90' lang='lat' dir='ltr'>Radulfi</span> <span class='ocrx_word' id='word_1_182' title='bbox 521 2779 758 2843; x_wconf 88' lang='lat' dir='ltr'>consideratum</span> <span class='ocrx_word' id='word_1_183' title='bbox 774 2779 837 2844; x_wconf 83' lang='lat' dir='ltr'>fuit</span> <span class='ocrx_word' id='word_1_184' title='bbox 852 2779 939 2865; x_wconf 89' lang='lat' dir='ltr'>apud</span> <span class='ocrx_word' id='word_1_185' title='bbox 954 2780 1280 2844; x_wconf 79' lang='lat' dir='ltr'>westmonasterium</span> <span class='ocrx_word' id='word_1_186' title='bbox 1295 2779 1382 2865; x_wconf 90' lang='lat' dir='ltr'>quod</span> <span class='ocrx_word' id='word_1_187' title='bbox 1396 2779 1485 2845; x_wconf 92' lang='lat' dir='ltr'>idem</span> 
     </span>
     <span class='ocr_line' id='line_1_24' title="bbox 375 2882 1485 2970; baseline 0 -24"><span class='ocrx_word' id='word_1_188' title='bbox 375 2882 535 2970; x_wconf 81' lang='lat' dir='ltr'>Radulfus</span> <span class='ocrx_word' id='word_1_189' title='bbox 557 2882 589 2946; x_wconf 85' lang='lat' dir='ltr'>ei</span> <span class='ocrx_word' id='word_1_190' title='bbox 610 2882 725 2946; x_wconf 84' lang='lat' dir='ltr'>debuit</span> <span class='ocrx_word' id='word_1_191' title='bbox 741 2883 947 2948; x_wconf 87' lang='lat' dir='ltr'>warantizare</span> <span class='ocrx_word' id='word_1_192' title='bbox 970 2891 1004 2947; x_wconf 92' lang='lat' dir='ltr'>et</span> <span class='ocrx_word' id='word_1_193' title='bbox 1026 2882 1075 2946; x_wconf 90' lang='lat' dir='ltr'>ita</span> <span class='ocrx_word' id='word_1_194' title='bbox 1095 2883 1251 2947; x_wconf 86' lang='lat' dir='ltr'>remansit</span> <span class='ocrx_word' id='word_1_195' title='bbox 1273 2883 1381 2959; x_wconf 86' lang='lat' dir='ltr'>assisa,</span> <span class='ocrx_word' id='word_1_196' title='bbox 1396 2883 1485 2947; x_wconf 92' lang='lat' dir='ltr'>unde</span> 
     </span>
     <span class='ocr_line' id='line_1_25' title="bbox 375 2986 1486 3073; baseline -0.001 -23"><span class='ocrx_word' id='word_1_197' title='bbox 375 2995 410 3050; x_wconf 88' lang='lat' dir='ltr'>et</span> <span class='ocrx_word' id='word_1_198' title='bbox 434 2986 497 3050; x_wconf 91' lang='lat' dir='ltr'>hiis</span> <span class='ocrx_word' id='word_1_199' title='bbox 519 2986 701 3050; x_wconf 86' lang='lat' dir='ltr'>racionibns</span> <span class='ocrx_word' id='word_1_200' title='bbox 723 2986 959 3052; x_wconf 84' lang='lat' dir='ltr'>dubitauerunt</span> <span class='ocrx_word' id='word_1_201' title='bbox 981 2987 1044 3073; x_wconf 92' lang='lat' dir='ltr'>ipsi</span> <span class='ocrx_word' id='word_1_202' title='bbox 1066 2987 1222 3052; x_wconf 89' lang='lat' dir='ltr'>iuratores</span> <span class='ocrx_word' id='word_1_203' title='bbox 1245 2987 1350 3051; x_wconf 89' lang='lat' dir='ltr'>dicere</span> <span class='ocrx_word' id='word_1_204' title='bbox 1371 2995 1486 3050; x_wconf 86' lang='lat' dir='ltr'>utrum</span> 
     </span>
     <span class='ocr_line' id='line_1_26' title="bbox 375 3090 1485 3178; baseline -0.001 -25"><span class='ocrx_word' id='word_1_205' title='bbox 375 3090 444 3175; x_wconf 88' lang='lat' dir='ltr'>ipse</span> <span class='ocrx_word' id='word_1_206' title='bbox 468 3091 619 3155; x_wconf 85' lang='lat' dir='ltr'>Oliuerus</span> <span class='ocrx_word' id='word_1_207' title='bbox 641 3099 726 3155; x_wconf 88' lang='lat' dir='ltr'>esset</span> <span class='ocrx_word' id='word_1_208' title='bbox 746 3092 955 3178; x_wconf 88' lang='lat' dir='ltr'>propinquior</span> <span class='ocrx_word' id='word_1_209' title='bbox 974 3093 1067 3156; x_wconf 90' lang='lat' dir='ltr'>heres</span> <span class='ocrx_word' id='word_1_210' title='bbox 1086 3091 1189 3177; x_wconf 90' lang='lat' dir='ltr'>ipsius</span> <span class='ocrx_word' id='word_1_211' title='bbox 1206 3091 1327 3177; x_wconf 86' lang='lat' dir='ltr'>Rogeri</span> <span class='ocrx_word' id='word_1_212' title='bbox 1342 3091 1395 3155; x_wconf 90' lang='lat' dir='ltr'>uel</span> <span class='ocrx_word' id='word_1_213' title='bbox 1411 3112 1485 3153; x_wconf 92' lang='lat' dir='ltr'>non.</span> 
     </span>
     <span class='ocr_line' id='line_1_27' title="bbox 375 3193 1417 3280; baseline 0 -24"><span class='ocrx_word' id='word_1_214' title='bbox 375 3193 421 3256; x_wconf 89' lang='lat' dir='ltr'>Et</span> <span class='ocrx_word' id='word_1_215' title='bbox 436 3193 586 3257; x_wconf 88' lang='lat' dir='ltr'>Oliuerus</span> <span class='ocrx_word' id='word_1_216' title='bbox 602 3193 776 3279; x_wconf 91' lang='lat' dir='ltr'>requisitus</span> <span class='ocrx_word' id='word_1_217' title='bbox 792 3195 819 3258; x_wconf 90' lang='lat' dir='ltr'>si</span> <span class='ocrx_word' id='word_1_218' title='bbox 834 3195 882 3259; x_wconf 88' lang='lat' dir='ltr'>ita</span> <span class='ocrx_word' id='word_1_219' title='bbox 896 3203 981 3260; x_wconf 89' lang='lat' dir='ltr'>esset</span> <span class='ocrx_word' id='word_1_220' title='bbox 996 3203 1030 3258; x_wconf 88' lang='lat' dir='ltr'>et</span> <span class='ocrx_word' id='word_1_221' title='bbox 1045 3193 1114 3280; x_wconf 89' lang='lat' dir='ltr'>ipse</span> <span class='ocrx_word' id='word_1_222' title='bbox 1129 3194 1189 3258; x_wconf 91' lang='lat' dir='ltr'>hoc</span> <span class='ocrx_word' id='word_1_223' title='bbox 1204 3217 1269 3258; x_wconf 92' lang='lat' dir='ltr'>non</span> <span class='ocrx_word' id='word_1_224' title='bbox 1284 3193 1417 3258; x_wconf 86' lang='lat' dir='ltr'>dedixit.</span> 
     </span>
    </p>

    <p class='ocr_par' dir='ltr' id='par_1_4' title="bbox 377 3295 1487 3590">
     <span class='ocr_line' id='line_1_28' title="bbox 443 3295 1487 3383; baseline 0.003 -26"><span class='ocrx_word' id='word_1_225' title='bbox 443 3295 486 3358; x_wconf 87' lang='lat' dir='ltr'>Et</span> <span class='ocrx_word' id='word_1_226' title='bbox 516 3295 654 3380; x_wconf 86' lang='lat' dir='ltr'>predicti</span> <span class='ocrx_word' id='word_1_227' title='bbox 683 3296 852 3362; x_wconf 88' lang='lat' dir='ltr'>iusticiarii</span> <span class='ocrx_word' id='word_1_228' title='bbox 878 3298 938 3362; x_wconf 91' lang='lat' dir='ltr'>hoc</span> <span class='ocrx_word' id='word_1_229' title='bbox 963 3297 1067 3383; x_wconf 88' lang='lat' dir='ltr'>primo</span> <span class='ocrx_word' id='word_1_230' title='bbox 1093 3295 1287 3361; x_wconf 84' lang='lat' dir='ltr'>dedixerunt</span> <span class='ocrx_word' id='word_1_231' title='bbox 1313 3305 1347 3361; x_wconf 86' lang='lat' dir='ltr'>et</span> <span class='ocrx_word' id='word_1_232' title='bbox 1373 3305 1487 3382; x_wconf 84' lang='lat' dir='ltr'>postea</span> 
     </span>
     <span class='ocr_line' id='line_1_29' title="bbox 377 3399 1485 3485; baseline 0 -23"><span class='ocrx_word' id='word_1_233' title='bbox 377 3405 599 3483; x_wconf 86' lang='lat' dir='ltr'>cognouerunt</span> <span class='ocrx_word' id='word_1_234' title='bbox 629 3399 715 3484; x_wconf 90' lang='lat' dir='ltr'>quod</span> <span class='ocrx_word' id='word_1_235' title='bbox 745 3400 883 3485; x_wconf 87' lang='lat' dir='ltr'>predicti</span> <span class='ocrx_word' id='word_1_236' title='bbox 912 3401 1069 3464; x_wconf 88' lang='lat' dir='ltr'>iuratores</span> <span class='ocrx_word' id='word_1_237' title='bbox 1098 3399 1248 3464; x_wconf 85' lang='lat' dir='ltr'>dixerant</span> <span class='ocrx_word' id='word_1_238' title='bbox 1278 3399 1363 3485; x_wconf 91' lang='lat' dir='ltr'>quod</span> <span class='ocrx_word' id='word_1_239' title='bbox 1397 3399 1485 3464; x_wconf 90' lang='lat' dir='ltr'>idem</span> 
     </span>
     <span class='ocr_line' id='line_1_30' title="bbox 378 3500 1272 3590; baseline 0.002 -24"><span class='ocrx_word' id='word_1_240' title='bbox 378 3501 531 3566; x_wconf 86' lang='lat' dir='ltr'>Oliuerus</span> <span class='ocrx_word' id='word_1_241' title='bbox 546 3500 661 3565; x_wconf 90' lang='lat' dir='ltr'>habuit</span> <span class='ocrx_word' id='word_1_242' title='bbox 677 3502 850 3587; x_wconf 91' lang='lat' dir='ltr'>quemdam</span> <span class='ocrx_word' id='word_1_243' title='bbox 865 3504 996 3568; x_wconf 89' lang='lat' dir='ltr'>fratrem</span> <span class='ocrx_word' id='word_1_244' title='bbox 1012 3505 1272 3590; x_wconf 88' lang='lat' dir='ltr'>primogenitum.</span> 
     </span>
    </p>

    <p class='ocr_par' dir='ltr' id='par_1_5' title="bbox 378 3603 1485 4310">
     <span class='ocr_line' id='line_1_31' title="bbox 444 3603 1485 3692; baseline 0.007 -26"><span class='ocrx_word' id='word_1_245' title='bbox 444 3603 487 3666; x_wconf 88' lang='lat' dir='ltr'>Et</span> <span class='ocrx_word' id='word_1_246' title='bbox 511 3603 602 3667; x_wconf 90' lang='lat' dir='ltr'>Prior</span> <span class='ocrx_word' id='word_1_247' title='bbox 625 3604 704 3668; x_wconf 87' lang='lat' dir='ltr'>dicit</span> <span class='ocrx_word' id='word_1_248' title='bbox 728 3604 813 3690; x_wconf 90' lang='lat' dir='ltr'>quod</span> <span class='ocrx_word' id='word_1_249' title='bbox 838 3607 1004 3672; x_wconf 88' lang='lat' dir='ltr'>reoordum</span> <span class='ocrx_word' id='word_1_250' title='bbox 1027 3607 1093 3672; x_wconf 88' lang='lat' dir='ltr'>tale</span> <span class='ocrx_word' id='word_1_251' title='bbox 1116 3615 1166 3671; x_wconf 88' lang='lat' dir='ltr'>est</span> <span class='ocrx_word' id='word_1_252' title='bbox 1188 3607 1251 3671; x_wconf 92' lang='lat' dir='ltr'>nisi</span> <span class='ocrx_word' id='word_1_253' title='bbox 1271 3607 1306 3671; x_wconf 89' lang='lat' dir='ltr'>in</span> <span class='ocrx_word' id='word_1_254' title='bbox 1324 3607 1384 3672; x_wconf 94' lang='lat' dir='ltr'>hoc</span> <span class='ocrx_word' id='word_1_255' title='bbox 1399 3607 1485 3692; x_wconf 89' lang='lat' dir='ltr'>quod</span> 
     </span>
     <span class='ocr_line' id='line_1_32' title="bbox 378 3706 1485 3794; baseline 0.004 -24"><span class='ocrx_word' id='word_1_256' title='bbox 378 3729 452 3771; x_wconf 90' lang='lat' dir='ltr'>cnm</span> <span class='ocrx_word' id='word_1_257' title='bbox 478 3706 547 3792; x_wconf 89' lang='lat' dir='ltr'>ipse</span> <span class='ocrx_word' id='word_1_258' title='bbox 574 3715 720 3772; x_wconf 88' lang='lat' dir='ltr'>uocasset</span> <span class='ocrx_word' id='word_1_259' title='bbox 745 3708 928 3794; x_wconf 84' lang='lat' dir='ltr'>predictum</span> <span class='ocrx_word' id='word_1_260' title='bbox 954 3709 1151 3774; x_wconf 84' lang='lat' dir='ltr'>Radulfum¹</span> <span class='ocrx_word' id='word_1_261' title='bbox 1177 3710 1219 3774; x_wconf 87' lang='lat' dir='ltr'>ad</span> <span class='ocrx_word' id='word_1_262' title='bbox 1245 3719 1426 3775; x_wconf 86' lang='lat' dir='ltr'>warantum</span> <span class='ocrx_word' id='word_1_263' title='bbox 1452 3719 1485 3776; x_wconf 91' lang='lat' dir='ltr'>et</span> 
     </span>
     <span class='ocr_line' id='line_1_33' title="bbox 378 3810 1485 3900; baseline 0.004 -26"><span class='ocrx_word' id='word_1_264' title='bbox 378 3810 527 3897; x_wconf 85' lang='lat' dir='ltr'>petiisset</span> <span class='ocrx_word' id='word_1_265' title='bbox 546 3811 704 3876; x_wconf 87' lang='lat' dir='ltr'>auxilium</span> <span class='ocrx_word' id='word_1_266' title='bbox 725 3813 812 3878; x_wconf 87' lang='lat' dir='ltr'>curie</span> <span class='ocrx_word' id='word_1_267' title='bbox 827 3823 862 3878; x_wconf 92' lang='lat' dir='ltr'>et</span> <span class='ocrx_word' id='word_1_268' title='bbox 876 3836 934 3900; x_wconf 93' lang='lat' dir='ltr'>pro</span> <span class='ocrx_word' id='word_1_269' title='bbox 949 3815 1097 3879; x_wconf 91' lang='lat' dir='ltr'>habendo</span> <span class='ocrx_word' id='word_1_270' title='bbox 1111 3815 1233 3879; x_wconf 84' lang='lat' dir='ltr'>auxilio</span> <span class='ocrx_word' id='word_1_271' title='bbox 1248 3815 1335 3879; x_wconf 85' lang='lat' dir='ltr'>curie</span> <span class='ocrx_word' id='word_1_272' title='bbox 1350 3814 1485 3900; x_wconf 90' lang='lat' dir='ltr'>optulis-</span> 
     </span>
     <span class='ocr_line' id='line_1_34' title="bbox 379 3917 1485 4003; baseline 0.003 -24"><span class='ocrx_word' id='word_1_273' title='bbox 379 3924 429 3980; x_wconf 88' lang='lat' dir='ltr'>set</span> <span class='ocrx_word' id='word_1_274' title='bbox 444 3939 471 3980; x_wconf 87' lang='lat' dir='ltr'>v.</span> <span class='ocrx_word' id='word_1_275' title='bbox 488 3939 583 3980; x_wconf 90' lang='lat' dir='ltr'>marc.</span> <span class='ocrx_word' id='word_1_276' title='bbox 600 3917 654 3981; x_wconf 73' lang='lat' dir='ltr'>et¹</span> <span class='ocrx_word' id='word_1_277' title='bbox 669 3917 787 3982; x_wconf 88' lang='lat' dir='ltr'>habere</span> <span class='ocrx_word' id='word_1_278' title='bbox 803 3941 868 3982; x_wconf 90' lang='lat' dir='ltr'>non</span> <span class='ocrx_word' id='word_1_279' title='bbox 886 3919 994 4003; x_wconf 88' lang='lat' dir='ltr'>potuit</span> <span class='ocrx_word' id='word_1_280' title='bbox 1014 3941 1074 3984; x_wconf 90' lang='lat' dir='ltr'>nec</span> <span class='ocrx_word' id='word_1_281' title='bbox 1093 3917 1206 3983; x_wconf 89' lang='lat' dir='ltr'>audiri</span> <span class='ocrx_word' id='word_1_282' title='bbox 1253 3919 1297 3982; x_wconf 86' lang='lat' dir='ltr'>Et</span> <span class='ocrx_word' id='word_1_283' title='bbox 1316 3917 1485 3983; x_wconf 86' lang='lat' dir='ltr'>iusticiarii</span> 
     </span>
     <span class='ocr_line' id='line_1_35' title="bbox 379 4018 1483 4107; baseline 0.001 -24"><span class='ocrx_word' id='word_1_284' title='bbox 379 4019 439 4083; x_wconf 88' lang='lat' dir='ltr'>hoe</span> <span class='ocrx_word' id='word_1_285' title='bbox 453 4018 633 4084; x_wconf 88' lang='lat' dir='ltr'>defendunt</span> <span class='ocrx_word' id='word_1_286' title='bbox 644 4028 694 4084; x_wconf 90' lang='lat' dir='ltr'>set</span> <span class='ocrx_word' id='word_1_287' title='bbox 706 4019 819 4084; x_wconf 88' lang='lat' dir='ltr'>dieunt</span> <span class='ocrx_word' id='word_1_288' title='bbox 831 4021 917 4107; x_wconf 92' lang='lat' dir='ltr'>quod</span> <span class='ocrx_word' id='word_1_289' title='bbox 932 4020 1091 4086; x_wconf 86' lang='lat' dir='ltr'>Radulfus</span> <span class='ocrx_word' id='word_1_290' title='bbox 1108 4021 1241 4086; x_wconf 87' lang='lat' dir='ltr'>Gemun</span> <span class='ocrx_word' id='word_1_291' title='bbox 1256 4021 1377 4106; x_wconf 90' lang='lat' dir='ltr'>optulit</span> <span class='ocrx_word' id='word_1_292' title='bbox 1391 4021 1483 4085; x_wconf 88' lang='lat' dir='ltr'>Dom.</span> 
     </span>
     <span class='ocr_line' id='line_1_36' title="bbox 379 4121 1482 4209; baseline 0.003 -25"><span class='ocrx_word' id='word_1_293' title='bbox 379 4121 463 4207; x_wconf 85' lang='lat' dir='ltr'>Regi</span> <span class='ocrx_word' id='word_1_294' title='bbox 489 4121 513 4205; x_wconf 89' lang='lat' dir='ltr'>j.</span> <span class='ocrx_word' id='word_1_295' title='bbox 542 4129 729 4186; x_wconf 88' lang='lat' dir='ltr'>austurcum</span> <span class='ocrx_word' id='word_1_296' title='bbox 759 4145 817 4208; x_wconf 91' lang='lat' dir='ltr'>pro</span> <span class='ocrx_word' id='word_1_297' title='bbox 846 4122 965 4188; x_wconf 85' lang='lat' dir='ltr'>iudicio</span> <span class='ocrx_word' id='word_1_298' title='bbox 994 4123 1082 4188; x_wconf 90' lang='lat' dir='ltr'>illius</span> <span class='ocrx_word' id='word_1_299' title='bbox 1111 4123 1208 4189; x_wconf 80' lang='lat' dir='ltr'>assisa</span> <span class='ocrx_word' id='word_1_300' title='bbox 1238 4123 1273 4188; x_wconf 92' lang='lat' dir='ltr'>in</span> <span class='ocrx_word' id='word_1_301' title='bbox 1302 4131 1482 4209; x_wconf 79' lang='lat' dir='ltr'>respectum</span> 
     </span>
     <span class='ocr_line' id='line_1_37' title="bbox 379 4222 535 4310; baseline 0 -22"><span class='ocrx_word' id='word_1_302' title='bbox 379 4222 535 4310; x_wconf 88' lang='lat' dir='ltr'>ponendo.</span> 
     </span>
    </p>
   </div>
   <div class='ocr_carea' id='block_1_4' title="bbox 446 4327 1482 4419">
    <p class='ocr_par' dir='ltr' id='par_1_6' title="bbox 446 4327 1482 4419">
     <span class='ocr_line' id='line_1_38' title="bbox 446 4327 1482 4419; baseline 0.006 -28"><span class='ocrx_word' id='word_1_303' title='bbox 446 4327 489 4392; x_wconf 92' lang='lat' dir='ltr'>Et</span> <span class='ocrx_word' id='word_1_304' title='bbox 515 4328 592 4414; x_wconf 90' lang='lat' dir='ltr'>quia</span> <span class='ocrx_word' id='word_1_305' title='bbox 621 4329 790 4394; x_wconf 87' lang='lat' dir='ltr'>iusticiarii</span> <span class='ocrx_word' id='word_1_306' title='bbox 816 4341 1013 4418; x_wconf 89' lang='lat' dir='ltr'>cognoscunt</span> <span class='ocrx_word' id='word_1_307' title='bbox 1039 4333 1125 4419; x_wconf 92' lang='lat' dir='ltr'>quod</span> <span class='ocrx_word' id='word_1_308' title='bbox 1151 4333 1309 4397; x_wconf 87' lang='lat' dir='ltr'>iuratores</span> <span class='ocrx_word' id='word_1_309' title='bbox 1332 4332 1482 4398; x_wconf 87' lang='lat' dir='ltr'>dixerunt</span> 
     </span>
    </p>
   </div>
   <div class='ocr_carea' id='block_1_5' title="bbox 573 4472 1256 4540">
    <p class='ocr_par' dir='ltr' id='par_1_7' title="bbox 573 4472 1256 4540">
     <span class='ocr_line' id='line_1_39' title="bbox 573 4472 1256 4540; baseline 0.003 -18"><span class='ocrx_word' id='word_1_310' title='bbox 573 4472 582 4504; x_wconf 82' lang='lat'>¹</span> <span class='ocrx_word' id='word_1_311' title='bbox 600 4473 737 4536; x_wconf 67' lang='lat' dir='ltr'>liudulfum</span> <span class='ocrx_word' id='word_1_312' title='bbox 750 4475 877 4536; x_wconf 86' lang='lat' dir='ltr'>repeated.</span> <span class='ocrx_word' id='word_1_313' title='bbox 1090 4477 1100 4508; x_wconf 82' lang='lat'>²</span> <span class='ocrx_word' id='word_1_314' title='bbox 1118 4477 1175 4526; x_wconf 90' lang='lat' dir='ltr'>Om.</span> <span class='ocrx_word' id='word_1_315' title='bbox 1189 4486 1211 4526; x_wconf 81' lang='lat' dir='ltr'>er</span> <span class='ocrx_word' id='word_1_316' title='bbox 1225 4477 1256 4540; x_wconf 70' lang='lat' dir='ltr'>(l)</span> 
     </span>
    </p>
   </div>
   <div class='ocr_carea' id='block_1_6' title="bbox 0 0 1664 5238">
    <p class='ocr_par' dir='ltr' id='par_1_8' title="bbox 0 0 1664 5238">
     <span class='ocr_line' id='line_1_40' title="bbox 0 0 1664 5238; baseline 0 0"><span class='ocrx_word' id='word_1_317' title='bbox 0 0 1664 5238; x_wconf 95' lang='lat' dir='ltr'> </span> 
     </span>
    </p>
   </div>
  </div>
 </body>
</html>
