3260 5218
328 506 459 558 mum
482 506 554 556 sun
578 505 713 568 sussen,
736 507 800 557 sn.
826 493 918 570 1220,
940 505 1003 556 su
1027 494 1054 554 4.
1197 495 1239 555 85

155 681 192 746 ed
205 680 377 747 faciendum
392 680 564 746 semioium
580 675 773 765 capitalibus
787 676 926 742 dominis
946 684 1006 742 etc.
1022 681 1056 741 et
1075 674 1098 740 J
1099 673 1241 739 ohannes

155 787 272 873 Baghot
298 793 332 850 et
360 786 523 851 Robertus
552 785 593 850 de
621 784 654 848 la
683 782 774 848 More
804 783 966 848 Robertus
990 781 1031 847 de
1061 781 1240 846 Pendeford

155 889 299 954 Redulfus
312 887 353 954 de
368 889 572 954 Whitemora
585 886 748 952 Henrieus
765 885 806 950 de
822 885 1004 950 Hemerwie
1016 907 1241 950 summouean-

154 991 215 1055 tur²
230 1001 263 1056 et
279 989 378 1056 assisa
396 991 513 1056 ultime
535 988 786 1076 presentnoionis
807 990 973 1053 remaneat
993 1009 1160 1074 quousque
1180 987 1240 1053 heo

153 1095 248 1160 inusta
260 1103 355 1181 cepte.
369 1094 477 1160 fuen't.

209 1198 249 1262 nt
263 1207 410 1284 preserea
423 1198 535 1263 decem
550 1205 619 1261 tem
634 1196 755 1261 milites
770 1218 868 1282 quam
883 1195 940 1260 elii
956 1195 1050 1260 liberi
1064 1204 1099 1260 et
1120 1193 1240 1282 legulos

153 1303 284 1369 homines
309 1304 350 1369 de
375 1304 504 1368 uisneto
528 1301 585 1388 qui
608 1323 668 1366 neo
692 1307 832 1386 tangent
853 1299 1033 1364 Henrlcum
1055 1323 1115 1365 neo
1136 1301 1239 1386 ipsam

151 1407 312 1472 Albredem
335 1407 497 1472 affinitate
523 1403 714 1491 attingant',
739 1411 773 1468 et
795 1403 878 1468 tales
902 1403 960 1490 qui
982 1402 1063 1468 non'
1084 1403 1125 1469 de
1148 1403 1240 1469 feodo

151 1510 274 1576 comitis
288 1511 415 1577 Cestrie
430 1511 484 1574 uel
498 1509 601 1595 ipsius
616 1507 759 1573 Henric'n
1161 1515 1164 1521 '

204 1615 421 1680 ‘Theobeldus
436 1614 476 1678 de
492 1612 639 1678 Lesceles
653 1633 710 1696 pro
725 1633 759 1675 se
781 1618 815 1675 et
839 1611 914 1676 Ado
933 1633 1031 1676 uxore
1055 1611 1127 1676 eius
1147 1611 1239 1678 euius
1289 1618 1365 1658 ΜΝ·

150 1715 207 1782 loeo
220 1717 351 1803 ponitur
364 1724 484 1803 petuno
499 1737 611 1780 uersus
625 1714 827 1779 Willelmum
848 1715 888 1779 de
907 1715 1089 1801 Oantelupo
1112 1723 1237 1800 septem

149 1829 300 1885 eumentes
316 1829 403 1885 serre
418 1841 493 1884 eum
508 1816 717 1905 pertinenciis
731 1817 767 1881 in
783 1817 944 1883 Bulewico
961 1825 1000 1882 ut
1014 1818 1124 1883 dotem
1136 1818 1238 1904 ipsius

148 1921 210 1986 Ade
229 1921 316 1986 unde
341 1921 526 1986 Willelmus
549 1920 589 1985 de
616 1918 799 2005 Ourbenay³
822 1920 986 2005 quondam
1013 1920 1066 1985 uir
1087 1943 1165 1986 suus
1192 1919 1239 1985 ei⁸

148 2025 262 2091 dotauit
276 2035 337 2092 esc.
353 2035 388 2091 et
403 2026 479 2090 inde
494 2024 643 2111 producis
658 2032 780 2090 sectam
796 2033 855 2090 ete.

202 2131 243 2194 Et
257 2129 443 2195 Willelmus
457 2129 551 2194 uenit
566 2139 600 2194 et
615 2129 694 2194 dicit
709 2129 795 2216 quod
807 2151 871 2193 non
883 2127 982 2194 debeo
993 2127 1103 2192 dotem
1120 2127 1238 2194 hebere
1252 2135 1398 2222 ⁸⁰²⁸&ss

147 2233 220 2299 sicut
241 2233 313 2319 ipse
336 2233 432 2320 petit,
455 2233 533 2319 quia
558 2240 646 2297 terra
667 2231 725 2296 ille
750 2240 800 2296 est
825 2231 930 2316 capud
953 2230 1085 2296 baronis
1110 2239 1144 2296 et
1168 2231 1239 2317 ipse
1251 2187 1372 2325 ffiff

148 2339 223 2424 petit
246 2347 352 2404 tutem
377 2337 489 2402 uillam
513 2336 560 2402 in¹
577 2337 696 2415 dotem,
722 2337 809 2402 unde
836 2335 970 2402 uidetur
999 2336 1030 2402 ei
1059 2337 1146 2424 quod
1174 2361 1239 2404 non
1252 2324 1347 2363 ΝΜ

148 2442 244 2526 potuit
257 2441 335 2506 inde
350 2439 465 2517 dotari,
479 2447 530 2505 set
544 2441 572 2505 si
587 2439 727 2506 uoluerit
747 2441 866 2506 habere
887 2441 1113 2506 raeionabilem
1128 2441 1238 2508 dotem
1340 2487 1342 2491 -

146 2567 227 2610 susm
241 2543 422 2612 secundum
436 2545 543 2632 legem
558 2553 652 2624 terre,
667 2545 790 2611 scilieet
803 2545 937 2611 terciam
951 2554 1088 2632 partem,
1100 2547 1241 2614 libenter

147 2648 173 2712 ei
186 2650 277 2714 feoieb
292 2649 430 2714 tercium
446 2655 583 2734 partem.

202 2754 243 2817 Et
256 2751 465 2818 Theobaldus
480 2761 514 2818 et
534 2751 608 2816 Ada
626 2750 740 2817 dieunt
764 2752 849 2839 quod
869 2753 1048 2818 manerium
1070 2754 1152 2820 illud
1174 2777 1239 2818 non

148 2861 190 2919 est
216 2855 322 2942 capud
351 2853 484 2919 beronio
512 2853 613 2918 immo
642 2854 788 2920 defendit
817 2877 852 2920 se
881 2854 954 2941 per'
983 2856 1113 2922 feodum
1142 2857 1239 2922 unius

148 2957 247 3023 militis
269 2981 331 3043 per
353 2979 387 3023 se
410 2966 445 3022 et
470 2965 617 3043 preterea
636 2957 836 3046 Regineldus
859 2958 946 3023 filius
967 2959 1044 3024 Ursi
1059 2969 1240 3025 antecessor

149 3059 292 3126 willelmi
315 3061 357 3125 de
381 3059 546 3146 Ourtenay
566 3059 694 3124 dotauit
715 3059 910 3124 Beneficium
930 3083 1062 3125 uxorem
1084 3083 1176 3126 suem
1198 3060 1238 3126 de

148 3164 246 3230 eodem
272 3163 429 3241 manen'o,
451 3187 514 3250 que
537 3172 610 3250 post
636 3173 773 3229 mortem
796 3165 899 3251 ipsius
928 3165 1100 3250 Regineldi
1130 3165 1239 3230 tenuit

149 3269 316 3334 manerium
330 3267 412 3332 illud
428 3267 462 3332 in
476 3267 586 3332 dotem
601 3276 673 3332 uota
686 3268 758 3333 uite
772 3291 838 3346 sua,
853 3278 889 3334 et
903 3269 974 3356 ipse
987 3269 1061 3334 Ado
1080 3269 1143 3334 fuit
1162 3270 1238 3336 inde

149 3370 328 3438 nominatim
342 3371 456 3436 dotata
470 3369 556 3435 unde
571 3369 703 3435 uidetur
717 3369 748 3436 ei
763 3369 849 3457 quod
862 3371 946 3437 bene
967 3371 1077 3458 potuit
1096 3371 1144 3437 ita
1162 3373 1238 3440 inde

148 3471 246 3540 dotari.

202 3579 243 3644 Eu
270 3577 458 3644 Willelmus
486 3578 566 3644 dicit
595 3577 681 3665 quod
710 3579 890 3644 manerium
926 3579 1009 3644 illud
1046 3587 1096 3645 est
1133 3581 1237 3668 capud

147 3679 264 3748 baronie
287 3691 324 3748 et
345 3683 487 3768 primum
509 3683 741 3748 feofamentum
763 3692 1001 3750 anteoessorum
1017 3684 1175 3750 Willelmi
1196 3685 1236 3751 de

148 3784 303 3873 cartenay
314 3794 350 3851 et
361 3794 453 3850 tenet
469 3785 510 3850 de
525 3786 654 3851 domino
665 3785 755 3872 Rege
766 3786 801 3850 in
813 3786 927 3872 eapite,
939 3796 974 3852 en
985 3787 1070 3874 petit
1081 3789 1236 3854 iudicium

146 3889 170 3952 si
194 3891 278 3956 idem
309 3889 493 3954 Willelmus
516 3889 556 3954 de
587 3889 752 3977 Curtenay
781 3891 889 3977 potuit
918 3915 990 3956 eam
1020 3891 1096 3956 inde
1125 3892 1237 3958 dotato

146 3992 260 4060 dssieut
275 4002 326 4060 ost
341 3993 446 4080 capud
461 3993 601 4059 baronio.
644 3995 735 4060 Dicit
756 3995 858 4060 eciem
881 3996 967 4083 quod
989 3997 1016 4061 si
1039 3997 1238 4084 Regineldus

174 4111 183 4145 ¹
198 4113 250 4165 The
263 4114 349 4164 words
368 4117 403 4164 ’.ει
416 4119 533 4177 preterea
550 4115 659 4164 decem...
744 4117 755 4148 ⁴
770 4116 801 4165 A.
813 4129 848 4167 m.
860 4117 890 4178 ⁹3
907 4116 938 4166 B.
950 4131 986 4167 m.
999 4119 1023 4170 7.

148 4179 218 4240 ipsius
237 4179 361 4230 Hem-ici'
385 4179 436 4244 (see
457 4178 547 4256 below)
569 4178 663 4229 should
744 4180 907 4245 Ὀονιεηαμ,
919 4182 951 4230 Β.

148 4245 320 4297 ωωοὶῐιὶιετο.
351 4243 663 4295 nnemnnkenoaused
745 4245 844 4295 ‘Corn
856 4247 961 4306 eom,
973 4245 1004 4300 B.

148 4306 207 4369 bys
226 4308 366 4374 postsoeipt
382 4309 413 4360 in
429 4310 452 4359 Δ
467 4308 553 4359 whioh
571 4308 595 4359 is
610 4308 662 4360 dis·
745 4309 756 4346 ²
772 4310 803 4368 Δ,
814 4311 845 4362 Β.
881 4311 907 4360 It
925 4311 949 4360 is
965 4313 1013 4361 not
1029 4310 1074 4362 the
1090 4310 1156 4362 hond
1173 4311 1203 4360 os
1221 4327 1238 4362 e

149 4371 237 4424 need
712 4375 810 4438 berony
827 4374 874 4426 but
892 4375 916 4426 is
934 4391 951 4428 e
967 4375 1081 4439 knight's
1098 4377 1137 4427 {ee
1152 4377 1188 4428 ull
1205 4377 1239 4440 by

176 4409 418 4502 ’Onitnuiuqam
430 4438 460 4488 B.
713 4439 784 4490 itself
792 4439 845 4491 end
856 4439 880 4491 is
890 4441 1007 4494 texedes
1019 4441 1092 4496 suoh.

176 4503 186 4536 ³
201 4503 294 4570 Supply
303 4506 414 4566 umam,
427 4505 458 4562 Δ,
471 4503 502 4553 Β.
