3212 5230
448 478 591 538 nnmr,
613 477 676 526 nn.
702 463 796 539 1231,
820 476 883 526 nn
909 465 957 526 15.
1188 463 1252 528 395

155 659 185 715 et
199 649 276 716 bene
290 649 371 714 dicit
385 649 476 734 quod
489 648 559 734 ipse
574 669 639 712 non
659 646 759 712 hebet
779 653 977 732 potestatem
997 645 1039 712 de
1059 646 1178 712 herede
1199 648 1255 712 illo

155 751 349 838 produoendo
378 732 434 815 'uer
466 749 624 828 moereo,
649 749 728 834 qun
756 749 851 814 heres
878 749 935 814 1110
964 757 1015 814 est
1043 749 1079 813 in
1107 749 1256 814 cusum

154 854 284 922 Comitis
305 854 434 922 Oestrie
455 863 490 918 et
509 875 677 939 nunquam
692 853 785 917 uenit
800 853 835 918 in
849 851 1024 940 Angliam²
1039 860 1133 916 extre
1146 861 1255 938 potes-

154 969 249 1024 tatem
263 967 299 1024 et
313 967 435 1023 terrem
450 957 553 1043 ipsius
570 956 708 1023 Comitis
723 978 782 1020 nec
804 978 946 1042 unquam
963 955 1067 1020 exiuit
1081 978 1102 1020 a
1116 955 1184 1020 loco
1201 955 1257 1020 ubi

152 1063 289 1128 nutritus
303 1062 377 1140 fuit,
386 1071 422 1128 et
433 1062 516 1128 bene
526 1061 606 1126 dicit
616 1059 703 1148 quod
713 1082 880 1146 nunquam
891 1059 977 1125 uidit
990 1060 1142 1125 heredem
1154 1060 1256 1126 illum.

213 1169 255 1232 Et
276 1167 426 1254 Rogerus
447 1166 529 1230 dicit
551 1165 636 1251 quod
658 1165 712 1230 die
733 1187 797 1251 quo
812 1164 912 1229 breue
928 1164 991 1230 luit
1006 1165 1206 1250 inpetratum
1223 1173 1258 1228 et

153 1268 274 1355 quando
300 1269 388 1334 idem
411 1268 596 1333 Willelmus
617 1266 835 1332 summonitus
857 1267 921 1330 fuit
945 1274 979 1330 et
1002 1267 1105 1332 eciem
1127 1267 1257 1354 quando

154 1398 184 1440 se
208 1375 383 1440 essoniauit
406 1382 480 1460 post
502 1373 790 1438 summonicionem
813 1372 878 1436 fuit
904 1371 991 1437 idem
1014 1371 1197 1438 Willelmus
1222 1375 1257 1438 in

154 1477 266 1543 seisine
281 1477 323 1544 de
343 1486 432 1542 terre
451 1477 508 1540 ille
527 1483 562 1540 et
581 1483 694 1561 postea
713 1484 833 1540 terram
857 1475 947 1538 illem
970 1472 1106 1540 tradidit
1128 1475 1257 1540 cuidam

155 1581 294 1658 Fulconi,
310 1589 345 1645 et
359 1579 441 1645 dicit
456 1579 543 1665 quod
563 1579 733 1664 Philippus
752 1579 793 1643 de
815 1578 924 1663 Oreby
939 1577 1055 1643 hebuit
1078 1579 1256 1644 custodiam

154 1683 288 1770 predicti
308 1684 438 1750 heredis
459 1691 581 1770 etpost
596 1691 734 1747 mortem
749 1681 888 1768 predicti
903 1682 1047 1768 Philippi
1062 1683 1155 1748 uenit
1169 1684 1256 1748 idem

156 1787 334 1852 Willelmus
345 1796 380 1852 et
392 1787 553 1852 commisit
568 1786 720 1852 heredem
735 1786 828 1850 illum
841 1785 969 1851 cuidem
981 1785 1142 1850 Prioratui
1155 1785 1256 1852 Oestr’

157 1891 342 1955 hlonielium
366 1889 469 1954 donec
493 1888 608 1954 Comes
632 1889 757 1955 Oestrie
775 1889 934 1976 precipiet
956 1889 1031 1954 inde
1051 1890 1256 1956 uoluntatem

157 2015 245 2058 suem
260 2002 295 2060 et
309 1994 385 2059 inde
400 1993 549 2079 producit
564 2001 694 2060 sectam.

69 2108 78 2122 '
112 2155 117 2166 .
218 2099 403 2164 Gilebertus
425 2098 601 2162 Pesselewe
623 2097 830 2164 ethechietus
850 2099 914 2163 fuit
934 2098 976 2163 ed
995 2097 1256 2184 respondendum
1315 2113 1376 2154 uos

159 2201 284 2267 Herueo
298 2203 336 2267 de
353 2202 479 2268 Stenho
494 2224 593 2288 quare
607 2225 672 2266 non
687 2203 835 2288 aquietet
854 2225 930 2268 eum
951 2203 991 2268 de
1014 2203 1149 2268 seruicio
1171 2203 1256 2290 quod

160 2305 314 2372 Galli-idus
328 2306 368 2371 de
385 2306 451 2392 Say
466 2306 507 2370 ab
522 2327 560 2370 eo
575 2305 677 2393 exigit
692 2306 734 2371 de
749 2315 936 2372 tenemento
957 2307 1043 2394 quod
1057 2308 1097 2372 de
1112 2309 1257 2394 predicto

161 2407 318 2474 Gileberto
332 2417 425 2474 tenet
439 2408 475 2472 in
491 2407 593 2474 Creclr
608 2416 642 2474 et
658 2408 744 2473 unde
759 2407 846 2474 idem
862 2409 1049 2474 Gilebertus
1063 2411 1121 2496 qui
1131 2410 1257 2476 medius
1269 2426 1396 2470 romscot

161 2523 207 2578 est
221 2513 303 2580 inter
317 2537 370 2580 eos
390 2537 466 2578 eum
481 2513 647 2600 aquietere
662 2513 761 2578 debet
776 2523 835 2579 etc.
852 2521 887 2578 et
902 2514 988 2580 unde
1003 2514 1091 2579 idem
1106 2515 1258 2580 Herueus

161 2617 299 2701 queritur
312 2616 398 2704 quod
415 2616 580 2703 predictus
595 2616 761 2682 Gelhidus
776 2639 852 2680 eum
867 2616 1034 2704 distringit
1049 2617 1091 2682 ed
1105 2617 1257 2683 reddend'

162 2719 191 2784 ei
215 2743 242 2785 x.
263 2721 315 2786 lib.
339 2743 397 2806 pro
426 2719 548 2784 releuio
577 2719 617 2784 de
646 2728 751 2783 morte
779 2719 920 2784 Simonis
946 2719 1122 2785 Passelewe
1151 2721 1259 2786 fratris

161 2822 256 2908 ipsius
281 2823 441 2890 Gileberti
464 2823 556 2888 cuius
582 2822 675 2888 heres
700 2823 769 2909 ipse
794 2831 844 2887 est
868 2831 902 2886 et
925 2829 1073 2907 preterea
1094 2823 1180 2908 quod
1201 2847 1259 2909 pro

162 2927 281 2993 defectu
300 2929 401 3015 ipsius
421 2928 628 3016 distringitur
648 2928 690 2994 ad
709 2927 861 2993 reddend’
876 2928 918 2992 xl.
937 2927 991 2992 sol.
1012 2927 1055 2991 ed
1075 2928 1258 2994 faciendum

163 3031 258 3096 lilium
272 3055 366 3098 suum
381 3033 635 3120 primogenitum
650 3032 736 3111 etc.⁸,
746 3032 872 3098 desicut
883 3031 970 3096 idem
983 3032 1168 3098 Gilebertus
1183 3055 1257 3098 eum

163 3134 231 3200 inde
244 3138 407 3221 equietere
423 3136 530 3215 debet,
545 3145 579 3202 et
593 3159 653 3224 per
671 3137 909 3202 districcionem
931 3135 1021 3200 illem
1044 3134 1258 3202 deterioretus

165 3247 209 3303 ert
222 3249 253 3304 et
266 3240 442 3327 dompnum
458 3241 558 3306 hebet
573 3251 632 3307 etc.
649 3250 683 3306 et
698 3241 774 3306 inde
789 3241 939 3328 producit
954 3249 1083 3306 sectam.

222 3345 262 3412 Et
281 3347 467 3413 Gilebertus
485 3349 578 3414 uenit
602 3357 637 3414 et
660 3349 743 3414 bene
768 3349 931 3436 cognoscit
955 3349 1040 3435 quod
1062 3350 1160 3416 debet
1182 3375 1258 3418 eum

166 3453 316 3537 equietere
341 3461 376 3518 et
398 3454 502 3518 nescit
523 3454 551 3519 si
572 3453 738 3520 districtus
760 3463 845 3520 esset
867 3477 926 3520 nec
949 3456 1100 3520 Hemeus
1123 3457 1154 3522 ei
1178 3459 1258 3524 scire

166 3555 233 3620 fecit
245 3557 328 3643 quod
342 3557 510 3623 districtus
524 3567 609 3624 esset
624 3559 678 3624 uel
693 3582 758 3624 non
773 3567 807 3624 et
822 3559 963 3624 libenter
977 3583 1052 3624 eum
1067 3561 1257 3646 equietebit.

168 3658 205 3723 Et
224 3661 370 3726 Herueus
391 3661 472 3727 dicit
493 3662 580 3749 quod
601 3685 659 3749 pro
681 3663 810 3728 defectu
833 3664 936 3750 ipsius
959 3664 1101 3729 reddidit
1124 3665 1193 3751 ipse
1217 3665 1257 3732 de

166 3763 252 3832 bursa
272 3790 331 3832 sua
352 3768 393 3832 xl
421 3767 478 3832 sol.
505 3775 539 3832 et
562 3767 638 3833 inde
662 3769 811 3855 producit
833 3777 961 3834 sectam.
1008 3769 1051 3834 Et
1073 3769 1146 3834 ideo
1170 3771 1258 3836 Gile·

166 3868 265 3936 bertus
284 3872 314 3936 ei
335 3871 512 3936 satisfaciet
534 3871 574 3936 de
597 3873 750 3958 predictis
772 3873 813 3938 xl.
836 3872 889 3937 sol
936 3873 980 3937 Et
1002 3873 1187 3938 Gilebertus
1209 3875 1258 3939 in-

170 3973 251 4037 uenit
264 3973 369 4061 pleg'‘
383 3973 468 4060 quod
483 3973 665 4060 equietebit
683 3975 790 4060 ipsum
811 3975 980 4039 Herceum
1003 3997 1115 4040 uersus
1137 3977 1259 4062 eapite·

169 4073 222 4140 lem
236 4077 400 4144 dominum
415 4077 456 4143 de
471 4078 625 4164 predictis
640 4103 668 4144 x.
685 4079 756 4146 libr.
772 4087 806 4144 et
821 4079 882 4145 sub
898 4079 958 4144 hac
973 4079 1157 4144 condicione
1173 4081 1258 4166 quod

178 4235 203 4309 '¹
217 4239 294 4300 ΑΜΖ]
327 4239 524 4289 Itseemscsil
538 4239 583 4289 the
599 4239 673 4290 Pele·
732 4239 1208 4304 beendistreinedbytheohiellord.

167 4303 321 4430 griffi
331 4304 425 4367 hardly
441 4305 592 4356 considered
615 4309 674 4368 pert
729 4305 831 4422 ¹³0:LAn
847 4305 891 4356 sid
907 4305 947 4356 lor
962 4305 1100 4371 knighting
1116 4307 1161 4358 the
1177 4307 1258 4358 oldest

193 4431 203 4463 ²
216 4433 237 4481 Δ
248 4433 303 4485 writ
314 4434 343 4484 ol
352 4450 442 4492 mace,
453 4434 565 4497 brought
575 4435 680 4498 against
762 4437 773 4468 ⁴
786 4438 898 4499 plectum
909 4451 938 4486 or
946 4438 1050 4500 plector.

168 4495 440 4563 themesnelordbys
454 4501 615 4551 tenentwho
631 4500 680 4551 hes
