3212 5230
472 442 613 504 nrusur,
635 441 699 492 au.
725 429 818 504 1231,
840 442 903 492 us.
929 432 976 492 15.
1207 432 1272 498 397

228 608 270 674 Et
292 609 372 697 quia
394 613 561 702 Margaria
581 614 683 680 nichil
703 614 846 680 ostendit
860 615 901 680 de
917 615 1104 682 feffamento
1119 617 1182 683 nisi
1196 619 1273 683 sim-

168 710 278 797 plicem
301 735 419 779 uocem
442 739 545 794 suam,
565 725 599 781 et
619 717 696 803 quia
717 717 804 782 idem
827 718 944 783 Petrus
966 719 1079 784 extitit
1097 719 1133 784 in
1156 719 1274 784 seisina

166 837 221 900 per
232 815 376 882 multum
391 825 535 905 tempus,
550 819 797 886 Consideratum
816 829 866 886 est
881 821 967 907 quod
982 823 1099 887 Petrus
1113 823 1189 888 inde
1203 823 1273 888 siue

167 918 215 983 die
229 929 263 984 et
277 928 394 987 teneat
409 924 447 988 in
461 946 540 1010 pace
556 932 591 988 et
606 924 767 1012 Margaria
781 925 816 989 in
831 925 1056 992 misericordia

74 1025 83 1038 '
119 1071 124 1084 .
224 1023 391 1092 Robertus
422 1027 511 1092 filius
539 1027 696 1094 Willelmi
725 1037 759 1093 et
788 1029 956 1095 Johannes
985 1031 1085 1096 frater
1113 1055 1191 1097 suus
1216 1055 1274 1119 per
1354 1064 1369 1092 u

163 1232 314 1319 Testepin
338 1235 381 1300 de
405 1235 526 1322 placito
544 1236 549 1320 Ι
569 1234 656 1321 quod
677 1235 793 1300 reddat
813 1236 859 1300 eis
874 1236 906 1322 ij.
922 1260 984 1302 acr.
1002 1245 1087 1303 terre
1102 1261 1176 1304 cum
1191 1249 1273 1326 pert.

164 1335 196 1398 in
218 1335 409 1422 Sproutona
431 1363 511 1426 quas
532 1341 676 1405 clamant
696 1363 766 1406 esse
787 1341 1014 1408 racionabilem
1035 1351 1161 1430 partem
1182 1366 1274 1409 suam

163 1459 222 1523 que
237 1461 291 1504 eos
306 1442 474 1528 contingit
488 1442 529 1506 de
543 1442 645 1506 libero
665 1451 853 1508 tenemento
875 1445 962 1530 quod
984 1445 1047 1510 fuit
1063 1445 1219 1510 Willelmi
1234 1447 1274 1512 de

163 1543 367 1610 Bramfordia
389 1546 491 1632 patris
512 1546 654 1632 ipsorum
674 1547 710 1611 iu
730 1547 844 1612 eadem
863 1548 950 1614 uilla
996 1549 1039 1612 Et
1055 1549 1194 1614 Thomas
1209 1572 1275 1614 non

163 1646 252 1711 uenit
276 1657 338 1715 etc
365 1658 402 1715 et
423 1651 639 1716 summonitus
662 1659 722 1716 etc.
766 1651 935 1717 Judicium
961 1661 1049 1718 terra
1070 1653 1217 1739 capiatur
1239 1653 1274 1718 in

163 1771 294 1815 manum
319 1753 416 1819 Dom.
438 1755 538 1841 Regis
558 1763 617 1820 etc
644 1764 679 1820 et
703 1755 772 1820 dies
795 1766 856 1821 etc.
880 1765 915 1822 ct
939 1757 1008 1844 ipsa
1032 1767 1275 1824 summoneatur

163 1857 246 1939 quod
260 1857 306 1922 sit
322 1867 385 1924 etc
431 1859 474 1923 Et
489 1859 655 1924 sciendum
671 1859 757 1945 quod
772 1859 956 1926 Willelmus
970 1861 1225 1926 filiusWillelmi
1239 1870 1275 1926 et
1363 1913 1366 1918 ,

164 1957 275 2025 Simon
290 1963 395 2028 frater
408 1963 477 2027 eius
492 1963 666 2050 participes
680 1985 746 2027 uon
767 1973 949 2050 sequuntur
972 1973 1006 2030 et
1026 1964 1099 2030 ideo
1114 1964 1275 2051 excipitur

164 2085 235 2148 pars
248 2065 396 2152 ipsorum
412 2065 447 2130 in
461 2065 623 2151 peticione
633 2065 652 2130 ¹.
808 2131 811 2138 ,

115 2209 120 2222 ·
227 2168 398 2234 Imbertus
419 2168 510 2232 Prior
531 2168 573 2232 de
594 2167 750 2233 chloc’
776 2169 897 2255 optulit
923 2191 957 2234 se
980 2169 1058 2255 iiijc.
1082 2169 1135 2236 die
1161 2191 1274 2234 uersus
1369 2194 1382 2224 ο

166 2269 368 2338 Willelmum
398 2273 511 2337 Haket
539 2281 574 2337 et
603 2271 797 2359 Margeriam
823 2295 957 2338 uxorem
984 2273 1054 2338 eius
1083 2273 1125 2338 de
1153 2273 1274 2358 placito

166 2372 344 2441 diuisurum
370 2376 457 2440 inter
485 2383 604 2440 terram
633 2374 736 2460 ipsius
762 2375 881 2439 Prioris
905 2375 941 2439 in
966 2375 1067 2441 Stoke
1093 2384 1127 2441 et
1153 2384 1273 2441 terram

167 2477 308 2564 ipsorum
319 2479 458 2544 Walteri
473 2486 507 2542 et
519 2477 678 2564 Margeric
690 2477 725 2542 in
735 2478 906 2543 Wathulla
917 2487 976 2544 etc
1006 2481 1051 2544 Et
1063 2480 1227 2544 Walterus
1238 2488 1273 2544 et

168 2581 328 2672 Margeria
338 2607 404 2648 non
416 2591 576 2649 uenerunt
591 2592 649 2648 etc
662 2591 712 2648 set
726 2605 761 2648 se
782 2583 1026 2648 esaoniaueruut
1040 2584 1081 2648 de
1095 2585 1181 2650 malo
1196 2585 1273 2650 lecti

170 2695 202 2752 et
213 2689 374 2762 eusanium
386 2683 451 2752 noir
463 2689 526 2752 fuit
537 2688 584 2752 eis
595 2688 777 2753 allocutum.
809 2689 853 2752 Et
862 2688 935 2752 ideo
946 2687 1176 2753 athachientur
1186 2688 1272 2774 quod

169 2791 231 2858 siut
246 2801 305 2858 etc
352 2791 470 2856 Postea
486 2799 648 2856 uenerunt
663 2791 828 2855 Walterus
842 2799 877 2855 ct
892 2791 1054 2876 Margaria
1067 2799 1102 2856 et
1116 2791 1187 2878 po'⁸
1202 2800 1261 2858 etc

229 2897 425 2983 Preceptum
459 2896 522 2960 fuit
548 2893 733 2960 uicecomiti
765 2895 852 2980 quod
881 2895 1001 2960 faceret
1030 2917 1099 2959 esse
1128 2895 1271 2960 raciona-
1320 2919 1397 2971 saroa

170 2998 245 3065 biles
266 2999 390 3065 diuisas
411 3000 499 3064 iuter
520 3007 640 3064 terram
662 2997 765 3083 ipsius
787 2997 905 3062 Prioris
927 2997 962 3062 in
982 2998 1214 3084 Tykewarthin
1236 3007 1271 3064 et

171 3103 322 3180 Hortona,
345 3111 380 3168 et
410 3110 529 3166 terram
560 3101 696 3165 Roberti
721 3100 762 3164 de
783 3100 932 3164 Hattoua
956 3100 992 3164 in
1016 3101 1165 3166 Hortona
1187 3101 1271 3165 sicut
1284 3118 1434 3168 nonquam„

1283 3165 1359 3214 plauto
1367 3166 1393 3206 da

172 3231 232 3275 esse
247 3209 371 3274 debent
387 3217 421 3272 et
436 3206 540 3271 solent
556 3213 625 3280 etc,
642 3213 676 3270 et
692 3204 778 3269 unde
797 3203 885 3268 idem
905 3204 996 3269 Prior
1016 3205 1165 3290 queritur
1185 3205 1272 3292 quod
1284 3212 1411 3299 puffffiglbffl·

172 3313 330 3397 predictus
357 3311 520 3375 Robertus
543 3307 682 3374 attrahit
707 3307 750 3373 ad
776 3307 907 3374 feodum
932 3329 1027 3372 suum
1051 3330 1080 3373 r.
1103 3331 1163 3372 acr.
1188 3305 1424 3392 terrefflffid,

173 3417 251 3481 unde
273 3415 407 3502 quidam
430 3413 593 3478 Robertus
615 3411 706 3476 Prior
724 3420 906 3476 antecessor
922 3433 1000 3476 suus
1015 3411 1078 3474 fuit
1093 3411 1222 3478 saisitus
1236 3411 1271 3476 in
1284 3400 1396 3494 &iffi

171 3519 326 3584 dominico
351 3541 410 3583 suo
438 3525 477 3581 ut
503 3517 543 3582 de
570 3516 663 3581 feodo
689 3523 724 3580 et
749 3515 818 3580 iure
845 3524 991 3602 tempore
1016 3515 1116 3604 Regis
1142 3515 1272 3582 Ricardi
1284 3493 1424 3626 ffiffl

170 3623 321 3709 capiendo
335 3622 412 3686 inde
428 3631 487 3686 etc.
1284 3633 1396 3678 mearunt

231 3728 274 3791 Et
296 3727 461 3792 Rcbertus
485 3725 578 3790 uenit
608 3733 643 3789 et
666 3725 751 3811 petit
780 3725 896 3802 uisum,
923 3723 1043 3790 habeat
1068 3725 1103 3790 in
1124 3725 1271 3792 aduentu

171 3831 417 3897 iusticiariorum
431 3839 465 3895 et
480 3829 612 3894 interim
629 3837 692 3894 etc.

201 4026 210 4058 ¹
225 4026 268 4076 Br.
282 4026 300 4076 f,
314 4026 373 4076 429.
745 4023 809 4074 land
825 4023 848 4073 is
865 4023 984 4087 specifled
1001 4023 1046 4074 the
1062 4023 1139 4074 claim
1154 4023 1272 4074 becomes

201 4090 211 4122 ²
226 4092 337 4142 Monast.
351 4090 403 4139 vol.
415 4092 439 4148 5,
450 4105 475 4152 p.
489 4091 529 4141 72.
745 4089 796 4138 lilre
806 4093 834 4138 to
845 4105 861 4139 a
872 4089 929 4138 writ
940 4091 969 4138 ol
983 4089 1053 4166 right
1064 4089 1117 4140 and
1128 4089 1199 4140 there
1210 4105 1271 4150 may

201 4156 212 4189 ³
227 4157 354 4219 Probably
362 4163 459 4219 portant
472 4157 523 4204 loco
537 4169 588 4205 ruo.
623 4153 695 4217 'Pnay
745 4154 776 4203 be
786 4154 853 4212 duel,
870 4154 953 4216 grand
967 4169 1050 4204 assrzs
1067 4153 1120 4204 and
1136 4155 1221 4204 essoiu
1239 4155 1270 4205 de

172 4223 462 4284 appointanattorney.
745 4219 894 4268 malolecti.
924 4221 958 4269 Sc
967 4220 1036 4269 until
1048 4219 1269 4270 thereisaclaim

202 4289 212 4318 ⁴
238 4287 286 4336 Sea
306 4287 352 4335 Br.
375 4287 424 4335 344
446 4285 471 4336 b.
506 4283 634 4334 Tharais
659 4297 695 4333 no
745 4283 785 4333 lor
793 4284 898 4346 specillo
906 4284 1063 4334 landmesne
1071 4299 1173 4346 process
1184 4285 1268 4348 isper-

172 4351 253 4400 essoin
264 4352 295 4401 de
305 4351 377 4401 malo
391 4349 451 4400 lecti
465 4349 535 4399 until
551 4348 623 4399 there
639 4348 662 4398 is
678 4365 695 4398 a
745 4349 829 4407 sonal,
838 4349 888 4398 via.
897 4349 930 4411 by
936 4349 1107 4406 attachment,
1116 4349 1156 4399 lor
1164 4363 1199 4399 no
1207 4351 1270 4402 laud

172 4416 245 4466 claim
261 4418 301 4466 lor
317 4415 421 4480 specillo
440 4413 511 4465 land.
544 4413 629 4464 When
649 4413 694 4464 the
744 4413 940 4463 caubaseized.
973 4413 1040 4464 ruz.
1053 4417 1154 4472 Essene,
1168 4416 1223 4466 192.
