3212 5230
371 423 435 484 352
496 488 498 493 ,
583 431 817 494 monimum,
842 431 905 480 an.
933 417 1024 492 1230,
1047 433 1109 482 aa.
1136 421 1271 488 14-15.

370 606 547 693 Hugonem
567 603 608 670 de
623 575 828 669 windesores
849 602 983 668 terciam
1004 611 1130 688 partem
1147 604 1171 689 j.
1188 627 1289 670 carue
1305 612 1392 669 terre
1409 623 1489 667 cum

204 721 341 767 statmo·
372 718 452 796 pert.
468 709 503 773 in
526 707 688 794 Ofspring'
704 717 743 772 ut
764 709 874 772 dotem
896 730 989 772 suam
1012 715 1071 772 etc.
1094 707 1143 772 ita
1164 708 1251 793 quod
1272 707 1361 772 idem
1381 707 1490 792 Hugo

204 770 260 808 caint
268 779 346 809 ruan-

204 817 356 903 gpotnrgffi
368 812 500 878 uocauit
522 811 564 877 od
586 819 766 876 warantum
788 810 973 875 Johannem
999 810 1103 875 filium
1126 810 1278 876 Nicholai
1300 809 1487 898 Harangod

202 909 355 1004 322&
369 915 426 1001 qui
447 923 496 979 est
517 914 600 980 infre
619 922 742 980 etatem
760 921 795 979 et
810 913 845 978 in
860 913 1007 978 custodia
1022 913 1154 978 Ranulfi
1170 913 1314 980 Britonis
1328 914 1379 979 ita
1393 912 1487 1000 quod

203 1003 348 1098 imit&
369 1017 529 1082 Ranulfus
554 1023 662 1080 custos
687 1016 904 1081 summonitus
930 1016 994 1080 fuit
1016 1015 1102 1102 quod
1124 1025 1209 1081 esset
1230 1025 1289 1082 otc
1313 1015 1357 1082 ad
1382 1037 1488 1103 quem

203 1096 356 1182 titide-
369 1121 455 1186 diem
476 1121 576 1208 Hugo
596 1143 630 1185 se
651 1120 827 1186 essoniauit
849 1129 884 1185 et
904 1120 1065 1186 Ranultirs
1085 1129 1193 1186 custos
1213 1143 1278 1185 non
1298 1120 1401 1196 uenit,
1424 1142 1488 1184 nec

203 1189 342 1276 iniiam
369 1224 546 1290 essoniatcr
560 1223 763 1309 exspectauit
778 1222 936 1288 iudicium
952 1245 1047 1288 suum
1063 1245 1177 1288 uersus
1193 1245 1269 1288 eum
1288 1245 1349 1288 nec
1363 1221 1489 1308 aliquis

203 1285 349 1425 ffiffii
370 1337 499 1394 secutus
514 1326 578 1391 fuit
593 1348 705 1392 uersus
719 1333 900 1390 warantum
916 1333 950 1389 et
965 1324 1038 1390 ideo
1054 1325 1302 1391 consideratum
1322 1334 1373 1391 est
1392 1325 1487 1412 quod

202 1423 356 1510 iffi&
372 1431 488 1498 Sibilla
509 1429 713 1516 recuperauit
735 1428 886 1494 saisinam
909 1451 1021 1494 uersus
1043 1428 1226 1514 predictum
1247 1429 1428 1516 Hugonem
1450 1437 1487 1494 et

371 1537 470 1622 Hugo
485 1536 520 1600 in
535 1534 759 1600 misericordia

245 1656 317 1718 438,
435 1641 487 1708 ’R
507 1639 732 1706 ³Gicestrensis
753 1639 930 1724 Episcopus
950 1638 1071 1724 optulit
1091 1660 1125 1702 se
1148 1660 1261 1702 uersus
1282 1637 1485 1724 Magistrum

227 1753 336 1803 suamet
371 1741 550 1806 Martinum
565 1741 605 1806 de
627 1739 789 1806 Summie⁴
803 1740 844 1806 de
865 1739 985 1826 placito
1006 1762 1105 1825 quare
1126 1761 1191 1804 non
1211 1739 1383 1825 permittat
1403 1761 1485 1803 eum

370 1853 555 1931 presentare
576 1844 735 1932 ydoneam
757 1866 925 1930 personam
948 1842 990 1907 ad
1012 1843 1179 1908 ecclesiam
1201 1844 1242 1908 de
1266 1845 1388 1908 Estona
1416 1865 1484 1930 que

204 1967 324 2052 {gernod
370 1957 466 2014 uacat
480 1957 515 2013 et
534 1949 575 2014 ad
595 1971 687 2013 suem
707 1956 833 2034 spectat
853 1947 1061 2012 donacionem
1082 1947 1209 2012 racione
1228 1946 1374 2012 custodie
1393 1955 1485 2012 terre

204 2019 356 2148 {ffiffiffgp
370 2062 405 2120 et
420 2053 546 2118 heredis
562 2053 684 2116 Thome
700 2050 786 2117 Crok
802 2050 837 2114 in
852 2071 952 2114 manu
967 2071 1027 2114 sua
1041 2049 1211 2114 existentis
1226 2057 1285 2114 etc

203 2153 311 2240 ξυῖῗξξω
436 2157 479 2222 Et
495 2155 651 2242 Magister
666 2153 827 2218 Martinus
846 2176 911 2218 non
930 2153 1024 2218 uenit
1044 2161 1103 2217 etc
1120 2160 1155 2216 et
1176 2153 1393 2218 summonitus
1418 2163 1483 2244 etc.

203 2247 282 2288 '‘¹⁸¹''
370 2271 404 2326 et
420 2261 497 2347 quia
511 2260 647 2324 timetur
661 2258 702 2322 de
717 2259 809 2344 lapsu
826 2257 866 2343 vj.
878 2257 1038 2322 mensium
1053 2255 1245 2321 mandatum
1256 2265 1307 2322 est
1318 2257 1481 2344 Episcopo

371 2361 592 2429 Sarisbiriensi
614 2359 700 2447 quod
722 2360 819 2425 faciat
841 2382 917 2424 eum
937 2359 1049 2424 uenire
1071 2359 1106 2423 in
1128 2359 1267 2424 crastino
1289 2359 1321 2425 S.
1342 2360 1483 2425 Martini

368 2475 428 2532 etc.

246 2581 318 2644 439,
431 2569 609 2634 ‘Robertus
629 2567 669 2631 de
691 2565 823 2651 Ayuilla
839 2563 1047 2630 athachiatus
1066 2565 1130 2629 fuit·
1151 2563 1193 2628 ad
1215 2565 1479 2650 respondendum

248 2679 311 2720 Μ·
367 2672 523 2759 Magistro
546 2670 688 2735 Roberto
710 2663 946 2753 Basset'quare
967 2689 1033 2731 non
1055 2675 1148 2731 tenet
1173 2667 1205 2731 ei
1231 2667 1329 2732 finem
1352 2667 1479 2733 factum

367 2775 402 2840 in
424 2775 513 2840 curia
535 2772 669 2838 Henrici
692 2771 792 2858 Regis
817 2771 875 2856 qui
900 2793 987 2836 nunc
1014 2778 1064 2836 est
1090 2779 1149 2836 etc.
1173 2770 1213 2836 de
1239 2770 1296 2857 iiij.
1323 2773 1479 2837 marcatis

367 2877 513 2944 redditus
545 2877 716 2942 annuatim
747 2876 787 2940 de
817 2897 944 2940 camera
973 2874 1075 2960 ipsius
1104 2874 1240 2940 Roberti
1269 2875 1309 2940 de
1340 2877 1479 2962 Ayuilla

367 2980 581 3066 percipiendis
607 2987 677 3044 tota
702 2978 774 3043 uite
799 2977 901 3063 ipsius
926 2976 1076 3064 Magistri
1105 2976 1241 3041 Roberti
1270 2977 1358 3042 unde
1388 2979 1477 3044 idem

368 3085 526 3171 Magister
547 3084 708 3148 Robertus
730 3089 864 3168 questus
884 3079 948 3144 fuit
967 3079 1054 3165 quod
1074 3080 1207 3144 fuerunt
1227 3079 1258 3144 ei
1277 3103 1298 3145 a
1316 3089 1404 3146 retro
1425 3105 1478 3148 xx.

367 3207 472 3252 marce
488 3196 547 3252 etc.
593 3184 786 3252 Ooncordati
807 3191 885 3250 sunt
907 3205 966 3269 per
987 3182 1156 3248 licenciam
1178 3190 1213 3247 et
1235 3195 1285 3247 est
1307 3185 1479 3250 concordia

367 3289 443 3354 talis
471 3289 558 3375 quod
586 3287 750 3374 predictus
779 3286 941 3350 Robertus
975 3285 1017 3350 de
1047 3285 1181 3372 Ayuilla
1216 3285 1331 3351 reddet
1367 3287 1478 3353 eidem
1527 3320 1529 3322 ·

368 3393 524 3479 Magistro
544 3392 686 3456 Roberto
706 3412 813 3454 coram
832 3387 1019 3453 iusticiariis
1038 3387 1073 3454 in
1093 3389 1195 3453 banco
1215 3388 1279 3474 xvj.
1295 3412 1421 3456 marcas
1442 3391 1478 3456 in

367 3497 505 3562 crastino
528 3493 766 3560 Purificacionis
788 3501 822 3557 et
844 3491 907 3556 nisi
929 3491 1107 3557 reddiderit
1128 3491 1276 3557 concedit
1301 3493 1389 3579 quod
1411 3494 1478 3560 dis·

367 3602 530 3688 tringatur
551 3600 601 3664 ita
621 3598 708 3684 quod
734 3597 914 3662 uiceoomes
935 3595 1033 3660 faciat
1056 3595 1097 3660 dc
1121 3596 1247 3661 catallis
1270 3597 1337 3662 suis
1360 3606 1422 3664 ete
1443 3609 1479 3664 et

367 3717 496 3772 costum
521 3704 636 3770 reddet
661 3703 787 3767 adhoc
810 3701 996 3788 appositum
1020 3708 1055 3765 et
1081 3700 1121 3765 de
1144 3709 1251 3766 cetero
1276 3701 1392 3767 reddet
1417 3703 1476 3791 iiij.

367 3832 490 3876 marcas
505 3831 562 3894 per
577 3829 699 3872 annum
715 3813 773 3870 etc.

247 3909 317 3972 440.
432 3912 630 3978 'Willelmus
654 3911 797 3975 Venator
819 3929 877 3994 per
902 3914 1103 3973 attomatum
1129 3929 1225 3972 suum
1252 3909 1338 3994 petit
1361 3932 1477 3976 uersus

221 4006 343 4058 Norhsmpt

401 4131 528 4182 ¹SeeBr.
541 4131 558 4182 ί.
573 4132 654 4192 38η
667 4131 705 4182 11.
942 4145 1021 4181 coma
1028 4133 1054 4180 et
1062 4129 1225 4192 necmsitate,
1237 4134 1338 4194 oportet
1345 4133 1476 4184 maturius

400 4197 457 4248 Ἀ.
471 4195 570 4247 mad.
942 4193 1087 4258 procedam.
1121 4195 1262 4246 Procedure
1288 4196 1312 4246 is
1339 4211 1475 4262 summary

400 4261 411 4294 ³
426 4261 511 4324 Ralph
522 4259 627 4318 Nevitta,
638 4259 708 4309 bord
719 4259 879 4310 Chaucellor.
943 4265 970 4310 to
981 4263 1088 4323 prevent
1099 4259 1144 4311 the
1156 4260 1228 4325 lapse
1238 4261 1267 4312 oi
1277 4261 1322 4312 the
1338 4268 1473 4324 presenta-

399 4327 410 4358 ⁴
427 4327 567 4376 Martinam
578 4328 688 4382 Samiae.
701 4325 731 4374 A.
942 4325 1008 4376 tion.
1444 4363 1447 4368 ,

399 4391 611 4442 ’ΒοΒτ.ῐ.247.
647 4389 891 4455 Nuncautcm(i.e.
973 4389 1144 4440 ‘amtd

366 4457 474 4507 because
493 4455 519 4504 oi
541 4455 586 4505 the
608 4456 720 4505 Lateran
743 4455 836 4519 conon)
860 4471 890 4504 er
974 4454 984 4488 ⁷
1002 4455 1032 4504 Δ.
1044 4470 1078 4509 nu
1092 4457 1116 4506 5.
