3212 5230
381 457 444 532 376
590 477 823 540 messanum,
845 475 909 528 ιι).
935 464 1027 540 1230,
1049 475 1113 528 aa
1138 465 1273 530 14-15.

445 651 505 718 ¹Et
519 653 597 741 quie
611 653 710 720 breue
726 653 871 740 loquitur
884 652 925 719 de
940 676 1007 718 una
1021 653 1151 741 uirgato
1165 661 1200 720 et
1219 676 1284 718 non
1299 654 1488 720 continetur

379 756 415 822 in
444 756 634 845 cirographo
662 756 749 842 quod
778 755 853 821 finis
878 753 960 821 non'
981 755 1045 821 fuit
1067 757 1172 822 factus
1200 757 1264 822 nisi
1285 757 1327 823 de
1349 757 1488 824 dimidia

378 859 515 947 uirgata,
539 859 786 926 consideratum
809 868 859 924 est
881 860 967 947 quod
988 861 1168 926 Bollandus
1188 861 1265 927 inde
1287 861 1357 926 sine
1378 861 1434 926 die
1452 869 1488 926 et

378 962 525 1028 Andreas
546 963 582 1028 in
603 962 821 1028 misericordia
842 971 877 1028 et
899 963 1065 1050 perquirat
1086 985 1121 1029 se
1142 985 1201 1051 per
1221 964 1312 1030 aliud
1333 965 1436 1030 breue
1459 965 1487 1030 si

378 1067 526 1132 uoluerit

321 1219 328 1234 .
442 1169 615 1236 'Ricardus
636 1170 677 1236 de
695 1170 888 1236 'I'udenham
909 1171 1117 1237 athechiatus
1138 1172 1203 1237 fuit
1223 1172 1266 1238 ad
1287 1171 1484 1259 responden-

377 1272 456 1339 dum
471 1275 610 1340 Reinero
624 1275 665 1340 de
680 1275 871 1340 Tudenham
887 1297 986 1362 quare
1001 1297 1066 1340 non
1088 1283 1182 1340 tenet
1201 1275 1300 1340 finem
1322 1275 1413 1340 inter
1432 1295 1486 1340 eos

378 1377 500 1442 factum
529 1399 636 1442 coram
665 1377 852 1443 iusticiariis
877 1377 966 1464 apud
987 1377 1314 1443 westmonasterium
1337 1387 1486 1463 tempore

377 1479 419 1546 H
441 1479 541 1568 Regis
560 1488 620 1547 etc
642 1479 683 1545 de
696 1476 782 1545 dim.
802 1502 903 1545 carue
926 1489 1012 1545 terre
1034 1503 1109 1545 cum
1131 1488 1212 1566 pert.
1232 1481 1268 1544 in
1290 1479 1484 1545 Tudenhem

377 1591 436 1649 etc
467 1592 502 1649 et
524 1583 611 1648 unde
640 1583 866 1670 cirographum
896 1591 965 1661 etc,
988 1592 1023 1649 et
1044 1583 1131 1649 unde
1153 1584 1314 1649 Reinerus
1336 1584 1487 1670 queritur

377 1685 463 1772 quod
477 1687 641 1773 predictus
656 1687 813 1752 Ricardus
827 1695 940 1752 contra
959 1687 1058 1752 finem
1079 1687 1173 1752 illum
1194 1687 1320 1752 dimisit
1340 1687 1486 1752 Roberto

378 1789 504 1876 Wygge
519 1797 554 1855 et
569 1789 722 1854 iratribus
736 1789 803 1854 suis
818 1789 872 1876 xij.
893 1811 955 1856 acr.
976 1798 1061 1856 terre
1081 1812 1155 1855 cum
1176 1799 1257 1876 pert
1277 1798 1313 1856 et
1336 1790 1485 1854 alnetum

376 1892 538 1978 quoddam
559 1901 595 1958 et
612 1891 775 1979 quandam
797 1893 964 1958 turbarem
986 1901 1021 1958 et
1042 1915 1106 1958 sex.
1127 1893 1215 1962 solid
1239 1893 1389 1958 redditus
1410 1915 1485 1958 cum

376 2005 457 2082 pert.
472 1997 507 2062 in
522 1996 676 2085 Oretinge
691 2005 726 2062 et
740 1997 843 2062 eciam
858 1997 988 2062 cuidam
1003 1997 1147 2062 Roberto
1162 1997 1192 2062 le
1207 1998 1342 2084 Tayllur
1356 1997 1486 2062 circiter

370 2099 394 2186 j.
423 2123 483 2166 acr.
509 2100 595 2186 prati
617 2109 652 2166 et
673 2100 812 2186 ipsemet
833 2100 940 2166 adhuc
962 2109 1055 2166 tenet
1075 2100 1240 2165 redditum
1262 2101 1328 2188 xiij.
1353 2101 1427 2166 den
1450 2110 1485 2166 et

375 2203 454 2268 dicit
469 2203 555 2290 quod
570 2204 679 2269 omnia
692 2203 757 2269 ista
770 2204 848 2269 fecit
862 2211 936 2290 post
951 2203 1050 2269 finem
1064 2203 1158 2268 illum
1179 2225 1237 2289 per
1254 2203 1483 2291 cirographum

375 2308 461 2394 quod
476 2309 598 2373 lactum
613 2307 677 2372 fuit
696 2329 717 2372 a
736 2307 789 2373 die
809 2316 870 2373 ete
891 2316 926 2372 et
945 2307 1032 2372 unde
1054 2305 1134 2371 dicit
1156 2306 1244 2392 quod
1265 2306 1483 2373 deterioratos

375 2419 425 2476 est
440 2420 475 2476 et
489 2411 667 2498 dampnum
683 2411 783 2478 habet
797 2411 839 2476 ad
854 2411 1035 2476 ualenciam
1050 2435 1078 2474 x.
1095 2411 1150 2476 sol

440 2513 484 2578 Et
506 2513 664 2579 Ricardus
685 2513 779 2578 uenit
800 2522 835 2578 et
857 2513 939 2578 bene
962 2511 1110 2578 coneedit
1131 2520 1166 2578 et
1194 2511 1360 2600 cognoscit
1383 2513 1481 2578 finem

374 2617 466 2681 illum
493 2624 528 2682 et
550 2617 776 2704 cirographum
802 2625 837 2681 et
858 2616 894 2680 in
919 2615 1010 2680 nullo
1033 2615 1096 2680 erit
1124 2623 1236 2680 contra
1260 2615 1361 2682 finem
1388 2617 1482 2680 illum

374 2727 409 2783 et
423 2718 530 2784 reddit
545 2719 577 2784 ei
591 2726 698 2784 totum
713 2718 877 2784 redditum
892 2741 989 2806 quem
1008 2718 1078 2804 ipse
1098 2725 1191 2783 tenet
1210 2718 1246 2783 in
1265 2719 1347 2784 uilla
1368 2719 1427 2784 illa
1448 2727 1482 2784 et

373 2822 453 2888 dicit
468 2823 554 2909 quod
573 2830 748 2909 antequam
768 2821 843 2886 linis
863 2823 967 2887 factus
987 2830 1072 2887 esset
1093 2821 1180 2886 inter
1200 2844 1255 2887 eos
1276 2845 1341 2886 non
1365 2822 1482 2888 habuit

374 2926 443 3012 ipse
467 2935 587 2992 terram
611 2927 702 2991 illam
721 2949 782 2991 nec
803 2927 950 2991 alnetum
972 2949 1033 2992 nec
1054 2927 1220 2992 turberam
1241 2926 1278 2991 in
1298 2949 1402 2992 manu
1424 2949 1482 2991 sua

373 3029 473 3094 immo
488 3029 545 3095 illa
558 3029 648 3116 prius
662 3029 830 3094 dimiserat
844 3028 950 3094 eidem
971 3029 1113 3094 Roberto
1133 3029 1251 3117 Wigge
1271 3037 1306 3094 et
1325 3029 1481 3095 fratribus

373 3135 440 3200 suis
462 3134 585 3200 scilicet
607 3133 649 3199 ed
671 3133 791 3199 festum
806 3133 838 3199 S.
859 3133 957 3200 Mich.
975 3141 1053 3199 ante
1074 3134 1174 3198 finem
1195 3133 1289 3198 illum
1312 3155 1418 3220 usque
1439 3133 1480 3198 ad

373 3263 403 3305 ιι
424 3261 525 3303 annos
544 3247 717 3324 sequentes
736 3238 912 3324 completos
934 3245 969 3302 ct
990 3237 1093 3303 eciam
1115 3236 1261 3324 predicto
1282 3237 1428 3302 Rohertc
1449 3237 1479 3301 le

373 3343 498 3408 Taillur
519 3349 650 3429 pratum
672 3341 764 3420 illud,
785 3351 820 3407 et
848 3342 925 3407 inde
948 3342 1041 3429 ponit
1062 3364 1097 3407 se
1120 3363 1218 3428 super
1239 3341 1391 3426 patriam
1437 3341 1480 3405 Et

374 3444 532 3510 Reinerus
550 3443 707 3510 similiter.
753 3445 796 3509 Et
811 3444 883 3510 ideo
903 3453 1093 3531 preceptum
1113 3451 1164 3510 est
1187 3443 1374 3509 uicecomiti
1394 3443 1479 3530 quod

373 3548 492 3614 habere
514 3549 612 3614 facist
634 3547 779 3634 predicto
801 3547 941 3614 Reinero
962 3547 1142 3635 plenariam
1164 3545 1317 3613 seisinam
1338 3547 1383 3613 de
1408 3555 1479 3612 tota

374 3661 460 3717 terra
488 3659 522 3717 et
545 3651 675 3717 redditu
701 3674 776 3717 cum
800 3659 882 3738 pert.
907 3675 970 3738 que
1000 3651 1088 3716 idem
1117 3649 1276 3716 Ricardus
1305 3650 1417 3715 tenuit
1445 3649 1479 3714 in

374 3754 544 3842 Crettinge
559 3755 612 3820 die
628 3777 692 3842 quc
706 3755 766 3820 hec
781 3754 950 3820 concordia
964 3755 1051 3820 lacta
1065 3753 1129 3820 fuit
1148 3753 1214 3819 scil.
1229 3776 1251 3818 a
1264 3752 1412 3839 predicto
1428 3752 1478 3818 die

374 3857 406 3924 S.
429 3857 526 3924 Mich.
553 3864 612 3922 etc
638 3865 672 3922 et
696 3857 871 3943 diligenter
897 3857 1042 3944 inquirat
1070 3855 1099 3921 si
1127 3855 1292 3942 predictus
1321 3853 1480 3920 Ricardus
1599 3929 1600 3952 ἦ

372 3959 497 4026 dimisit
512 3959 633 4025 eisdem
649 3959 792 4025 Boberto
807 3959 926 4046 Wigge
941 3965 975 4023 et
990 3957 1145 4024 fratribus
1158 3957 1226 4023 suis
1245 3958 1409 4044 predictas
1426 3959 1478 4045 xij.

372 4085 461 4128 acres
490 4071 575 4128 terre
604 4061 750 4126 alnetum
781 4069 816 4126 et
845 4061 1010 4126 turberam
1040 4067 1076 4124 et
1103 4059 1287 4146 predictum
1312 4059 1476 4126 redditum

372 4175 407 4232 et
430 4165 536 4232 eidem
563 4165 705 4230 Roberto
729 4165 759 4230 le
789 4165 914 4231 Taillur
941 4163 1125 4252 predictum
1153 4171 1284 4250 pratum
1310 4171 1386 4251 post
1407 4186 1476 4251 pre-

405 4303 414 4336 ¹
431 4303 511 4354 What
528 4303 627 4353 rohons
643 4303 723 4353 refers
739 4305 766 4353 to
780 4301 826 4354 the
841 4301 899 4352 urit
949 4301 1017 4354 sion.

374 4373 457 4433 Quare
478 4383 529 4419 oco
551 4370 676 4432 perstitit.
709 4367 819 4418 Andrew
845 4366 898 4418 had
980 4363 1474 4428 ’Sic‚A,whichhasthedoublanoo.
1598 4369 1599 4374 ’

372 4431 709 4500 repleviedhisbeastsand
720 4432 776 4482 also
787 4431 898 4494 brought
981 4432 1038 4482 ⁸A.
1051 4433 1139 4482 mes.

372 4517 406 4553 an
417 4499 505 4552 action
516 4502 543 4552 to
554 4498 585 4551 be
596 4497 698 4562 quieted
706 4498 734 4549 in
745 4497 787 4549 his
798 4511 897 4562 possea
