3212 5230
345 453 408 518 366
555 467 788 528 monastriis,
811 467 874 517 an.
901 453 993 527 1230,
1016 467 1078 516 aa.
1103 453 1237 514 14-15.

344 642 538 730 Magistrum
569 640 790 707 Alexandrum
820 637 947 705 Dorset'
976 639 1016 705 de
1044 639 1163 727 placito
1192 661 1292 726 quare
1321 645 1456 702 secutus

345 756 395 813 est
423 747 580 833 placitum
610 747 645 811 in
674 746 763 811 curia
792 745 1015 810 cristianitatis
1048 745 1088 809 de
1117 745 1198 809 laico
1227 743 1320 808 feodo
1349 742 1455 829 ipsius

344 850 501 915 Willelmi
516 859 628 915 contra
642 849 895 936 prohibicionem
911 857 970 914 etc.

179 954 302 995 ww
408 954 453 1018 Et
483 954 640 1041 Magister
661 953 847 1019 Alexander
869 977 933 1018 non
963 953 1057 1018 uenit
1088 961 1122 1018 et
1152 952 1269 1018 habuit
1298 951 1386 1016 diem
1416 951 1454 1016 in

179 1002 331 1136 ffiiissiii
343 1057 445 1124 banco
467 1066 506 1123 ut
525 1059 724 1123 satisfaceret
744 1058 849 1123 eidem
866 1059 1029 1124 Willelmo
1049 1065 1084 1123 et
1104 1067 1217 1144 postea
1232 1057 1322 1121 uisus
1337 1056 1402 1120 fuit
1417 1055 1454 1119 in

178 1142 317 1276 &iiiii
344 1164 433 1229 curia
461 1172 496 1229 et
526 1165 657 1230 recessit
686 1165 755 1230 sine
786 1165 921 1230 licencia
946 1173 984 1230 et
1002 1163 1075 1229 ideo
1098 1164 1132 1229 in
1154 1161 1372 1228 misericordia
1394 1182 1455 1247 pro

179 1247 259 1324 uulf
343 1277 533 1355 contemptu
548 1269 644 1345 curie,
660 1277 693 1334 et
708 1269 900 1334 mandatum
915 1277 965 1334 est
981 1267 1164 1334 uicecomiti
1184 1266 1349 1332 Londonie
1364 1263 1454 1352 quod

343 1371 518 1459 distringat
533 1394 608 1437 eum
623 1394 681 1459 per
695 1381 797 1437 terras
812 1380 846 1437 et
861 1372 978 1438 catalla
993 1394 1052 1438 sua
1066 1370 1152 1458 quod
1172 1371 1215 1436 sit
1230 1393 1250 1435 a
1264 1369 1317 1435 die
1332 1377 1393 1434 ete.
1410 1367 1455 1433 ad

343 1477 601 1564 respondendum
617 1477 722 1544 eidem
737 1477 901 1542 Willelmo
916 1485 974 1542 ete.

223 1603 295 1666 465,
410 1581 618 1668 ¹Preoeptum
641 1581 705 1646 fuit
726 1579 911 1645 uiceeomiti
931 1579 1018 1666 quod
1039 1588 1124 1644 esset
1144 1601 1251 1644 coram
1265 1575 1455 1643 iusticiariis

228 1702 286 1741 Surr-
345 1695 531 1752 ostensurus
553 1708 651 1772 quare
675 1685 780 1749 Elium
796 1685 836 1750 de
853 1684 1058 1751 Grauestoke
1078 1693 1113 1750 et
1129 1685 1330 1750 Willelmum
1346 1683 1455 1748 filium

345 1812 440 1855 suum
462 1787 549 1874 cepit
572 1796 606 1852 et
625 1787 840 1873 inprisonauit
863 1810 901 1852 eo
921 1787 1008 1873 quod
1030 1787 1136 1852 noluit
1159 1788 1262 1852 faeere
1284 1784 1455 1851 Johanne'

343 1891 385 1958 de
399 1891 542 1957 Aldham
557 1891 806 1956 consuetudines
821 1899 855 1956 et
870 1899 959 1957 recta
973 1891 1110 1958 seruicia
1124 1915 1187 1978 que
1209 1892 1240 1957 ei
1261 1892 1365 1957 faeere
1386 1913 1454 1956 non

344 1995 460 2061 debuit
474 1996 560 2061 unde
576 1995 663 2062 idem
679 1995 768 2061 Elias
783 1996 862 2061 tulit
877 1996 977 2061 breue
992 1997 1085 2062 Dom.
1102 1996 1202 2083 Regis
1216 2004 1276 2061 etc.

408 2101 453 2164 Et
468 2101 490 2165 J
492 2101 633 2164 ohannes
648 2099 688 2164 de
704 2100 905 2165 Gattesdena
919 2100 1098 2166 uieecomes
1113 2101 1206 2165 uenit
1222 2109 1256 2165 et
1271 2099 1455 2186 dicitquod

345 2201 477 2290 quidam
511 2202 677 2267 «Iohannes
714 2203 800 2267 filius
834 2202 907 2267 Ade
937 2203 978 2268 de
1007 2203 1150 2268 Aldham
1181 2203 1260 2268 tulit
1288 2202 1455 2289 quandam

222 2317 224 2320 ’
344 2308 476 2372 assisam
491 2307 604 2372 mortis
619 2305 828 2372 antecessoris
842 2329 955 2371 uersus
971 2307 1172 2372 Willelmum
1187 2307 1228 2372 de
1247 2306 1454 2372 Grauestoke

346 2411 386 2476 de
405 2413 429 2497 j.
445 2411 526 2497 uirg.
544 2419 627 2475 terre
648 2433 722 2474 cum
742 2420 822 2496 pert.
844 2411 880 2474 in
901 2409 1106 2476 Crawestoke
1126 2433 1233 2476 coram
1253 2411 1346 2476 Dom.
1363 2409 1396 2476 S.
1412 2410 1454 2476 de

346 2513 490 2600 Segi-aue
519 2521 553 2578 et
582 2513 674 2577 sociis
704 2513 771 2577 suis
793 2535 851 2598 per
873 2535 970 2598 quam
994 2513 1134 2577 iuratam
1156 2514 1361 2600 recuperauit
1383 2514 1454 2600 ipse

345 2618 496 2682 saisinam
525 2639 617 2681 suam
647 2639 760 2680 uersus
789 2615 929 2681 eundem
954 2616 1165 2693 willelmum,
1188 2617 1237 2682 ita
1265 2617 1352 2704 quod
1381 2639 1454 2704 pre-

345 2729 477 2808 ceptum
493 2720 556 2785 fuit
570 2720 601 2784 ei
616 2719 702 2807 quod
718 2719 823 2784 eidem
834 2719 858 2784 J
859 2719 979 2784 ohanni
994 2719 1034 2785 de
1051 2720 1162 2785 eadem
1175 2728 1262 2784 terra
1274 2721 1454 2807 plenariam

345 2826 496 2891 seisinam
517 2825 635 2889 habere
656 2825 782 2889 faceret.
828 2824 872 2888 Et
892 2825 1052 2911 cumipse
1068 2825 1205 2890 balliuos
1224 2849 1297 2891 suos
1312 2827 1455 2892 misisset

345 2929 433 3016 apud
454 2927 659 2994 Crawestoke
679 2927 721 2991 ad
741 2926 966 3012 exequendum
982 2935 1173 3012 preceptum
1189 2927 1284 2993 Dom.
1299 2929 1400 3015 Regis
1420 2936 1455 2994 et

346 3034 388 3099 ad
410 3031 592 3098 faciendum
615 3031 720 3096 eidem
743 3031 887 3096 Johanni
907 3032 1059 3096 saisinam
1079 3031 1119 3096 de
1141 3033 1254 3098 eadem
1275 3042 1369 3112 terra,
1391 3034 1455 3120 ipsi

345 3137 460 3202 balliui
489 3137 540 3201 sui
569 3136 766 3201 inuenerunt
795 3136 955 3222 predictos
986 3136 1092 3200 Eliam
1123 3145 1157 3200 et
1189 3137 1390 3201 Willelmum
1421 3145 1457 3202 et

345 3240 453 3326 plures
475 3239 554 3304 alios
577 3239 623 3303 eis
642 3239 837 3315 resistentes,
852 3239 900 3303 ita
920 3239 1006 3325 quod
1025 3248 1217 3326 preceptum
1238 3239 1330 3305 Dom.
1353 3239 1455 3329 Regis

346 3345 463 3431 exequi
474 3367 538 3408 non
548 3351 734 3430 potuerunt,
743 3351 875 3429 propter
886 3343 971 3429 quod
984 3343 1047 3429 ipsi
1058 3344 1242 3430 predictum
1252 3345 1456 3410 Willelmum

227 3518 229 3522 ,
347 3457 381 3513 et
405 3449 511 3513 Eliam
533 3455 690 3534 cepemnt
712 3455 747 3512 et
769 3469 823 3512 eos
844 3447 880 3510 in
902 3447 1031 3533 prisona
1052 3447 1268 3514 detinuerunt
1290 3449 1456 3514 occasione

346 3551 492 3638 predicta
506 3559 540 3616 et
554 3573 619 3614 non
634 3549 697 3614 alio
712 3549 814 3614 modo.

413 3657 456 3721 Et
486 3657 574 3720 Elias
603 3655 696 3720 uenit
725 3663 759 3718 et
789 3653 868 3719 dicit
898 3653 984 3740 quod
1019 3663 1245 3720 tenementum
1274 3655 1355 3721 illud
1392 3659 1459 3722 fuit

347 3761 485 3826 liberum
515 3765 741 3824 tenementum
771 3779 866 3821 suum
889 3765 923 3821 et
946 3757 1033 3842 quod
1055 3757 1143 3823 idem
1165 3759 1332 3824 Johanues
1353 3759 1458 3825 nichil

210 3863 285 3933 tu]
347 3865 422 3929 inde
446 3863 650 3948 recuperauit
673 3860 750 3948 quia
768 3861 772 3947 i
793 3861 862 3947 ipse
885 3861 949 3925 fuit
972 3863 1006 3926 in
1029 3863 1147 3928 seisina
1168 3863 1209 3928 de
1232 3863 1345 3928 eadem
1370 3873 1459 3930 terra

348 3968 400 4033 et⁸
415 3977 633 4032 antecessores
653 3965 719 4030 sui³
733 3965 823 4029 illam
839 3967 953 4030 multis
968 3969 1169 4053 temporibus
1184 3978 1218 4034 et
1233 3978 1306 4056 post
1321 3970 1456 4036 assisam

347 4073 446 4150 illam,
467 4071 569 4136 donec
591 4069 739 4156 predicta
761 4069 784 4134 J
785 4069 913 4135 ohanna
931 4070 1099 4157 ‘exigebat
1119 4081 1196 4138 ante
1219 4075 1458 4160 autumpnum⁴

381 4298 438 4347 ¹A.
450 4311 485 4346 m.
500 4298 530 4348 16
542 4297 567 4346 d.
926 4298 1200 4365 madeaoonjeetural
1211 4303 1388 4356 emendation.

382 4364 393 4396 ²
410 4361 575 4425 Distinguish
585 4363 654 4412 Joan
665 4363 732 4412 from
744 4363 824 4413 John.
960 4365 999 4398 ⁴·⁴
1015 4375 1073 4416 oute
1094 4375 1256 4431 autumpnum
1268 4373 1387 4433 proximo
1399 4385 1457 4435 pre·

382 4429 421 4464 Η
437 4437 496 4477 aute
512 4431 625 4480 mairam
642 4429 672 4477 A.
706 4427 762 4477 Tho
778 4428 877 4491 copyist
928 4433 1028 4481 teritum
1038 4434 1163 4494 exibebat,
1174 4435 1204 4485 ὰ

351 4494 459 4546 omitted
480 4497 586 4546 mairam
605 4493 657 4546 and
676 4493 720 4544 the
737 4497 877 4546 annotator
