3260 5218
356 443 398 513 76
544 459 679 509 uniar
702 457 774 508 aun
797 455 935 520 mres,
957 455 1021 507 in.
1047 443 1141 520 1220,
1164 456 1227 508 aa
1253 446 1280 508 4.

356 641 391 698 et
419 633 454 698 in
483 633 601 720 quibus
624 634 721 699 rebus
742 631 829 698 idem
852 629 1011 698 Ricardus
1032 629 1150 696 habuit
1172 653 1231 716 per
1252 628 1470 694 intrusionem

357 735 364 748 ⁹
450 734 459 766 l

245 845 295 909 86.
354 735 555 900 lllaI:Illitalis
585 833 749 923 Engaun''
778 843 813 901 et
842 836 991 922 Rogerus
1021 835 1145 900 Gcrnet
1174 857 1233 920 per
1262 841 1467 900 attornatum

213 946 326 988 summa
355 939 457 1026 ipsius
487 939 607 1027 Rogeri
636 947 755 1025 petunt
784 961 897 1004 uersus
923 939 1125 1004 Willelmum
1152 938 1192 1003 de
1223 938 1410 1024 Cantelupo
1433 944 1469 1001 et

354 1043 519 1108 Maziliam
545 1064 677 1107 uxorem
704 1043 775 1128 ejus
794 1042 818 1127 j.
835 1049 1019 1107 carucatam
1038 1051 1123 1106 terre
1145 1049 1179 1107 et
1200 1041 1370 1107 dimidiam
1390 1063 1467 1106 cum

355 1147 563 1234 pertinenciis
577 1147 612 1212 in
627 1147 740 1212 Wurle
756 1155 794 1212 ut
809 1146 861 1212 ius
875 1169 987 1212 eorum
1002 1153 1062 1210 etc

421 1247 465 1311 Et
480 1247 663 1312 Willelmus
677 1254 712 1311 et
728 1245 858 1310 Mazilia
878 1245 1017 1310 ueniunt
1038 1253 1072 1309 et
1095 1243 1276 1310 defendunt
1295 1243 1347 1308 ius
1368 1265 1467 1308 suum

356 1355 391 1414 et
405 1357 525 1436 petunt
539 1348 614 1414 inde
630 1347 746 1426 uisum,
762 1347 913 1412 habeant.
958 1347 1066 1412 Datus
1081 1355 1132 1412 est
1147 1347 1194 1411 eia
1209 1355 1268 1412 etc.

421 1452 514 1517 Idem
535 1451 647 1516 eodem
668 1451 762 1516 modo
784 1458 903 1535 petunt
923 1472 1036 1515 uersus
1055 1450 1160 1514 Ehem
1176 1449 1216 1514 de
1233 1450 1324 1514 Bello
1340 1449 1467 1535 Campo

193 1555 329 1642 Μῗζξξζε,
351 1556 376 1642 j.
399 1563 582 1620 carucatam
612 1563 696 1618 terre
719 1561 753 1618 et
775 1553 944 1618 dimidiam
966 1576 1041 1618 cum
1063 1553 1272 1638 pertinenciis
1293 1551 1329 1616 in
1351 1553 1467 1618 Wurle

193 1650 335 1745 &33⁶⁰
357 1669 395 1724 ut
410 1659 461 1724 ius
476 1681 572 1723 suum
587 1668 656 1735 eta,
671 1657 749 1742 quia
768 1657 926 1722 Ricardus
942 1657 1033 1734 filius
1048 1657 1136 1742 Ursy
1156 1665 1339 1721 antecessor
1354 1680 1467 1722 eorum

357 1761 465 1827 tenuit
494 1769 614 1825 terram
643 1760 733 1824 illam
763 1767 802 1824 ut
831 1759 882 1824 ius
912 1767 947 1824 et
976 1759 1194 1824 hereditatem
1224 1781 1324 1823 suam.
1370 1759 1467 1823 Idem

357 1865 514 1931 Ricardus
539 1864 655 1929 habuit
681 1887 784 1928 unum
806 1863 912 1928 filium
934 1863 1064 1928 nomine
1086 1863 1306 1950 Reginaldum
1326 1871 1362 1928 et
1385 1863 1468 1928 duas

356 1970 440 2036 filias
469 1968 664 2055 Margeriam
694 1975 729 2033 et
759 1967 935 2032 Mabiliam.
989 1967 1083 2031 ldem
1119 1967 1321 2054 Reginaldus
1356 1969 1468 2034 tenuit

358 2082 477 2138 terram
506 2073 595 2137 illam
625 2079 660 2137 et
689 2071 805 2136 habuit
834 2093 934 2136 unam
963 2071 1073 2150 filiam,
1099 2073 1229 2137 nomine
1260 2073 1468 2150 Matillidem,

358 2199 421 2262 que
441 2183 514 2262 post
537 2198 613 2240 eum
637 2174 745 2240 tenuit
769 2174 1009 2251 terramillam,
1033 2183 1068 2240 et
1092 2175 1209 2240 habuit
1232 2199 1335 2240 unum
1360 2176 1467 2240 filium

359 2280 560 2344 Willelmum
590 2279 630 2343 de
660 2279 827 2364 Gurtenay
857 2278 913 2364 qui
939 2278 1022 2343 obiit
1052 2278 1128 2344 inde
1158 2279 1289 2344 saisitus
1319 2286 1467 2366 tempore

359 2385 459 2471 Regis
473 2385 505 2450 J.
520 2383 675 2469 capiendo
695 2383 771 2447 inde
792 2384 923 2468 expleta
943 2391 1002 2448 etc.
1019 2391 1054 2447 et
1074 2383 1152 2469 quia
1171 2383 1259 2448 idem
1280 2384 1469 2450 Willelmus

359 2488 441 2552 obiit
464 2485 533 2551 sine
557 2485 674 2550 herede
700 2485 740 2550 de
765 2509 894 2572 corpore
921 2509 987 2564 suo,
1003 2486 1169 2552 descendit
1193 2487 1244 2552 ius
1269 2487 1358 2552 illius
1381 2497 1469 2554 terre

359 2591 513 2678 predictis
529 2591 688 2677 Margerie
704 2591 778 2655 auie
793 2591 895 2677 ipsius
911 2591 1038 2670 Vitatis,
1053 2601 1088 2656 et
1104 2592 1238 2657 Mabilie
1253 2591 1352 2656 matri
1367 2591 1472 2678 ipsius

360 2695 480 2783 Rogeri
500 2703 539 2759 ut
563 2694 717 2779 pmximis
741 2695 915 2760 heredibus
936 2695 1038 2782 ipsius
1059 2695 1225 2774 willelmi,
1243 2695 1330 2760 unde
1354 2695 1471 2760 dicunt

359 2800 446 2887 quod
465 2798 552 2863 idem
574 2797 662 2862 Elias
678 2797 779 2862 alium
795 2799 975 2884 ingressum
990 2821 1054 2862 non
1070 2798 1170 2863 habet
1185 2799 1219 2863 in
1235 2799 1471 2876 terramillam,

359 2903 422 2968 nisi
437 2924 495 2988 per
509 2899 710 2965 Willelmum
730 2900 770 2964 de
792 2901 974 2987 Cantelupo
998 2901 1055 2987 qui
1078 2901 1212 2966 intrusit
1234 2925 1269 2967 se
1292 2901 1326 2966 in
1349 2909 1471 2966 terram

359 3007 449 3072 illam
471 3013 616 3090 tempore
637 3026 752 3090 guerre
773 3025 836 3090 que
856 3004 919 3068 fuit
939 3005 1026 3068 inter
1045 3003 1213 3068 dominum
1233 3004 1264 3069 J.
1287 3005 1414 3090 Regem
1435 3013 1471 3070 et

359 3111 495 3176 barones
518 3131 600 3186 suos,
625 3117 659 3173 et
679 3108 819 3172 offerunt
841 3107 971 3172 domino
996 3109 1080 3195 Regi
1100 3132 1150 3172 xx.
1167 3109 1221 3173 sol.
1238 3131 1296 3195 pro
1318 3109 1472 3174 habenda

360 3212 579 3300 inquisicione,
605 3211 633 3276 si
655 3211 741 3275 idem
765 3211 852 3275 Elias
876 3211 976 3275 alium
1003 3211 1183 3298 ingressum
1214 3210 1314 3276 habet
1343 3220 1403 3277 etc
1435 3221 1471 3276 et
1563 3213 1570 3228 ¹

359 3318 459 3382 aihoc
474 3339 539 3380 uon
553 3314 673 3380 sufficit
687 3315 782 3379 offert
797 3315 994 3380 diracionare
1010 3316 1095 3381 sicut
1110 3316 1201 3381 curia
1215 3316 1471 3382 considerauerit

361 3423 446 3509 quod
476 3420 541 3485 tale
571 3419 622 3483 ius
651 3419 751 3484 habet
780 3419 865 3485 sicut
893 3420 1075 3506 predictum
1105 3429 1155 3486 est
1185 3429 1220 3486 et
1249 3420 1336 3508 quod
1368 3422 1470 3487 talem

360 3527 540 3614 ingressum
555 3525 655 3589 habet
670 3531 728 3589 etc

427 3631 470 3694 Et
486 3629 574 3694 Elias
594 3629 687 3692 uenit
707 3636 741 3692 et
763 3627 909 3693 defendit
928 3628 980 3693 ius
1001 3651 1113 3694 eorum
1133 3637 1168 3695 et
1188 3629 1269 3695 dicit
1289 3629 1376 3716 quod
1391 3629 1471 3716 ipsis

394 3817 403 3850 ¹
421 3816 485 3866 Thia
502 3815 524 3866 is
539 3831 555 3866 a
573 3830 630 3866 rare
647 3815 718 3878 early
728 3816 845 3879 example
860 3816 888 3865 ol
938 3815 994 3865 The
1000 3815 1075 3879 point
1082 3815 1141 3867 that
1148 3817 1269 3866 interests
1277 3815 1322 3866 the
1329 3817 1472 3866 annotator

361 3886 475 3946 trespaas
491 3881 516 3932 ri
533 3885 558 3931 at
575 3881 662 3932 armis.
698 3879 762 3929 Thia
778 3896 831 3931 was
853 3881 888 3944 by
938 3881 962 3930 is
973 3881 1032 3930 that
1043 3881 1105 3930 with
1121 3881 1186 3931 such
1201 3897 1217 3932 a
1232 3881 1290 3931 urit
1305 3895 1335 3931 as
1350 3881 1404 3931 this
1420 3895 1471 3930 ona

362 3963 396 3997 no
413 3961 503 3996 means
520 3961 536 3997 a
551 3961 671 3995 common
686 3945 790 4008 remedy
801 3945 830 3994 in
843 3946 888 3995 tha
938 3960 988 3995 can
1010 3945 1119 4009 proceed
1141 3950 1169 3996 to
1189 3947 1317 4009 outlawry
1333 3945 1438 4008 against
1455 3961 1472 3996 a

362 4013 419 4062 first
434 4012 492 4062 half
506 4012 533 4061 oi
549 4011 594 4061 the
610 4009 755 4060 thirteenth
770 4015 887 4074 century.
939 4011 1104 4061 recalcitrant
1122 4011 1271 4063 defendant
1308 4012 1399 4061 Itwas
1415 4011 1471 4074 just

362 4077 459 4127 Awrit
476 4077 504 4126 ol
523 4075 578 4126 this
594 4075 658 4126 kind
680 4090 763 4125 seems
779 4078 807 4125 to
823 4075 888 4126 have
938 4075 994 4126 this
1009 4077 1062 4126 lact
1079 4075 1163 4125 which
1185 4075 1282 4126 turned
1303 4076 1348 4126 the
1365 4075 1424 4126 urit
1444 4077 1473 4125 oi

361 4141 573 4206 beenonlyused
584 4141 659 4190 when
674 4140 746 4190 thera
760 4139 888 4190 hadbeen
939 4144 1053 4203 trespass
1076 4141 1132 4190 into
1157 4157 1173 4191 a
1200 4141 1335 4203 desirabla
1360 4141 1414 4191 and
1441 4141 1470 4191 in

361 4205 704 4258 amalandsariousbraach
713 4205 885 4268 cithcpeacc.
939 4220 1028 4256 course
1041 4206 1070 4255 oi
1085 4206 1148 4257 time
1159 4211 1229 4257 most
1243 4221 1373 4268 common,
1387 4221 1470 4257 rema·

362 4273 426 4322 ‘l'his
437 4273 527 4334 Hanry
537 4271 595 4321 sita
607 4271 701 4332 Oount,
713 4271 753 4320 tor
763 4271 888 4334 example,
939 4269 972 4333 dy
984 4271 1024 4320 sor
1034 4271 1134 4334 private
1145 4286 1257 4332 wrongs.

361 4337 416 4388 had
432 4353 448 4388 a
464 4337 541 4386 claim
558 4340 586 4386 to
605 4335 668 4386 hold
687 4335 732 4385 tha
748 4339 846 4399 county
862 4337 891 4385 oi
972 4335 1076 4386 ²A.m.
1091 4339 1122 4396 ὃς
1145 4336 1175 4387 B.
1190 4335 1238 4388 4d.

362 4403 490 4453 Cornwall
512 4402 540 4451 in
563 4403 602 4452 iee
625 4401 676 4451 and
700 4399 752 4450 had
775 4400 838 4451 been
860 4401 888 4450 in
972 4399 1124 4464 'Erycina
1137 4401 1169 4450 B.

362 4469 432 4520 what
447 4483 483 4518 we
499 4467 592 4518 should
607 4467 655 4517 call
673 4481 738 4529 open
755 4465 888 4516 rebellicn.
