3212 5230
433 449 576 512 unior,
598 449 661 498 an.
687 435 781 511 1231,
803 449 865 498 aa.
892 438 939 498 15.
1169 437 1230 500 401

126 621 291 686 libertates
318 619 413 706 ipsa¹
444 629 480 686 et
509 619 660 708 Philippa
688 643 769 686 uxor
793 620 864 686 eius
889 619 1008 685 habere
1034 619 1175 686 debeant
1198 618 1234 684 in

125 723 270 810 predicto
297 723 479 789 hundredo.
533 723 659 788 Profert
687 723 831 789 cartam’
859 723 953 789 Dom.
983 723 1014 788 J.
1041 722 1142 810 Regis
1169 744 1233 808 que

125 835 266 892 testatur
279 827 367 914 quod
382 828 478 893 Dom
494 827 524 893 J.
539 827 611 893 Rex
629 827 720 893 dedit
739 835 774 893 et
794 827 951 893 concessit
972 827 1095 892 Thome
1118 827 1234 892 Buaset

123 955 180 1019 pro
193 931 348 1019 homagio
363 939 399 996 et
415 931 550 997 seruicic
564 953 623 996 suo
637 939 745 996 totum
765 931 946 996 manerium
960 929 1001 996 de
1016 929 1234 1018 Hedingdona

123 1060 195 1102 cnm
210 1045 295 1124 pert.
311 1059 372 1123 per
386 1036 559 1102 seruicium
580 1036 667 1102 leodi
684 1036 710 1123 j.
725 1036 840 1101 militis
862 1058 919 1122 pro
941 1035 1029 1100 omni
1048 1035 1184 1101 seruicio
1198 1045 1234 1101 et

123 1163 178 1228 pro
197 1165 251 1208 xx.
270 1141 325 1207 lib.
345 1140 516 1206 annuatim
539 1139 710 1206 reddendis
732 1139 860 1205 adduc
882 1138 1038 1204 scaccario
1059 1147 1119 1204 etc.
1134 1161 1233 1225 quare

122 1243 214 1308 uult⁸
232 1251 297 1309 etc
319 1243 407 1330 quod
429 1243 593 1329 predictus
615 1243 755 1307 Thomas
776 1251 811 1307 et
832 1242 967 1308 heredes
990 1241 1041 1307 sui
1062 1251 1136 1328 poet
1157 1265 1234 1308 eum

122 1347 268 1412 habeant
291 1355 326 1412 et
348 1355 485 1412 teneant
504 1346 686 1433 predictum
701 1346 883 1412 manerium
899 1369 973 1412 oum
988 1347 1137 1412 omnibus
1151 1355 1234 1434 pert.

122 1450 187 1515 suia
200 1451 291 1515 bene
306 1457 341 1515 et
356 1449 392 1514 in
406 1471 485 1536 pace
500 1457 561 1514 etc.
576 1448 612 1514 in
626 1449 775 1514 omnibus
790 1457 849 1515 etc
862 1449 904 1514 ad
914 1449 1038 1514 dictum
1053 1449 1234 1515 manerium

123 1553 369 1639 pertinentibus
391 1553 569 1618 secundum
592 1553 678 1639 quod
700 1553 883 1640 predictum
905 1561 956 1618 eet
975 1561 1035 1618 etc
1054 1553 1150 1618 Teste
1173 1561 1233 1619 etc.

124 1655 239 1722 Postea
273 1657 361 1721 facta
389 1663 440 1722 est
469 1655 639 1742 inquisicio
667 1678 726 1742 per
750 1655 831 1720 istos
856 1654 925 1721 aine
951 1663 1151 1720 sacramento
1176 1677 1234 1742 pro

124 1769 272 1844 tempore
295 1759 398 1846 legis⁴
419 1757 542 1824 scilicet
563 1781 621 1844 per
641 1757 865 1824 Alexandrum
885 1757 926 1823 de
943 1757 1072 1824 (lumba
1086 1767 1121 1824 et
1135 1758 1235 1823 ali0s⁶

125 1861 179 1948 qui
192 1863 313 1927 dicunt
333 1862 420 1948 quod
439 1861 604 1948 predictus
626 1862 766 1926 Thomas
788 1862 902 1926 Basset
924 1860 1033 1926 tenuit
1053 1861 1234 1926 manerium

126 1967 163 2032 de
185 1968 439 2055 Hundingdona
460 1991 534 2034 cnm
559 1967 705 2054 predicto
730 1966 899 2032 hundredo
923 1967 963 2032 de
988 1965 1175 2032 Bolcndena
1200 1975 1235 2032 et

127 2071 267 2158 quodam
291 2071 356 2136 alio
379 2070 547 2136 hundredo
570 2069 610 2136 de
634 2069 718 2136 dono
741 2070 834 2134 Dom
856 2069 1016 2156 Regiae,
1036 2068 1159 2154 etipse
1176 2069 1235 2134 ali·

126 2174 254 2260 qnando
270 2174 336 2239 fuit
350 2173 529 2239 uiceccmes
543 2181 578 2238 et
593 2181 672 2238 tunc
686 2172 778 2237 nulla
792 2171 856 2236 fuit
870 2172 1037 2237 contencio
1048 2171 1088 2236 de
1104 2171 1234 2236 liberta·

128 2277 213 2342 tibus
227 2275 309 2364 quia
324 2277 402 2342 lecit
417 2276 503 2363 quod
520 2276 623 2342 uoluit
638 2276 678 2342 de
694 2276 789 2342 terrie
809 2275 876 2342 suis
895 2276 980 2342 sicut
999 2275 1185 2353 uiccccmes,
1201 2283 1236 2340 et

128 2389 197 2466 poet
225 2403 306 2446 eum
336 2379 466 2466 quando
499 2380 673 2445 comitatus
707 2379 770 2446 fuit
799 2380 834 2445 in
866 2401 998 2444 manum
1028 2379 1166 2444 Falcasii
1194 2377 1235 2444 de

130 2485 270 2550 Breaute
286 2493 322 2550 et
336 2493 482 2570 tempore
498 2507 562 2570 quo
576 2484 737 2550 Viuianus
752 2483 793 2550 de
809 2485 895 2571 Bray
909 2492 944 2549 et
958 2482 1116 2548 Ricardus
1130 2482 1237 2547 Folict

130 2587 261 2653 fuerunt
283 2587 492 2654 uicecomites
513 2596 675 2654 uenerunt
696 2588 760 2675 ipsi
780 2589 941 2654 Viuianus
963 2597 998 2654 ct
1023 2587 1181 2654 Ricardua
1202 2596 1238 2653 et

130 2693 305 2758 uoluerunt
340 2693 462 2758 intrare
498 2693 534 2757 in
570 2692 752 2779 predictum
794 2691 1001 2758 hundredum
1037 2691 1123 2756 sicut
1158 2691 1238 2756 alibi

131 2804 163 2861 et
190 2797 359 2884 predictus
388 2796 528 2862 Thomas
558 2796 652 2862 uenit
681 2804 716 2862 et
741 2795 826 2862 dixit
851 2795 938 2882 quod
963 2818 1029 2860 non
1053 2794 1238 2860 debuerunt

132 2908 188 2965 etc.
214 2901 266 2966 ita
291 2900 378 2986 quod
406 2901 571 2988 predictus
600 2902 741 2967 Thomas
766 2900 960 2988 perquisiuit
985 2899 1071 2986 quod
1097 2898 1236 2985 quedem

132 3001 236 3068 iurata
250 3011 348 3089 capta
363 3003 426 3068 fuit
440 3025 499 3090 per
512 3004 566 3090 xij.
582 3003 703 3091 legales
720 3004 867 3069 homines
881 3003 921 3068 de
936 3001 1143 3068 libertatibus
1156 3023 1237 3088 quaa

133 3107 249 3174 habere
273 3107 389 3173 debuit
414 3107 450 3172 in
474 3109 619 3194 predicto
644 3107 812 3174 hundredo
838 3116 872 3173 et
897 3130 956 3194 per
980 3107 1120 3172 iuratam
1145 3107 1235 3171 illam

133 3211 332 3300 recognitum
348 3213 412 3278 fuit
427 3213 513 3300 quod
526 3213 706 3280 uicecomes
720 3222 851 3279 tantum
870 3213 970 3278 semel
990 3211 1101 3277 uenire
1121 3210 1236 3276 debuit

134 3314 165 3379 in
187 3337 273 3380 anno
297 3315 339 3380 ed
360 3314 542 3400 predictum
563 3315 769 3382 hundredum
791 3324 865 3402 post
888 3315 1006 3380 festum
1028 3315 1060 3380 S.
1082 3313 1178 3378 Mich.
1193 3313 1236 3378 ad

135 3415 315 3482 iaciendum
335 3416 443 3481 nisum
463 3415 504 3482 de
524 3418 633 3483 franco
655 3418 763 3504 plegio
782 3425 818 3482 et
837 3416 879 3482 ad
900 3415 1034 3481 faciend'
1054 3414 1235 3479 atthachia-

135 3528 243 3584 menta
270 3519 312 3584 dc
337 3519 466 3605 placitis
494 3543 617 3598 corone,
641 3529 676 3586 ct
698 3521 726 3586 si
751 3520 861 3606 aliqua
885 3517 1136 3584 amerciamenta
1160 3517 1236 3582 inde

135 3623 340 3708 prouenirent
364 3645 428 3710 que
452 3623 494 3688 ad
515 3623 741 3690 uicecomitem
762 3622 964 3710 pertinerent
986 3621 1074 3686 idem
1098 3619 1237 3685 Thomas

136 3725 189 3792 illa
208 3727 326 3792 habuit
348 3735 383 3792 et
405 3727 555 3793 similitor
577 3727 687 3793 omnia
711 3727 832 3814 placita
856 3749 920 3814 que
946 3726 988 3791 ad
1012 3724 1236 3790 uicecomitem

137 3831 298 3916 pertinent
321 3839 357 3898 et
380 3854 444 3918 que
470 3831 649 3898 uioecomee
674 3831 830 3918 placitum
854 3839 962 3918 posset
985 3829 1073 3895 idem
1099 3827 1238 3892 Thomna

138 3933 312 4019 placitauit,
323 3943 358 4000 et
368 3935 430 4001 hoc
444 3935 531 4001 idem
546 3935 753 4023 postmodum
768 3933 971 4022 recognitum
986 3931 1050 3998 fuit
1064 3954 1123 4018 per
1137 3929 1236 4015 xxiiij.

138 4037 201 4104 sine
215 4047 417 4105 sacramento
431 4039 473 4104 ad
487 4039 680 4106 instanciam
695 4037 834 4126 predicti
848 4037 985 4104 Falcoaii
1005 4034 1145 4102 uolentis
1164 4057 1237 4099 con-

169 4213 177 4245 ¹
193 4215 262 4267 Gerr.
276 4218 341 4280 ipae.
743 4217 755 4248 ⁴
770 4215 898 4280 Probably
906 4215 928 4266 it
939 4215 962 4264 ia
972 4213 1039 4265 Lent
1054 4211 1107 4264 and
1117 4227 1168 4262 one
1178 4227 1239 4276 may

169 4279 250 4330 'llot
268 4281 340 4332 Cart.
358 4293 385 4344 p.
406 4281 452 4334 109
474 4280 498 4333 b.
538 4281 623 4333 Datcd
645 4284 660 4331 t
712 4285 859 4332 notavear.

140 4343 282 4461 An’gffllt.
310 4410 358 4462 w
374 4409 404 4460 of
423 4410 469 4460 the
485 4411 586 4463 ehm
602 4425 660 4462 m·
712 4346 867 4461 ml'lWhoee
883 4359 975 4396 nemen
991 4342 1075 4395 would
1092 4343 1173 4393 beon
1195 4342 1239 4394 the

141 4473 233 4536 tinum
250 4425 526 4528 Jbiiinnealtcxunlt.
763 4447 770 4460 ⁰

219 4593 252 4640 ir.
1112 4577 1152 4640 26
