3314 5238
378 431 442 495 404
682 441 819 503 sssrna,
842 439 906 492 an.
932 428 1024 504 1231,
1047 442 1110 492 aa.
1136 431 1184 492 15.

359 625 412 684 ‚et
440 616 523 682 bene
557 614 638 682 dicit
666 613 752 700 quod
782 613 851 700 ipse
881 613 1084 699 presentauit
1113 612 1276 699 quendam
1305 613 1415 679 Adam
1448 613 1493 679 ds

377 721 562 786 Thornoure
591 716 742 785 archid*
769 717 827 804 qui
851 716 894 782 ad
919 717 1195 804 presentationem
1221 739 1314 782 suam
1339 718 1405 782 fuit
1432 717 1494 782 ad-

376 823 492 888 missus
507 831 541 888 et
556 821 672 888 ultimo
689 821 771 886 obiit
791 843 927 908 persona
946 819 981 885 in
1001 819 1115 886 eadem
1137 828 1215 886 ante
1236 820 1344 908 ipsum
1359 821 1494 886 Willel·

376 948 467 992 mum
495 925 538 992 ad
566 924 842 1012 presentaeionem
876 923 1014 988 alicuius
1047 923 1197 988 aduocati
1232 932 1266 990 et
1295 924 1370 990 inde
1400 925 1494 1011 petit

375 1029 516 1094 assisam.
560 1027 638 1092 Post
652 1026 745 1092 uenit
760 1025 943 1092 Willelmus
958 1025 989 1092 le
1005 1025 1153 1090 Maunsel
1168 1035 1203 1092 et
1217 1028 1380 1114 cognoscit
1399 1028 1493 1114 quod

375 1131 499 1196 nullam
523 1138 643 1196 terram
665 1129 766 1195 habet
790 1129 826 1194 in
851 1129 933 1194 uilla
957 1128 1014 1194 illa
1039 1128 1081 1194 ad
1106 1151 1205 1215 quam
1231 1129 1403 1195 aduocacio
1429 1130 1494 1196 illa

374 1234 517 1321 pertinet
532 1243 583 1300 set
602 1233 683 1299 dicit
703 1233 790 1320 quod
810 1231 1006 1319 perquisiuit
1027 1233 1127 1298 breue
1149 1232 1191 1297 ad
1213 1240 1332 1297 terram
1354 1233 1492 1320 perqui-

373 1337 515 1404 rendam
560 1339 604 1403 Et
625 1337 698 1403 ideo
719 1338 810 1424 prius
835 1337 986 1424 adquirat
1014 1345 1133 1402 terram
1156 1343 1191 1402 et
1211 1345 1324 1422 postea
1342 1345 1421 1424 agat
1446 1336 1491 1402 ds

373 1441 596 1508 aduoosoione.

211 1573 246 1614 no
233 1575 318 1624 auom
290 1574 332 1614 uon
440 1546 483 1610 Et
506 1545 596 1610 Prior
617 1544 710 1610 uenit
732 1551 767 1610 et
789 1543 869 1608 dicit
891 1541 978 1629 quod
999 1541 1099 1608 assisa
1119 1565 1185 1608 non
1205 1541 1304 1608 debet
1322 1542 1399 1608 inde
1414 1543 1490 1610 fieri

211 1621 346 1752 ἷιιῖιὲιιῗιος
313 1667 341 1754 gd
374 1648 452 1736 quia
465 1649 597 1736 quidam
613 1648 784 1734 Philippus
798 1655 980 1712 antecessor
999 1669 1078 1712 suus
1098 1647 1300 1732 presentauit
1320 1647 1489 1733 quendam

211 1716 363 1858 “wa-¹³:2¹¹*
373 1753 480 1818 Adam
496 1753 737 1820 deThomoure
752 1750 1156 1838 qu1adpresentacionem
1173 1773 1266 1816 suam
1287 1751 1351 1816 fuit
1371 1759 1432 1816 ete.
1450 1759 1489 1816 et

211 1855 253 1893 ¹¹¹⁰
226 1819 332 1941 ἐπ’
307 1865 447 1950 qupost
461 1865 599 1922 mortem
613 1856 716 1943 ipsius
729 1856 802 1921 Ade
822 1855 1025 1942 presentauit
1044 1855 1135 1921 Prior
1154 1855 1317 1921 Robertus
1337 1865 1489 1922 anteces-

209 1910 278 2034 {2¹2⁰
277 1913 362 2044 '²¹³3‘
373 1981 425 2024 sor
446 1981 524 2024 suus
543 1959 705 2045 quendam
723 1958 881 2023 Thomam
896 1957 937 2023 de
953 1957 1063 2044 Dysey
1077 1979 1135 2043 qu1
1125 1957 1192 2022 ad
1206 1958 1485 2074 presentaeionem

210 2041 354 2138 {didita
373 2071 432 2127 ete
446 2071 481 2126 et
492 2083 627 2147 persona
642 2061 814 2126 institutus
828 2060 1035 2147 percipiendo
1046 2060 1122 2125 inde
1137 2083 1279 2126 annuam
1293 2061 1487 2147 pensionem

209 2101 355 2223 midam
373 2188 398 2232 o
413 2166 478 2244 sol,
493 2173 527 2230 et
546 2165 630 2230 bene
650 2163 730 2229 dicit
752 2163 838 2250 quod
860 2163 1025 2250 predictus
1039 2164 1224 2230 Willelmus
1238 2165 1279 2229 de
1295 2165 1486 2231 Thornoure

208 2233 354 2318 ‘affimav-
372 2291 538 2355 nunquam
559 2269 622 2334 fuit
642 2269 718 2334 inde
737 2291 874 2355 persona
887 2275 938 2334 set
953 2267 1064 2334 fuit
1031 2268 1172 2333 uroarius
1186 2267 1228 2333 ad
1242 2268 1485 2335 oniinaoionem

208 2324 331 2372 mmo.

371 2372 613 2458 Arebiepisoopi
628 2371 845 2437 Eboraoensis.

438 2475 482 2540 Et
503 2474 616 2540 Simon
636 2483 670 2540 et
695 2475 791 2541 Sarra
812 2474 927 2540 dieunt
948 2474 1035 2561 qnod
1057 2475 1223 2562 predictus
1237 2476 1424 2543 Willelmus
1441 2478 1484 2543 da

371 2577 557 2643 Thornoure
573 2577 636 2643 fuit
651 2577 728 2642 inde
742 2600 879 2664 persona
893 2585 927 2642 et
942 2577 1101 2642 admissus
1121 2578 1163 2643 ad
1186 2587 1289 2644 totam
1313 2581 1483 2646 ecclesiam

371 2681 413 2746 ad
442 2683 719 2767 presentaoionem
743 2683 902 2750 Gileberti
923 2683 1021 2770 primi
1046 2683 1111 2749 uiri
1136 2684 1238 2771 ipsius
1264 2687 1368 2765 Sane,
1394 2696 1430 2753 et
1456 2689 1486 2754 si

370 2785 576 2870 postmodum
591 2809 656 2852 non
671 2787 788 2852 habuit
803 2787 878 2853 inde
893 2787 957 2852 nisi
971 2787 1126 2853 uicariam
1142 2789 1202 2854 hoc
1217 2790 1281 2854 fuit
1295 2790 1338 2856 ad
1353 2791 1481 2857 ordina·

369 2887 494 2954 cionem
510 2889 751 2977 Aruhiepisoopi
766 2899 801 2956 et
815 2913 880 2956 non
894 2913 953 2977 per
967 2913 1158 2957 consensum
1178 2894 1315 2960 alicuius
1329 2896 1484 2963 aduocati

369 3000 428 3057 eta
474 2992 518 3058 Et
542 2993 620 3080 quia
641 2995 732 3059 Prior
753 2993 834 3060 dicit
857 2995 943 3082 quod
967 3005 1150 3065 antecessor
1172 3020 1251 3064 suus
1276 3000 1482 3085 presentauit

368 3096 520 3162 ultimam
540 3120 719 3184 personam,
734 3107 769 3164 et
784 3099 897 3164 Simon
917 3108 952 3166 et
973 3101 1070 3166 Sarra
1091 3101 1205 3167 mount
1227 3103 1313 3190 quod
1334 3113 1483 3171 anteces-

368 3219 454 3264 sores
477 3199 529 3264 sui
551 3222 720 3285 personam
743 3211 1024 3287 presentauerunt,
1047 3203 1297 3270 Consideratum
1320 3215 1371 3272 est
1393 3209 1481 3294 quod

368 3300 468 3366 assisa
482 3301 635 3386 procedat
650 3311 710 3370 ete
726 3303 905 3370 uioeeomes
920 3305 1041 3370 habeat
1055 3329 1186 3392 corpora
1205 3309 1351 3374 omnium
1372 3333 1481 3398 recog-

369 3401 512 3468 nitorum
527 3411 588 3468 eto.

310 3544 316 3558 ·
433 3505 545 3570 Assisa
565 3506 659 3572 uenit
681 3509 886 3596 recognitura
908 3510 980 3597 quis
1000 3512 1178 3578 aduocatos
1200 3521 1260 3580 eto.
1276 3517 1481 3601 presentauit

271 3605 320 3636 ‘¹⁰²
368 3615 429 3674 eto.
444 3609 485 3673 ad
508 3609 674 3676 eeclesiam
697 3611 738 3677 de
760 3613 946 3680 Alfinotona
968 3623 1007 3680 ut
1028 3615 1157 3692 dicitur,
1177 3617 1271 3682 ouius
1291 3618 1481 3686 aduocaoio-

368 3735 443 3778 nem
458 3714 481 3779 J
481 3713 624 3780 ohannes
638 3715 679 3780 do
695 3715 727 3780 N
730 3717 850 3783 eouilla
863 3719 983 3784 clamat
994 3742 1108 3784 uersus
1119 3719 1322 3787 Willelmum
1334 3723 1479 3790 Priorem

368 3814 408 3880 da
433 3815 583 3904 Cuwyo¹,
604 3817 662 3904 qui
684 3819 777 3884 uenit
801 3827 836 3884 et
859 3819 940 3886 dicit
962 3822 1049 3907 quod
1070 3822 1170 3888 assisa
1191 3847 1256 3890 non
1279 3825 1379 3892 debet
1401 3828 1479 3894 inde

368 3919 447 3997 fieri,
463 3920 540 4006 quia
554 3921 693 4007 quedam
708 3923 854 3988 Hawisia
868 3923 908 3988 de
925 3923 1091 4012 Curtenay
1099 3927 1303 4012 presentauit
1314 3931 1478 4015 quendam

369 4024 549 4089 Hemioum
569 4025 609 4090 de
630 4025 797 4112 Ourtenay
811 4027 846 4092 in
866 4027 945 4116 ligia
964 4028 1129 4094 uiduitate
1144 4053 1204 4096 sua
1218 4031 1275 4117 qui
1289 4031 1332 4096 ad
1346 4055 1478 4118 presen-

369 4129 528 4194 taeionem
550 4152 642 4196 suam
665 4131 729 4196 fuit
751 4139 812 4198 eto.
833 4140 868 4197 et
887 4133 922 4198 in
943 4133 1056 4199 eadem
1077 4135 1158 4200 obiit
1178 4157 1322 4222 persona,
1337 4145 1373 4202 et
1390 4147 1479 4224 post-

401 4331 411 4364 1
428 4329 543 4395 Perhaps
552 4332 575 4383 rt
590 4332 686 4385 should
702 4334 734 4386 ba
751 4337 860 4401 Aratiep
862 4339 895 4387 is·
945 4337 992 4434 the
1003 4337 1150 4388 oooasional
1161 4342 1311 4389 annotator.

368 4411 530 4513 c¹SosBr.
541 4463 560 4514 f.
572 4463 641 4515 tob.
674 4465 739 4517 This
752 4466 847 4517 noteis
863 4467 896 4532 by
946 4403 1045 4532 Ριίοςγ).
1051 4403 1320 4534 &iiiiiiikvdinffi
1322 4405 1478 4523 *didam
