3212 5230
419 441 582 502 ramma,
604 441 669 490 aa.
695 428 787 500 1230,
809 441 871 488 nn
898 430 946 490 14.
1175 433 1235 494 341

143 621 221 678 recto
245 637 354 680 uersus
376 614 557 701 Hugonem
586 613 626 678 de
656 612 857 700 Langewade
886 621 921 678 ct
950 614 1030 680 alios
1059 623 1178 681 terram
1203 617 1238 681 in
1251 611 1399 698 ffffllff„

143 719 285 786 chtcna
299 721 403 786 utine
419 720 553 786 ecclesie
568 741 625 784 aue
640 719 687 784 ita
699 720 785 806 quod
799 720 862 806 ipsi
877 728 950 806 post
967 721 1128 786 esconium
1142 745 1236 786 suum
1250 705 1397 792 &iiiiii

1251 799 1343 838 nondum
1352 798 1382 836 ul·

142 823 176 888 de
202 825 283 890 malo
305 826 463 891 ueniendi
485 824 728 890 esaoniauernnt
750 847 784 889 ae
807 825 847 890 de
869 827 955 891 malo
978 827 1062 906 lecti,
1083 827 1132 892 ita
1152 827 1239 914 quod
1251 857 1287 942 ii*
1277 849 1384 932 wilffi-

142 939 317 1015 preceptum
344 930 410 994 fuit
440 927 624 994 uicecomiti
653 927 740 1015 quod
769 929 917 994 mitteret
946 930 987 995 ad
1017 951 1070 995 eoa
1100 937 1239 1015 quatuor
1249 943 1286 1025 23:
1294 942 1396 1031 gffirgg

142 1031 250 1096 milites
263 1032 305 1096 ad
320 1032 504 1098 uidendum
519 1041 629 1097 utrum
649 1032 821 1096 infirmitas
841 1041 926 1098 esset
944 1033 1079 1120 languor
1098 1034 1152 1097 uel
1172 1055 1237 1096 non
1249 1031 1390 1128 ffiffill.

141 1143 201 1210 eac„
215 1143 247 1198 ct
261 1135 387 1200 milites
405 1135 560 1200 uiderunt
580 1157 633 1200 coa
654 1143 704 1200 sel:
726 1158 791 1200 non
813 1144 975 1201 uenerunt
997 1137 1038 1201 ad
1060 1137 1235 1202 testifican·
1248 1125 1397 1220 ww.

141 1235 209 1301 dum
230 1238 339 1302 uisum
363 1259 460 1302 sunm
483 1261 542 1303 nec
557 1238 648 1303 Prior
668 1260 727 1303 nec
749 1238 867 1324 aliquis
888 1261 946 1324 pro
967 1261 1005 1303 co
1027 1247 1158 1304 secutus
1172 1239 1236 1304 fuit
1248 1219 1293 1304 lili
1301 1227 1386 1304 muni*

140 1364 241 1406 uersus
269 1343 404 1408 eoadem
426 1343 555 1409 militea
598 1343 643 1408 Et
665 1342 871 1409 concessum'
893 1342 978 1430 quod
1000 1343 1063 1428 ipsi
1085 1313 1398 1444 eaaoniatifflffii·

140 1455 261 1533 surgant
275 1447 351 1512 aine
371 1447 513 1512 habeant
533 1448 719 1534 languorem
740 1447 794 1512 uel
808 1469 881 1525 non,
897 1455 932 1511 et
953 1447 1043 1511 Prior
1061 1447 1096 1511 in
1114 1447 1237 1512 miseri·

140 1549 235 1615 cordia
248 1551 331 1637 qnia
344 1575 410 1616 non
425 1559 475 1616 est
489 1559 685 1636 prosecutus.

96 1703 101 1716 .
196 1651 331 1720 'Aaaisa
358 1655 453 1719 uenit
481 1655 686 1742 recognitum
713 1655 741 1719 ai
776 1655 922 1742 Rogems
952 1656 1027 1740 Hay
1056 1655 1237 1720 auunculus
1279 1669 1363 1710 sm

141 1758 248 1845 Rogati
262 1759 327 1824 filii
347 1759 470 1823 Thoma
490 1759 566 1844 Hay
581 1759 646 1824 fuit
667 1759 796 1824 saisitus
818 1759 853 1823 in
875 1759 1034 1824 dominico
1056 1781 1114 1823 auo
1135 1767 1174 1823 ul
1196 1759 1236 1824 de

1224 1859 1372 1926 iDcRossero

141 1986 192 2030 acr.
213 1973 299 2030 terre
323 1974 358 2029 et
375 1965 399 2050 j.
423 1965 587 2051 mesuagio
609 1988 683 2030 cum
705 1974 786 2052 pem.
814 1965 848 2029 in
874 1966 1072 2031 Hunestuna
1097 1967 1149 2032 die
1175 1976 1234 2032 etc.
1249 1907 1310 1954 aar·

141 2089 226 2152 quam
250 2077 383 2144 terram,
404 2075 534 2153 pratum
557 2075 592 2132 el
614 2068 816 2155 mesuagium
838 2069 970 2156 Agatha
991 2069 1059 2135 filia
1083 2071 1236 2136 Willelmi

141 2171 175 2236 de
190 2171 219 2238 S.
233 2171 256 2236 J
257 2171 388 2236 ohanne
405 2179 495 2234 tenet
507 2171 563 2257 qui
577 2171 671 2236 uenit
686 2180 720 2237 et
735 2181 783 2237 est
799 2173 884 2238 infra
897 2182 1020 2239 etatem
1035 2183 1084 2239 act
1095 2177 1119 2241 J
1119 2177 1236 2241 acobus
1248 2180 1301 2220 '⁰¹⁸⁶
1307 2179 1398 2220 Μ*

141 2273 175 2338 de
189 2274 346 2341 cicestra
360 2281 468 2338 custos
485 2274 630 2339 eiusdem
646 2275 776 2362 Agathe
796 2276 977 2363 dicitquod
997 2300 1061 2342 non
1076 2278 1174 2343 debet
1194 2278 1236 2343 ad
1248 2227 1352 2268 ‘ww
1402 2267 1405 2272 ¹

141 2379 191 2444 hoc
212 2379 313 2444 breue
335 2377 526 2464 respondere
549 2379 626 2464 quia
647 2401 712 2443 non
738 2379 846 2444 tenuit
869 2387 972 2444 totam
999 2389 1117 2448 terram
1146 2382 1236 2447 illam

141 2483 208 2568 quia
220 2484 313 2549 Prior
329 2483 371 2548 da
393 2483 562 2570 Bogmua⁶
581 2492 673 2548 tenet
695 2483 770 2548 inde
788 2483 813 2569 j.
829 2483 910 2570 uirg.
934 2491 1018 2548 terre
1041 2493 1075 2549 ct
1104 2485 1158 2572 xij.
1174 2507 1234 2550 acr.

143 2596 215 2652 terra
243 2597 278 2653 et
304 2587 329 2674 j
356 2586 577 2652 molendinum
599 2609 673 2652 cum
695 2587 907 2653 aduocacione
934 2587 1065 2653 ecclesie
1091 2588 1235 2654 eiusdem

143 2690 210 2755 uilla
244 2701 280 2756 et
309 2699 458 2776 preterca
486 2689 669 2753 Willelmna
702 2690 743 2755 de
774 2689 805 2755 S.
835 2689 984 2755 Johanna
1013 2699 1107 2775 pater
1135 2691 1236 2779 ipsius
1248 2701 1388 2798 ggffiffffi·

143 2795 260 2882 Agathe
299 2801 392 2859 benet
428 2793 636 2858 medietatem
670 2793 758 2858 illius
786 2793 922 2858 manerii
951 2801 986 2858 ct
1016 2793 1142 2859 desicul
1171 2819 1235 2860 non
1248 2797 1382 2882 fflffl·

143 2907 223 2963 tenet
239 2907 346 2964 totam
368 2905 488 2962 terram
509 2919 574 2960 non
596 2896 670 2961 uult
692 2897 733 2961 ad
755 2896 815 2962 hoc
837 2897 936 2962 breue
959 2897 1150 2982 respondere
1172 2898 1235 2962 nisi
1248 2889 1398 2975 ffillllf·

143 3003 221 3068 curia
233 3001 494 3069 considerauerit.
1247 2983 1392 3069 iiiuiiffi

1247 3081 1324 3114 terram
1333 3076 1366 3116 dle

198 3107 240 3172 nt
261 3107 409 3192 Rogerua
427 3104 513 3168 filius
535 3102 656 3167 Thome
678 3101 758 3166 dicit
780 3102 866 3188 qnod
887 3101 940 3167 die
962 3125 1027 3188 quo
1048 3103 1148 3168 breue
1171 3103 1234 3167 fuit
1247 3123 1389 3218 fflggtom

143 3209 331 3297 inpetratum
344 3208 452 3274 tenuit
463 3207 534 3293 ipsa
544 3214 647 3272 totam
659 3207 878 3271 terramillam
894 3216 928 3271 ec
939 3216 1070 3294 pratum
1082 3217 1116 3273 et
1128 3231 1233 3273 mesu.
1247 3220 1291 3255 tum
1300 3221 1321 3255 a
1330 3217 1354 3255 a

143 3317 242 3402 agium
252 3338 327 3380 cum
338 3322 422 3400 pert.
432 3313 568 3398 integre.
601 3311 644 3375 Et
654 3311 730 3397 quia
738 3311 809 3397 ipsa
820 3321 869 3376 eat
879 3312 963 3376 infra
973 3321 1105 3391 etatem,
1114 3320 1148 3377 et
1158 3312 1235 3398 quia
1246 3263 1397 3406 ffiloluffil

144 3441 199 3482 non
212 3417 330 3504 poterit
345 3423 491 3480 constare
510 3423 621 3480 utrum
645 3413 693 3479 ita
712 3415 756 3479 ait
775 3415 829 3480 uel
851 3437 915 3480 non
936 3415 999 3480 nisi
1013 3438 1071 3502 per
1085 3415 1233 3493 iuratam,
1246 3405 1389 3490 'Sssffiffl

143 3523 193 3586 fiat
206 3522 278 3586 inde
292 3519 463 3606 inquisicio
478 3541 536 3604 per
549 3519 690 3584 iuratam
705 3543 803 3606 super
816 3520 952 3584 articulo
967 3520 1029 3585 illo.
1246 3499 1395 3618 iii¹0ililn⁰⁸ii

199 3627 241 3691 Et
267 3626 426 3690 iuratores
448 3623 562 3688 dicunt
584 3623 670 3710 quod
695 3625 841 3710 predicta
861 3625 994 3712 Agatha
1016 3631 1107 3688 tenet
1129 3631 1233 3688 totam
1246 3593 1346 3632 'mmm'

144 3737 250 3794 terram
264 3729 363 3805 illam,
377 3735 516 3814 pratum,
531 3736 565 3792 et
584 3728 787 3814 mesuagium
810 3735 844 3792 et
866 3727 974 3792 tenuit
989 3727 1041 3791 die
1056 3749 1120 3813 quo
1135 3727 1234 3791 breue

145 3833 200 3898 fuir
222 3833 429 3920 inpetratum.
472 3832 596 3897 Dicunt
622 3831 724 3897 eciam
753 3851 851 3916 super
879 3838 1115 3894 sacramentum
1138 3853 1249 3895 suum·

173 4009 181 4042 ¹
196 4009 302 4060 Braclon
314 4009 377 4058 cilca
386 4007 566 4059 thiacaacand
577 4011 657 4059 alatae
708 4008 774 4057 How
785 4005 846 4057 does
857 4006 910 4056 thia
927 4006 975 4068 girl
990 4019 1062 4056 come
1077 4005 1110 4068 by
1125 4003 1189 4054 land
1205 4003 1234 4052 in

147 4073 289 4133 lhiarnlaf.
302 4075 359 4132 ³55,
372 4073 456 4124 ³551).
707 4071 754 4122 her
770 4071 877 4122 lathcr'a
893 4071 1019 4121 liletima?
1040 4071 1081 4119 An
1097 4084 1197 4119 anawer
1211 4070 1235 4118 ia

173 4139 183 4170 ²
198 4139 254 4203 Sap.
265 4149 309 4198 ert,
318 4141 350 4189 Α.
708 4137 853 4200 suggested.

174 4204 184 4235 ²
198 4206 226 4254 Δ.
236 4219 268 4254 m.
281 4207 321 4254 14.
740 4201 751 4234 ⁶
766 4203 899 4264 Boxgrova
911 4201 939 4250 in
951 4201 1054 4252 Suam.

174 4268 299 4320 ⁴Heleon
306 4270 384 4318 inner
391 4269 502 4332 margin.
524 4267 658 4320 Seeabova
741 4267 824 4316 'The
840 4267 912 4330 parol
934 4265 995 4316 doca
1013 4269 1060 4314 not
1076 4263 1175 4324 demur,
1195 4263 1235 4312 lor

147 4333 204 4382 Care
214 4336 265 4384 410.
709 4331 754 4382 lhc
764 4332 886 4382 infantia
901 4335 947 4380 not
965 4331 993 4380 in
1009 4329 1063 4379 lhia
1078 4343 1136 4378 case
1153 4328 1235 4378 raised

175 4399 246 4449 ’Not
256 4399 358 4450 written
374 4403 403 4450 at
419 4398 464 4449 the
475 4413 545 4448 aamc
556 4399 618 4448 lime
629 4413 659 4448 aa
708 4399 738 4448 ol
751 4397 815 4446 land
829 4397 979 4460 bydcacant
994 4396 1041 4444 bnt
1056 4394 1179 4444 hasbeen
1191 4409 1234 4444 en·

150 4464 266 4529 (probably
287 4465 383 4532 balare)
406 4465 451 4516 the
473 4465 547 4515 other
571 4469 655 4515 nolca
709 4462 802 4514 lealled
813 4461 907 4525 during
918 4461 964 4512 her
974 4461 1087 4523 inlancy.
