3212 5230
406 381 548 444 almar,
570 379 635 430 nn.
660 365 754 439 1231,
775 378 839 428 aa.
863 367 913 428 15.
1142 365 1206 434 379

126 555 193 622 dicit
213 555 292 642 quod
312 555 455 620 incertus
476 563 527 620 est
546 554 574 619 si
591 553 666 618 finis
687 553 791 618 factus
811 551 875 616 luit
889 552 943 617 uel
958 573 1030 618 non.
1076 553 1120 618 Et
1134 553 1207 619 ideo

128 661 351 730 Consideratum
381 668 432 726 est
461 659 547 746 quod
575 658 666 723 Prior
694 656 899 742 recuperauit
932 655 1371 751 presenlauionemg‘gffippw

128 789 204 832 suam
221 765 260 830 ad
281 765 415 830 eandem
438 764 603 830 ecclesiam
627 769 661 827 et
684 761 803 826 habeat
825 761 925 825 breue
947 760 990 826 ad
1012 761 1206 848 Episcopum
1219 751 1356 836 llilllfflm

127 871 289 936 maenam
311 869 398 956 quoe
420 891 486 934 non
508 868 657 933 obstante
682 874 742 932 ele.
765 874 800 932 el
822 865 1006 930 willelmus
1027 865 1061 930 ln
1083 845 1320 939 maeri-triv·

128 973 222 1038 cordia

68 1119 90 1136 ..
179 1078 319 1142 Decanus
337 1085 373 1142 et
392 1075 582 1162 Capitulum
599 1074 630 1140 S.
649 1073 743 1138 Pauli
766 1071 931 1139 Londonie
953 1081 1072 1160 petunt
1093 1097 1206 1142 uersus
1261 1079 1326 1121 Μ

128 1179 270 1244 Tetricum
284 1179 323 1243 de
338 1177 501 1265 Aldegate
516 1177 603 1263 quod
620 1177 717 1242 faciat
733 1176 780 1242 eis
795 1177 1045 1244 eonsuetudines
1064 1187 1099 1244 et
1118 1187 1208 1245 recta

129 1284 243 1349 seruicia
255 1305 316 1369 que
331 1281 379 1347 eis
393 1282 496 1346 faeere
511 1281 609 1346 debet
624 1280 665 1345 de
680 1281 781 1346 libero
800 1289 989 1346 tenemento
1003 1281 1089 1367 quod
1103 1281 1143 1348 de
1159 1283 1206 1348 eis

130 1397 204 1454 tenet
222 1387 254 1451 in
267 1386 466 1473 Wappinges
488 1394 527 1450 ut
548 1385 583 1450 in
605 1385 786 1450 redditibus
807 1385 976 1473 arreragiis
996 1395 1031 1452 et
1050 1387 1122 1452 aliis
1136 1397 1207 1467 ete,

129 1502 156 1558 et
175 1491 252 1556 unde
275 1489 337 1576 ipsi
362 1489 514 1554 Decanus
539 1495 574 1553 et
597 1487 787 1574 Capitulum
810 1496 992 1574 queruntur
1012 1489 1098 1575 quod
1120 1489 1207 1555 eise

129 1605 197 1662 retro
209 1603 280 1660 suut
294 1617 321 1658 v.
337 1616 444 1658 maroe
459 1593 499 1658 de
513 1591 645 1657 redditu
665 1591 762 1656 unius
781 1591 958 1658 molendini
979 1615 1076 1680 super
1098 1594 1205 1660 Tami-

129 1699 192 1764 siam
205 1707 270 1776 etc,
287 1707 322 1763 et
343 1705 492 1784 preterea
512 1696 599 1782 quod
620 1695 689 1782 ipse
711 1696 859 1783 permisit
880 1697 1101 1764 molendinum
1123 1699 1206 1765 illud

129 1803 251 1869 decidere
265 1810 299 1868 et
312 1802 400 1888 quod
417 1799 578 1866 obstruxit
598 1800 753 1864 fossatum
773 1800 950 1865 molendini
968 1800 1056 1866 illius
1070 1811 1105 1867 et
1120 1803 1206 1889 quod

128 1907 281 1992 asportauit
303 1908 535 1972 ferramentum
555 1913 590 1970 et
610 1903 734 1990 lapides
754 1904 843 1968 illius
862 1904 1039 1972 molendini
1058 1905 1106 1972 ita
1119 1908 1206 1994 quod

127 2009 290 2075 deteriorati
302 2018 382 2076 sunt
401 2017 437 2074 et
456 2009 634 2095 dampnum
654 2007 778 2072 habent
796 2007 840 2074 ad
859 2008 1038 2074 ualenciam
1053 2011 1204 2079 xlmam

127 2113 188 2198 quia
200 2136 252 2199 pro
264 2113 395 2178 delectu
409 2113 497 2178 illius
511 2119 639 2199 oportet
656 2133 711 2178 eos
724 2111 804 2176 alibi
818 2110 865 2176 ire
880 2111 922 2176 ad
936 2134 1087 2200 magnam
1102 2114 1206 2181 iactu-

126 2239 180 2282 ram
192 2218 327 2303 ipsorum
342 2226 377 2282 et
388 2217 449 2282 hoc
463 2217 602 2282 offerunt
616 2222 678 2282 ete.

177 2323 216 2386 lit
236 2322 382 2388 Tetricus
402 2320 496 2386 uenit
516 2329 551 2386 et
570 2319 717 2386 defendit
738 2319 807 2384 uim
827 2326 862 2384 et
875 2319 1027 2386 iniuriam
1043 2330 1077 2388 et
1092 2322 1204 2410 damp-

125 2447 188 2490 num
201 2435 233 2492 et
247 2435 353 2492 totum
368 2435 402 2492 et
417 2448 532 2491 uerum
552 2425 627 2490 uult
646 2423 751 2490 dicere
771 2423 859 2509 quod
880 2423 948 2510 ipse
971 2447 1084 2492 reuera
1105 2427 1205 2494 habet

123 2528 155 2594 de
176 2529 369 2595 concessione
398 2528 523 2595 Decani
549 2536 583 2594 et
611 2526 757 2614 Capituli
781 2526 813 2592 S.
838 2527 932 2592 Pauli
957 2527 1121 2596 Londonie
1147 2553 1206 2617 per

122 2643 225 2700 eadam
239 2633 380 2720 ipsorum
396 2633 505 2698 sedem
520 2631 686 2698 cuiusdam
701 2631 878 2696 molendini
889 2654 952 2718 que
964 2632 1055 2698 aedes
1071 2643 1206 2700 uocatur

122 2738 309 2827 Wappinges‚
323 2737 382 2803 ubi
396 2738 465 2823 ipse
481 2736 550 2801 fieri
564 2735 641 2800 lecit
661 2735 821 2822 quoddam
843 2736 1065 2802 molendinum
1085 2738 1125 2804 de
1141 2762 1205 2825 quo

121 2843 284 2910 molendino
304 2843 374 2929 ipse
394 2849 429 2906 et
449 2840 583 2906 heredes
603 2840 655 2906 sui
672 2839 793 2906 debent
807 2839 943 2926 singulis
957 2842 1050 2906 annis
1065 2865 1092 2907 v.
1109 2865 1203 2910 marc.

120 2946 153 3010 ad
177 2947 326 3012 terminos
355 2953 495 3010 statutos
524 2944 644 3010 eisdem
674 2943 805 3008 Decano
831 2954 866 3010 et
892 2944 1053 3032 capitulo,
1078 2955 1113 3012 et
1142 2947 1205 3033 ipsi

120 3047 251 3115 Decanus
270 3057 305 3114 et
326 3047 516 3134 Capitulum
536 3069 593 3132 per
614 3057 736 3112 cartam
758 3069 850 3111 suam
872 3058 1097 3114 concesserunt
1119 3051 1205 3136 quod

120 3150 223 3216 facient
247 3159 369 3218 sectam
398 3149 441 3214 ad
469 3149 691 3214 molendinum
720 3149 803 3214 illud
832 3149 873 3215 de
898 3151 994 3216 blado
1026 3154 1205 3219 communis

122 3253 233 3336 pistlini
252 3254 395 3340 ipsorum
416 3251 586 3330 moliendo,
601 3261 635 3316 et
655 3251 741 3316 unde
761 3251 831 3337 ipse
850 3251 930 3316 dicit
950 3253 1037 3338 quod
1056 3254 1119 3341 ipsi
1138 3257 1203 3322 De-

124 3379 206 3422 canus
228 3367 261 3424 et
286 3357 476 3443 Capitulum
505 3378 570 3420 non
599 3357 744 3422 fecerunt
769 3365 891 3420 sectam
916 3356 959 3422 ad
983 3357 1204 3426 molendinum

124 3457 191 3524 illud
203 3468 234 3525 et
245 3461 329 3547 quod
344 3460 575 3525 subtraxerunt
588 3460 762 3524 molturam
777 3467 910 3546 propter
924 3461 1010 3546 quod
1020 3484 1085 3526 non
1097 3471 1204 3548 potest

124 3561 265 3628 redditum
279 3563 363 3628 illud
376 3563 509 3629 reddere
524 3571 559 3629 et
574 3563 601 3629 si
615 3564 739 3652 aliquid
755 3563 796 3630 de
811 3564 942 3630 redditu
956 3565 1012 3630 illo
1026 3589 1047 3632 a
1060 3575 1146 3632 retro
1160 3568 1204 3634 sit

124 3663 173 3730 hoc
185 3675 245 3732 stat
258 3689 315 3753 per
329 3689 384 3732 eos
398 3675 433 3732 et
447 3689 512 3731 non
531 3689 590 3752 pel·
608 3667 722 3753 ipsum.
767 3668 921 3733 Preterea
942 3656 1040 3734 dicit¹
1063 3669 1204 3737 ministri

124 3766 245 3852 ipsorum
258 3769 382 3836 Decani
397 3778 431 3834 et
447 3769 592 3856 Capituli
606 3771 838 3836 salvamentum
852 3781 1101 3858 asportauelunt
1115 3774 1204 3842 illius

123 3871 278 3939 molendini
297 3882 331 3940 et
351 3873 438 3960 quod
458 3873 522 3961 ipsi
543 3874 708 3961 fregerunt
730 3876 848 3942 molam
870 3875 1053 3942 inferiorem
1068 3886 1103 3943 et
1117 3881 1204 3966 quod

124 3976 163 4041 its
174 3979 212 4044 sit
225 3981 313 4045 offert
327 3987 387 4046 etc

177 4083 216 4147 Et
228 4083 375 4150 Decanus
389 4091 425 4149 et
445 4082 635 4170 Capitulum
655 4083 768 4149 dicunt
787 4083 873 4171 quod
895 4107 960 4150 non
982 4093 1048 4151 stat
1070 4109 1128 4173 per
1149 4109 1204 4156 eos

123 4183 188 4268 quia
206 4187 384 4253 continetur
408 4187 444 4251 in
467 4195 556 4252 carta
581 4209 678 4273 quam
704 4187 773 4274 ipse
799 4188 946 4254 Tel-licus
969 4191 1090 4276 profert
1115 4193 1201 4278 quod

122 4287 255 4370 quamdiu
272 4289 358 4357 idem
380 4289 527 4356 Terrieus
541 4289 588 4354 eis
601 4289 684 4355 bene
699 4298 733 4355 et
747 4289 887 4387 fideliter¹
905 4293 1042 4359 seruilet
1056 4293 1090 4359 in
1105 4295 1200 4362 blado

547 4415 556 4448 ¹
574 4415 672 4480 Supply
684 4417 756 4480 quod.
