3308 5226
348 438 412 518 670
557 458 791 521 mensuruus,
813 459 878 509 nn.
904 445 997 522 1232,
1020 459 1082 510 aa
1109 444 1245 513 16-17.

411 633 455 700 Et
480 633 643 699 Robertus
665 631 759 697 uenit
782 639 817 697 et
840 631 921 697 dicit
947 631 1034 718 quod
1062 632 1134 720 ipsa
1162 655 1227 699 non
1252 633 1352 700 debet
1377 633 1455 700 inde

344 737 454 804 dotem
476 738 604 818 habere,
627 737 705 825 quia
726 737 797 824 ipsa
817 737 898 802 elias
920 737 1127 824 inplacitauit
1153 738 1259 826 ipsum
1282 739 1317 804 in
1339 738 1454 805 eadem

344 841 434 907 curia
453 863 511 928 per
529 841 629 906 breue
649 841 742 918 dotis,
762 841 811 905 ita
832 841 919 927 quod
941 841 1010 927 ipse
1032 842 1164 908 recessit
1186 842 1318 929 quietus
1340 865 1455 908 uersus

344 967 416 1010 eam
431 967 489 1032 per
503 943 793 1010 consideracionem
808 943 904 1020 curie,
914 951 948 1007 et
963 942 1039 1007 inde
1055 943 1147 1030 ponit
1161 967 1196 1009 se
1211 967 1309 1032 super
1322 947 1452 1011 rotulos.

344 1047 388 1112 Et
398 1047 538 1114 Isabella
547 1071 612 1113 non
623 1048 746 1134 potest¹
761 1047 917 1113 dedicere.
954 1047 1034 1112 Ideo
1049 1047 1284 1114 consideratum
1302 1049 1455 1137 estquod

344 1151 506 1217 Robertus
521 1151 597 1216 inde
612 1150 681 1216 sine
693 1151 755 1227 die,
765 1159 799 1215 et
810 1151 950 1216 Isabella
964 1150 999 1215 in
1014 1150 1239 1218 misericordia.
1255 1175 1379 1240 pauper
1393 1161 1452 1218 est.

287 1309 294 1326 .
407 1255 420 1288 ¹
427 1255 586 1342 Magister
606 1255 772 1320 Walterus
794 1253 920 1320 Deuon'
943 1277 1001 1341 pro
1023 1255 1113 1343 Rege
1139 1257 1225 1343 petit
1247 1281 1360 1323 uersus
1385 1257 1452 1323 Ro·

343 1355 473 1422 bertum
487 1357 529 1422 de
544 1356 731 1423 Skeleduna
745 1379 809 1443 quo
821 1363 963 1422 waranto
979 1363 1071 1423 tenet
1086 1357 1162 1425 dim.
1178 1359 1351 1448 ferlingum
1367 1367 1452 1426 terre

343 1483 417 1526 oum
432 1469 513 1548 pert.
529 1460 565 1525 in
580 1459 768 1539 Skileduna,
784 1461 841 1547 qui
856 1461 920 1526 fuit
939 1461 1096 1526 seriancia
1112 1462 1207 1529 Dom.
1222 1463 1330 1551 Regis,
1345 1474 1379 1529 et
1394 1465 1453 1551 qui

343 1571 394 1629 est
408 1571 536 1630 escaeta
550 1563 642 1630 Dom.
659 1563 759 1650 Regis
774 1585 833 1650 per
849 1563 1001 1629 seloniam
1017 1587 1114 1652 quam
1130 1565 1277 1654 Rogerus
1291 1565 1454 1633 Amabel'

343 1665 420 1732 iecit
444 1666 559 1754 etqui
583 1673 703 1732 terram
727 1665 817 1732 illam
843 1667 953 1732 tenuit
978 1689 1038 1753 per
1066 1668 1256 1734 serianciam
1285 1669 1326 1734 de
1355 1669 1450 1735 Dom.

342 1770 434 1858 Rege
449 1779 509 1838 etc.

407 1873 453 1940 Et
474 1873 637 1939 Robertus
658 1871 752 1938 uenit
774 1879 809 1938 et
834 1871 915 1938 dicit
940 1872 1027 1960 quod
1051 1881 1138 1940 terra
1162 1875 1220 1940 illa
1243 1897 1309 1940 non
1334 1883 1385 1941 est
1410 1873 1452 1941 de

343 1973 499 2040 seriancia
526 1973 592 2053 illa,
621 1981 656 2040 et
685 1973 766 2039 dicit
795 1973 882 2060 quod
911 1973 1076 2060 predictus
1108 1975 1255 2063 Rogems
1283 1996 1453 2063 nunquam

343 2077 452 2144 tenuit
473 2083 593 2144 terrum
614 2077 705 2142 illam
727 2083 778 2141 set
800 2083 894 2163 pater
913 2099 991 2142 suus
1011 2077 1076 2143 scil.
1092 2077 1203 2142 Dauid
1220 2078 1261 2144 de
1277 2079 1453 2145 Soileduna

343 2188 488 2267 tempore
503 2202 567 2267 quo
582 2179 669 2246 idem
685 2179 831 2268 Rogerus
842 2178 920 2244 fecit
935 2179 1087 2244 feloniam
1101 2180 1192 2245 illam
1207 2181 1316 2246 tonuit
1331 2187 1454 2247 terrum

342 2284 432 2350 illam
447 2283 483 2349 in
497 2283 658 2350 dominico
673 2305 731 2348 suo
746 2291 781 2349 et
795 2283 898 2349 eciam
915 2291 990 2369 post
1009 2291 1140 2370 tempus
1159 2283 1242 2349 illud
1261 2307 1320 2370 per
1338 2283 1451 2351 decem

342 2409 451 2466 annos,
466 2385 532 2453 soil.
547 2395 719 2474 postquam
733 2387 821 2452 idem
836 2387 984 2474 Rogeme
998 2387 1076 2452 fecit
1096 2387 1275 2473 predictam
1290 2389 1453 2466 feloniam,

342 2500 377 2556 et
398 2501 493 2578 poter
513 2513 592 2557 suus
614 2492 697 2557 obiit
718 2491 795 2557 inde
815 2491 945 2556 seisitus
965 2499 1005 2556 ut
1024 2491 1065 2556 de
1079 2491 1174 2556 feodo
1189 2499 1223 2557 et
1238 2492 1317 2571 iure,
1332 2501 1367 2558 et
1381 2494 1452 2580 ipse

342 2595 495 2660 successit
516 2595 603 2682 patri
624 2617 682 2660 suo
704 2601 743 2660 ut
765 2595 852 2660 filius
874 2603 909 2660 et
931 2595 1032 2671 heres,
1051 2603 1086 2660 et
1107 2617 1195 2662 nunc
1218 2596 1338 2662 terram
1361 2597 1452 2662 illam

342 2705 435 2764 tenet
455 2697 540 2764 sicut
559 2699 649 2764 illam
665 2721 728 2786 que
744 2699 775 2764 ei
790 2699 958 2765 descendit
972 2699 1013 2764 de
1028 2705 1121 2786 patre
1136 2720 1203 2778 suo,
1218 2707 1253 2765 et
1267 2699 1342 2766 inde
1357 2701 1452 2787 ponit

342 2823 377 2866 se
392 2822 489 2887 super
503 2801 651 2888 patriam.

409 2905 453 2970 Et
476 2905 635 2992 Magister
656 2903 822 2970 Walterus
846 2905 928 2970 dicit
951 2905 1037 2992 quod
1061 2913 1148 2971 terra
1170 2905 1228 2971 illa
1245 2903 1389 2994 pertinet
1408 2905 1451 2972 ad

342 3006 532 3072 serianoiam
547 3007 646 3085 illam,
658 3015 693 3072 et
708 3013 759 3071 est
773 3005 814 3072 de
829 3007 985 3072 seriancia
1000 3007 1064 3084 illa,
1076 3015 1110 3072 et
1124 3006 1289 3094 predictus
1304 3007 1452 3094 Rogerus

342 3109 419 3174 inde
439 3109 503 3175 suit
523 3109 653 3175 seisitue
674 3115 724 3174 set
738 3109 931 3196 postquam⁴
945 3109 1097 3174 feloniam
1112 3110 1202 3176 illam
1218 3111 1304 3188 fecit,
1318 3119 1353 3176 et
1367 3111 1451 3177 bene

342 3211 490 3279 defendit
519 3213 606 3300 quod
634 3213 800 3300 predictus
828 3213 939 3279 Dauid
967 3222 1063 3300 pater
1090 3213 1192 3300 ipsius
1221 3215 1357 3280 Roberti
1385 3237 1451 3280 non

343 3317 453 3381 tenuit
467 3323 587 3381 terram
602 3317 692 3381 illam
707 3336 851 3404 unquam
866 3324 1039 3402 postquam
1056 3315 1144 3381 idem
1159 3316 1306 3404 Rogerus
1319 3325 1453 3404 propter

343 3419 494 3484 feloniam
509 3421 600 3485 illem
615 3421 833 3508 interrogatus
848 3419 969 3486 suited
983 3419 1206 3507 utlagandum.

407 3520 586 3586 'Henricus
609 3523 640 3587 le
663 3523 805 3589 Gredere
828 3523 929 3588 esson'
951 3522 1107 3588 Isabella⁸
1127 3522 1246 3588 Puoele
1270 3523 1392 3610 optulit
1414 3545 1452 3589 se

342 3729 383 3795 de
397 3729 517 3816 placito
527 3729 552 3816 j.
564 3729 670 3795 oroffti
684 3751 758 3796 cum
773 3737 854 3818 pert
863 3731 898 3795 in
910 3730 1042 3810 Diuisio,
1050 3729 1137 3817 quod
1148 3730 1211 3817 ipsi
1224 3731 1451 3797 clumauerunt

341 3856 456 3900 uersus
470 3833 607 3899 eandem
622 3833 795 3900 Isabellam
809 3841 849 3900 ut
863 3834 915 3900 ius
933 3834 1037 3922 ipsius
1053 3835 1193 3902 Juliane.
1238 3835 1282 3900 Et
1296 3833 1453 3901 Warinuo

225 3949 227 3956 ’
342 3937 435 4004 uenit
455 3945 515 4003 etc.
531 3945 565 4002 et
584 3937 719 4003 Juliana
739 3961 804 4002 non
825 3938 928 4017 uenit,
942 3945 994 4004 set
1015 3939 1103 4005 idem
1120 3938 1274 4004 Warinus
1295 3939 1450 4026 produxit

342 4043 409 4107 loco
424 4039 526 4126 ipsius
540 4039 672 4106 Juliane
687 4039 850 4126 quandam
865 4063 928 4128 que
943 4063 1009 4106 non
1026 4041 1090 4106 suit
1111 4063 1191 4106 uxor
1205 4063 1270 4106 sua
1315 4041 1360 4106 Et
1375 4041 1450 4106 ideo

341 4141 578 4208 consideratum
600 4150 651 4207 est
672 4141 759 4228 quod
781 4143 959 4208 essoniotor
979 4143 1056 4208 inde
1078 4143 1147 4209 sine
1168 4143 1231 4222 die,
1245 4151 1281 4208 et
1294 4143 1451 4210 Warinus

373 4279 384 4312 ¹
401 4277 500 4342 Supply
511 4279 564 4341 too,
577 4279 608 4330 B.
951 4280 962 4313 ⁸
977 4281 1009 4330 B.
1021 4294 1056 4334 m.
1070 4282 1093 4334 5.

374 4345 385 4377 ¹
400 4343 432 4393 B.
443 4357 478 4394 m.
493 4343 543 4392 od.
950 4345 962 4380 ο
979 4346 1051 4398 (torr.
1070 4347 1209 4397 moniotor
1224 4347 1348 4407 Inaoeue5
1369 4350 1449 4400 erm'

373 4409 384 4442 ⁸
401 4409 471 4458 Oorr.
483 4409 601 4467 Mirotet,
612 4407 644 4459 Β.
918 4411 994 4469 Irot',
1006 4409 1037 4462 B.

373 4473 385 4506 ⁴
401 4474 442 4522 die
454 4487 503 4535 qao
514 4476 561 4522 not
571 4481 608 4522 cet
615 4481 755 4536 portquom,
767 4475 798 4526 B.
