3276 5234
481 463 620 526 mss-nn,
641 463 705 514 un.
731 449 824 524 1227,
846 463 910 514 nn
933 451 983 515 11.
1218 453 1282 517 203

169 647 229 702 etc
272 637 326 702 De
348 637 494 702 Richero
514 635 681 701 descendit
700 635 752 700 ius
771 643 857 699 terre
876 634 964 700 illius
982 633 1055 700 Ade
1073 635 1141 699 filio
1163 657 1230 714 suc,
1249 645 1283 702 et

169 743 211 808 de
233 743 303 829 ipso
323 742 400 807 Ada
422 742 497 808 Ade
519 741 586 806 filio
607 741 681 806 su0¹
703 740 790 826 patri
812 740 914 826 ipsius
934 739 1073 818 Ricardi
1094 747 1129 804 et
1150 739 1191 806 de
1213 740 1283 827 ipso

170 846 255 920 Atia,
268 846 332 932 ipsi
346 847 489 912 Ricaudo
504 856 544 911 ut
558 846 625 911 filio
639 867 698 910 suo
713 853 747 909 et
762 844 875 909 heredi
890 852 924 910 et
939 845 1034 910 offert
1049 853 1109 910 etc.

238 950 282 1014 Et
297 949 415 1016 Petrus
430 953 524 1016 uenit
538 959 573 1016 et
586 950 733 1015 defendit
746 949 798 1013 ius
812 971 909 1012 suum
925 971 1012 1013 nnnc
1026 957 1061 1012 et
1075 949 1155 1014 alias
1175 949 1233 1014 ubi
1249 958 1283 1014 et

170 1054 304 1140 quando
325 1055 500 1120 defendere
522 1054 664 1132 debebit,
679 1061 714 1118 et
734 1052 814 1118 dicit
829 1052 915 1138 quod
934 1075 1000 1117 non
1015 1053 1112 1118 debet
1127 1053 1168 1118 ed
1183 1054 1282 1118 breue

171 1158 378 1244 respondere,
393 1159 472 1246 quia
486 1159 672 1224 continetur
691 1157 726 1222 in
745 1157 839 1220 breui
859 1155 946 1241 quod
967 1155 1071 1220 diuise
1093 1157 1178 1222 iuste
1200 1157 1283 1222 fiant

171 1261 260 1326 sicut
282 1283 352 1326 esse
375 1263 497 1327 debent
518 1271 554 1327 et
575 1262 688 1338 solent,
703 1259 790 1325 unde
812 1257 900 1323 idem
922 1259 1040 1323 Petrus
1061 1260 1163 1324 trahit
1184 1260 1227 1325 ed
1247 1282 1283 1325 sc

171 1367 249 1454 plus
263 1375 335 1442 etc,
349 1375 385 1430 et
398 1365 486 1430 idem
501 1366 617 1430 Petrus
630 1365 731 1430 nichil
746 1364 849 1428 trahit
863 1363 905 1428 ad
920 1385 963 1441 se,
974 1372 1009 1428 et
1022 1365 1122 1430 nichil
1137 1365 1283 1444 attraxit,

171 1491 234 1534 nec
249 1469 377 1556 aliquid
391 1469 491 1534 habet
505 1469 569 1534 nisi
583 1477 703 1534 terram
717 1468 804 1534 unde
819 1476 913 1554 pater
926 1489 1004 1533 suus
1019 1477 1054 1534 et
1068 1477 1284 1534 antecessores

171 1573 225 1638 sui
241 1573 395 1638 obierunt
408 1572 512 1637 seisiti
526 1573 566 1638 de
587 1581 681 1658 patre
700 1571 736 1637 in
755 1573 861 1636 filium
881 1593 902 1636 c
922 1572 1026 1657 primo
1049 1581 1226 1658 conquestu
1247 1581 1284 1637 et

173 1678 366 1743 feffamento
386 1687 623 1742 antecessonrm
645 1701 776 1743 suorum
799 1686 834 1742 et
855 1676 954 1742 sieut¹
973 1677 1073 1742 breue
1095 1677 1175 1742 dicit
1197 1677 1283 1764 quod

172 1781 246 1868 ipse
275 1780 380 1845 truhit
408 1803 473 1844 non
499 1781 556 1844 wlt
583 1780 626 1845 ud
655 1781 715 1846 hoe
743 1781 843 1845 breue
873 1779 1072 1866 respondere,
1101 1781 1165 1846 nisi
1194 1782 1284 1847 curia

174 1882 438 1960 considersuerit,
460 1890 495 1948 et
523 1881 551 1946 si
578 1882 669 1947 curia
697 1882 948 1948 considemuerit
976 1883 1063 1969 quod
1091 1885 1283 1971 respondere

173 1989 296 2053 debeat
311 1987 354 2052 ud
369 1987 435 2052 tale
449 1987 557 2064 breue,
572 1987 662 2052 aliud
676 1987 771 2052 dicet.

240 2093 287 2156 Et
306 2089 466 2156 Ricardus
485 2089 565 2154 dicit
585 2089 670 2176 quod
691 2113 756 2154 uon
776 2089 875 2154 debet
896 2089 927 2155 ei
949 2112 1062 2155 nocere
1085 2090 1170 2176 quod
1192 2099 1283 2156 ante-

174 2217 317 2261 oessores
337 2193 390 2258 sui
411 2193 573 2280 quandam
595 2201 721 2279 partem
743 2201 949 2258 attraxerunt
970 2201 1005 2257 et
1026 2193 1094 2280 ipse
1121 2194 1283 2280 quandam

174 2307 304 2386 purtem
334 2319 394 2383 per
422 2305 644 2360 transturnum
668 2293 836 2360 cuiusdam
858 2317 950 2382 uque,
973 2304 1008 2361 et
1029 2297 1115 2382 petit
1136 2297 1211 2362 inde
1233 2298 1282 2362 iu·
1296 2299 1446 2386 iiffl’ssff

174 2403 308 2478 dicium,
328 2409 364 2466 et
385 2401 466 2466 dicit
487 2399 573 2486 quod
601 2400 700 2464 breue
723 2407 773 2464 est
794 2399 988 2464 racionabile
1010 2399 1187 2466 secundum
1209 2423 1283 2466 eon·
1295 2393 1439 2479 dmm*

175 2505 388 2572 suetudinem
403 2503 503 2592 regni
1295 2485 1435 2572 ttttt‘tt

242 2609 288 2674 Et
310 2608 389 2695 quin
410 2607 501 2672 nulla
526 2616 612 2672 terra
636 2606 820 2693 specificata
845 2614 895 2671 est
920 2606 954 2671 in
980 2605 1073 2672 breui
1094 2630 1154 2672 nec
1176 2579 1439 2694 potestffit⁰t⁶⁰

175 2713 251 2778 sciri
274 2720 437 2798 quantum
461 2717 545 2776 terre
566 2709 654 2774 idem
676 2709 834 2774 Ricardus
855 2709 974 2775 clamat
996 2710 1059 2775 nisi
1079 2711 1173 2776 fieret
1194 2671 1434 2816 uisusffffiflffif

175 2841 275 2904 super
288 2816 427 2882 cundem
441 2823 571 2891 terram,
586 2813 833 2881 Consideratum
850 2813 1001 2900 estquod
1021 2815 1112 2881 nulla
1131 2816 1190 2880 fiat
1208 2816 1285 2882 inde

176 2919 418 3010 perambulaeio
432 2919 496 2983 nisi
510 2919 625 2983 Petrus
639 2917 722 2982 uelit
741 2917 905 2994 assentire,
920 2927 971 2982 set
990 2917 1032 2982 ad
1053 2927 1178 2984 certum
1197 2921 1285 2987 diem

177 3025 316 3090 ueniunt
340 3023 383 3088 sd
412 3021 548 3086 eandem
577 3029 696 3085 terram
726 3019 784 3084 ubi
813 3019 991 3085 uieecomes
1020 3020 1117 3085 faciet
1145 3022 1285 3088 assidere

177 3129 358 3194 uisinetum
387 3126 442 3191 uel
465 3123 723 3210 wappentecium
752 3132 787 3189 et
816 3147 922 3190 coram
946 3125 993 3190 eis
1018 3126 1169 3192 ostendat
1197 3127 1284 3194 idem

178 3231 338 3296 Ricardus
360 3251 458 3315 quam
478 3236 597 3292 terram
620 3237 655 3292 et
678 3237 837 3314 quantum
862 3237 946 3294 terre
969 3237 1063 3316 petat
1086 3239 1121 3296 et
1143 3244 1286 3319 apponat

179 3343 285 3400 metas
307 3341 343 3398 et
365 3329 491 3396 bundas
512 3353 596 3408 suns,
611 3339 645 3396 et
668 3331 754 3417 quod
783 3331 871 3396 idem
893 3331 1010 3396 Petrus
1032 3355 1139 3398 coram
1162 3335 1284 3400 eisdem

179 3436 294 3502 eodem
309 3434 363 3499 die
378 3433 528 3498 ostendat
542 3455 600 3520 per
613 3457 693 3520 quas
706 3442 812 3499 metes
827 3443 861 3499 et
876 3457 956 3520 quas
976 3435 1101 3501 bundas
1121 3445 1207 3503 terra
1226 3461 1286 3505 sua

180 3541 289 3618 fuerit,
315 3549 351 3606 et
375 3539 403 3604 si
429 3561 493 3624 que
519 3546 605 3603 tenu
628 3539 727 3603 fuerit
756 3537 843 3603 intra
871 3537 944 3603 illes
973 3547 1078 3604 metas
1103 3540 1178 3606 hinc
1207 3543 1283 3608 inde

179 3645 355 3731 appositus,
369 3642 458 3708 idem
473 3642 630 3708 Ricardus
644 3643 733 3708 illam
755 3651 848 3729 petat
868 3643 981 3709 eodem
1004 3645 1099 3709 modo
1120 3645 1206 3711 sicut
1227 3669 1286 3733 per

178 3751 279 3815 breue
309 3749 351 3814 de
379 3755 476 3824 recte,
506 3757 541 3812 et
569 3747 686 3813 Petrus
715 3747 869 3812 defendat
897 3771 931 3813 se
960 3757 1019 3813 aut
1047 3771 1105 3835 per
1133 3773 1284 3838 magnam

178 3855 312 3921 assisam
327 3862 387 3918 aut
400 3873 460 3938 per
473 3852 618 3916 duellum
634 3861 745 3917 utrum
760 3853 912 3918 maluerit
926 3860 961 3918 et
981 3861 1101 3919 extunc
1120 3855 1155 3919 in
1178 3856 1285 3922 omniu

180 3959 239 4024 fiat
253 3956 436 4045 processus⁸
450 3956 535 4021 sieut
551 3979 609 4042 per
628 3956 728 4022 breue
751 3957 791 4021 de
811 3965 907 4034 recto,
923 3956 972 4022 its
991 3957 1077 4043 quod
1099 3958 1212 4022 eodem
1232 3959 1285 4024 die

178 4071 238 4128 aut
252 4069 354 4149 ponat
368 4083 403 4126 se
419 4081 516 4146 super
530 4081 681 4145 magnam
696 4059 836 4136 assisam,
851 4067 911 4124 cut
924 4059 1038 4125 uudiet
1052 4059 1206 4139 duellum,
1221 4084 1286 4128 non

179 4175 368 4253 exspectato
383 4164 448 4229 alio
463 4163 545 4228 uisu.

65 4265 132 4328 250.
244 4271 379 4336 *Jurau
399 4267 494 4332 uenit
508 4267 712 4356 recognitum
725 4267 766 4334 de
781 4289 937 4334 consensu
952 4269 1097 4354 parcium
1112 4293 1171 4356 per
1185 4279 1285 4338 testes
1322 4296 1421 4344 unm

210 4428 518 4482 ¹chiteonsAdnm.
791 4425 1114 4494 'ettunrfiutprocerruc
1128 4429 1157 4484 B.

210 4497 222 4530 ¹
238 4497 309 4547 Oorr.
322 4497 429 4554 ἀείσω,
441 4494 471 4545 Β.
791 4495 802 4526 ⁴
818 4493 849 4542 B.
861 4508 896 4543 m.
908 4493 924 4543 4
937 4493 962 4544 d.
