3314 5238
494 467 646 526 rnrxlrx,
669 465 734 516 au.
760 451 854 525 1231,
877 465 940 514 aa
966 453 1014 514 15.
1245 451 1308 517 457

199 636 296 722 Regis
324 635 500 700 infractam
530 645 565 700 et
593 635 753 700 insultum
780 634 1034 720 premeditatum
1061 643 1095 700 et
1121 635 1250 720 plagam
1277 643 1311 700 et

200 749 304 804 totum
319 739 361 804 de
377 740 479 804 uerbo
501 739 535 804 in
556 737 693 803 uerbum
714 745 749 802 et
764 736 844 802 dicit
859 735 945 822 quod
960 737 1040 802 falso
1060 737 1217 822 apellauit
1235 759 1310 801 eum
1404 753 1407 760 ·

200 851 232 907 61
258 843 488 928 quodfalsum
515 841 578 906 fuit
600 840 744 926 apellum
767 839 875 925 posuit
897 861 931 902 se
954 861 1053 925 super
1074 839 1222 925 patriam.
1266 839 1311 903 Et

200 947 362 1012 Robertus
377 947 463 1012 dixit
478 947 565 1033 quod
585 967 699 1010 uerum
715 945 778 1009 fuit
798 943 941 1030 apellum
964 943 1058 1008 etde
1080 943 1140 1007 hoc
1162 942 1312 1008 similiter

200 1050 307 1134 posuit
333 1073 368 1114 se
391 1071 490 1135 super
511 1048 657 1134 patriam.
704 1047 748 1110 Et
778 1055 857 1110 tunc
882 1054 1072 1132 preceptum
1097 1045 1161 1109 fuit
1189 1045 1311 1110 balliuo

200 1154 285 1240 quod
314 1154 452 1219 baberet
482 1153 525 1218 ad
549 1153 696 1238 proxima
717 1151 839 1238 placita
861 1149 1033 1236 sequencia
1057 1149 1111 1235 xij.
1137 1149 1254 1214 liberos
1277 1159 1312 1215 et

201 1359 383 1444 proximas¹
406 1359 448 1424 ad
470 1358 716 1444 inquisicionem
739 1358 829 1422 illam
845 1357 1024 1422 faciendam
1043 1357 1088 1422 'ad
1106 1379 1201 1442 quem
1225 1357 1311 1422 diem

202 1473 366 1528 uenerunt
388 1463 572 1528 Willelmus
593 1462 681 1528 filius
702 1461 775 1526 Ade
798 1463 852 1526 et*
874 1461 931 1526 alii
953 1461 1009 1547 qui
1031 1461 1131 1526 iurati
1159 1461 1313 1526 dixerunt

201 1587 300 1650 super
328 1573 567 1630 sacramentum
597 1586 693 1629 suum
718 1563 805 1649 quod
826 1563 969 1649 apellum
998 1563 1080 1628 illud
1102 1563 1165 1628 fuit
1187 1565 1311 1628 falsum.

203 1669 246 1732 Et
269 1667 343 1733 ideo
365 1669 604 1734 consideratum
619 1667 684 1734 fuit
698 1668 785 1754 quod
800 1668 985 1733 Willelmus
1004 1667 1206 1754 Mauueysyn
1225 1669 1312 1754 apel-

203 1772 289 1836 latus
311 1771 352 1836 de
374 1773 459 1836 facto
489 1781 524 1836 et
553 1772 610 1836 alii
635 1773 769 1858 apellati
795 1773 836 1838 de
865 1772 900 1836 ui
929 1771 1116 1837 recederent
1144 1770 1257 1856 quieti,
1279 1781 1313 1838 et

203 1875 367 1940 Robertus
380 1873 421 1940 de
439 1874 565 1960 Kuling
579 1874 614 1938 in
630 1873 848 1939 misericordia
862 1897 919 1960 pro
934 1875 1013 1940 falso
1027 1875 1139 1960 apello.

268 1978 313 2042 Et
335 1977 500 2043 Bobertus
521 2001 653 2064 presens
675 1987 726 2044 est
755 1987 790 2042 et
819 1978 899 2043 dicit
930 1979 1016 2064 quod
1045 1979 1080 2044 in
1109 1987 1202 2066 perte
1231 1980 1313 2046 bene

202 2079 415 2146 recordantur
440 2089 475 2144 et
499 2080 534 2144 in
559 2089 652 2166 parte
678 2103 743 2144 non
766 2080 843 2166 quia
866 2103 980 2146 reuera
1008 2081 1077 2168 ipse
1107 2091 1222 2168 eaptus
1251 2083 1314 2148 fuit

202 2195 236 2250 et
250 2185 472 2271 inprisonatus
487 2193 521 2249 et
536 2185 572 2249 in
591 2185 721 2271 prisona
740 2185 894 2250 detentus
909 2186 1010 2252 donee
1032 2208 1090 2272 per
1103 2186 1203 2252 breue
1219 2186 1312 2251 Dom.
1380 2183 1383 2190 ’

203 2288 304 2374 Regis
325 2287 525 2352 deliberatus
547 2288 610 2352 luit
632 2297 667 2354 et
696 2289 867 2354 deliberari
896 2312 961 2354 non
991 2290 1100 2375 potuit
1129 2289 1192 2354 nisi
1221 2289 1313 2354 daret

202 2389 365 2475 predictos
388 2389 428 2454 lx.
451 2389 506 2455 sol.
527 2401 562 2454 et
579 2389 604 2475 j.
627 2389 698 2454 den.
720 2390 850 2455 nomine
872 2391 1095 2456 recreauntise.
1141 2392 1185 2456 Et
1206 2415 1313 2457 senes-

202 2495 304 2560 callus
326 2493 468 2559 Abbatis
491 2494 550 2558 boc
571 2502 677 2558 toturn
697 2494 844 2560 defendit
866 2504 901 2560 et
922 2495 1002 2561 dicit
1024 2496 1110 2582 quod
1132 2519 1206 2562 oum
1228 2507 1314 2562 esset

202 2600 236 2663 in
251 2599 473 2666 misericordia
486 2597 632 2684 predicto
646 2598 742 2663 modo
757 2622 821 2685 quo
835 2599 1018 2685 predictum
1034 2609 1084 2666 est
1104 2601 1257 2688 exigebat
1270 2601 1313 2666 ab

202 2725 240 2768 eo
255 2700 359 2788 pleg'⁸
377 2700 417 2766 de
440 2699 658 2765 misericordia
679 2709 713 2765 et
735 2723 810 2766 cum
832 2701 916 2788 pleg'
931 2702 1007 2767 dare
1029 2703 1131 2768 nollet
1152 2704 1221 2789 ipse
1236 2703 1313 2768 feeit

201 2831 279 2872 eum
302 2815 444 2871 arestare
466 2805 568 2870 donec
589 2807 673 2893 pleg’
688 2805 853 2871 inueniret
873 2807 914 2872 de
937 2807 1161 2885 misericordia,
1176 2817 1226 2873 set
1241 2831 1313 2895 pre·

202 2910 308 2976 dictos
323 2909 364 2974 lx.
380 2909 434 2974 sol.
451 2929 516 2972 non
530 2907 683 2995 exigebat
697 2909 828 2974 nomine
843 2909 1069 2974 recreauntise.

270 3014 315 3078 Et
337 3013 390 3098 xij.
412 3012 570 3076 iuratores
587 3011 707 3097 quesiti
727 3034 791 3098 quo
806 3021 948 3077 waranto
966 3014 1112 3078 fecerunt
1134 3035 1313 3078 sacramen-

202 3130 276 3182 tum
307 3116 391 3181 illud
413 3115 454 3180 de
478 3115 550 3179 uita
571 3124 606 3179 et
634 3115 789 3180 membris
819 3115 888 3180 siue
919 3125 1061 3182 waranto
1090 3119 1183 3182 Dom.
1215 3118 1314 3204 Regis

203 3222 319 3286 dicunt
349 3219 454 3306 quod*
484 3227 673 3305 preceptum
703 3219 797 3284 Dom.
827 3219 996 3285 Abbatis⁵.
1042 3221 1086 3285 Et
1121 3222 1314 3288 senescallus

203 3324 346 3391 Abbatis
368 3346 500 3410 presens
521 3332 571 3388 est
593 3331 628 3388 et
650 3323 710 3388 boc
732 3325 903 3410 cognoscit.
950 3325 993 3388 Et
1011 3325 1158 3410 quesitus
1173 3349 1237 3411 quo
1252 3349 1313 3390 wa-

204 3437 299 3494 ranto
314 3428 440 3492 faciunt
462 3428 562 3492 talem
584 3427 831 3514 inquisicionem
846 3427 887 3492 de
910 3428 982 3492 uita
1003 3437 1038 3492 et
1059 3428 1213 3494 membris
1234 3429 1315 3494 dicit

205 3532 293 3620 quod
306 3532 343 3596 in
362 3531 452 3597 curia
466 3532 605 3597 Abbatis
625 3552 753 3617 semper
772 3531 821 3596 ita
840 3531 1000 3596 usitatum
1022 3538 1072 3596 est
1094 3554 1221 3618 semper
1241 3541 1315 3618 post

204 3657 357 3723 guerram
379 3633 458 3720 quia
478 3643 555 3698 ante
585 3655 735 3721 guerram
766 3633 951 3698 habuerunt
980 3633 1136 3699 iudicium
1165 3636 1251 3722 ignis
1280 3645 1314 3701 61

205 3737 317 3827 aque⁸.
364 3738 408 3802 Et
432 3737 571 3823 predicti
592 3737 650 3823 iiij.
674 3737 796 3803 milites
822 3737 878 3824 qui
901 3745 1064 3802 uenerunt
1087 3760 1161 3802 cum
1185 3738 1315 3804 recordo

205 3844 327 3932 quesiti
341 3829 474 3908 sialiud
488 3843 594 3908 dicere
610 3842 716 3907 uelint
730 3865 828 3929 quam
843 3843 1027 3929 predictum
1042 3842 1086 3908 sit
1100 3843 1214 3909 dicunt
1228 3844 1315 3929 quod

206 3973 270 4015 non
285 3947 364 4035 quia
378 3948 445 4013 tale
460 3947 524 4012 fuit
539 3946 714 4012 recordum.

238 4164 322 4214 1rhe
349 4163 489 4227 procedure
516 4164 545 4214 61
577 4163 621 4214 the
647 4163 737 4227 King's
819 4163 1207 4216 ‘Theordealwaeebolisbed
1220 4164 1315 4215 almost

207 4235 280 4281 court
291 4230 315 4278 is
326 4229 450 4292 carelnlly
461 4229 587 4280 followed.
787 4231 962 4294 immediately
970 4231 1036 4280 after
1047 4229 1092 4279 the
1100 4245 1153 4278 war
1163 4229 1192 4278 of
1202 4231 1315 4279 1215-11

239 4296 250 4326 ¹
265 4295 364 4344 steven
375 4293 450 4343 other
461 4309 559 4354 names,
571 4295 602 4344 B.
787 4295 816 4344 in
832 4309 1007 4358 consequence
1023 4295 1052 4344 61
1067 4295 1111 4344 the
1128 4294 1216 4343 deorse
1227 4294 1255 4342 ol
1269 4294 1315 4344 the

239 4360 531 4474 :galeasque
787 4360 1043 4476 1111111111
1064 4359 1315 4474 {tiletum

240 4439 446 4550 'Bliisyllibin
458 4460 505 4539 but
517 4489 638 4554 wrongly.
842 4462 847 4474 Ι
1046 4463 1052 4476 .
1111 4461 1117 4473 ι
1147 4439 1190 4487 ῬΙ
1253 4461 1259 4474 .
