3308 5226
351 438 414 504 652
655 449 792 510 nssrsn,
814 447 878 498 sn.
904 435 998 508 1234,
1021 447 1085 498 nn.
1111 435 1160 496 18.

349 624 418 710 ipse
434 623 523 688 uiam
538 623 586 688 ibi
601 622 720 688 hebere
736 622 845 702 debet,
861 645 921 687 nee
937 629 1031 686 extre
1045 619 1207 706 quoddam
1223 621 1389 697 fossatum,
1406 629 1458 685 set

349 735 400 792 est
415 727 463 792 ibi
477 725 617 813 quedem
632 725 749 790 semite
763 746 827 810 que
842 732 979 790 uocetur
993 724 1026 788 le
1046 723 1272 810 Chereehwye,
1286 747 1346 811 per
1360 747 1459 811 quam

349 829 498 896 incedere
525 837 634 916 potest
659 828 746 892 ultre
772 837 892 892 terrem
918 849 1020 905 suem,
1046 835 1081 891 et
1107 849 1172 892 non
1198 851 1257 913 per
1278 829 1459 914 predictam

349 934 448 1000 uiam.
493 933 537 998 Et
569 931 656 1019 quod
691 930 850 996 Ricnrdus
884 938 980 1016 poter
1011 931 1113 1018 ipsius
1145 931 1284 996 Jordnni
1313 953 1373 997 nee
1402 932 1461 997 elii

349 1045 566 1102 antecessores
581 1035 632 1100 sui
647 1034 698 1098 usi
713 1042 791 1098 sunt
806 1034 862 1098 uis
876 1034 933 1098 illa
947 1056 1007 1099 nee
1022 1035 1174 1099 seisinsm
1195 1035 1382 1100 hebuenmt
1396 1036 1460 1100 nisi

350 1138 391 1204 de
406 1137 616 1224 permissione
632 1136 806 1223 Regineldi
821 1136 923 1222 petris
945 1137 997 1202 sui
1017 1138 1110 1223 ponit
1132 1161 1167 1202 se
1190 1160 1288 1224 super
1310 1139 1461 1224 patrium.

350 1243 395 1308 Et
417 1249 609 1328 preceptum
624 1249 675 1305 est
698 1241 883 1306 uieeoomiti
898 1241 985 1326 quod
1004 1242 1118 1307 uenire
1141 1243 1240 1307 facist
1262 1265 1369 1308 eorum
1393 1243 1462 1308 ius·

350 1346 485 1416 tioieriis
507 1354 590 1432 eput
609 1345 937 1410 westmonasterium
955 1368 977 1411 e
995 1346 1049 1411 die
1070 1346 1103 1412 S.
1119 1347 1205 1412 Trin.
1221 1347 1256 1411 in
1274 1347 1298 1432 j.
1314 1369 1461 1412 mensem

350 1451 406 1537 xij.
433 1449 490 1536 qui
515 1449 612 1514 electi
638 1449 704 1514 sint
730 1449 771 1514 de
797 1471 954 1514 consensu
984 1450 1130 1536 parcium
1160 1473 1298 1536 quorum
1327 1451 1462 1516 nomine

350 1555 486 1622 inferius
500 1553 618 1619 liberos
632 1553 753 1640 legales
764 1575 822 1638 per
836 1575 915 1638 quos
927 1561 987 1618 ete
1000 1553 1041 1617 sd
1056 1553 1349 1640 recognoscendum
1364 1575 1463 1639 super

351 1667 590 1725 sacramentum
601 1680 698 1722 suum
709 1657 737 1722 si
749 1657 913 1744 predictus
924 1656 1083 1721 Riesrdus
1097 1664 1191 1742 poter
1205 1657 1308 1742 ipsius
1322 1656 1346 1722 J
1347 1655 1462 1722 ordeni

353 1784 432 1826 usus
446 1760 509 1825 fuit
525 1760 581 1824 uie
591 1759 649 1824 illo
663 1767 808 1846 tempore
819 1759 842 1824 J
843 1759 981 1824 ohannis
992 1759 1101 1844 Regis,
1113 1765 1147 1822 et
1158 1759 1187 1824 si
1198 1759 1285 1824 idem
1297 1759 1321 1825 J
1321 1760 1462 1825 ordnnus

353 1863 568 1950 postmodum,
591 1863 675 1928 sieut
697 1863 874 1948 illaquam
896 1870 1114 1926 antecessores
1137 1861 1281 1947 ipsorum
1307 1862 1359 1928 usi
1382 1871 1461 1928 srmt

354 1993 375 2035 s
399 1976 578 2054 conquestu
600 1967 729 2054 Anglie,
751 1975 790 2030 ut
816 1966 1001 2052 pertinente
1031 1965 1074 2030 ed
1103 1972 1330 2032 tenementum
1359 1967 1463 2053 ipsius

353 2071 490 2138 Jordeni
515 2071 550 2134 in
576 2070 688 2135 eedem
715 2068 802 2145 uilla,
829 2068 915 2133 sieut
940 2067 1028 2133 idem
1053 2067 1218 2133 Jordanus
1244 2068 1334 2148 dicit,
1357 2071 1411 2135 uel
1434 2069 1464 2135 si

353 2175 441 2240 idem
455 2173 613 2238 Rionrdus
628 2194 706 2237 usus
723 2171 788 2236 fuit
806 2170 861 2236 uis
880 2170 937 2235 ille
957 2179 1103 2256 tempore
1126 2170 1272 2235 eiusdem
1295 2172 1397 2259 Regis
1418 2171 1460 2238 de

352 2275 461 2364 gracie
489 2284 524 2340 et
553 2274 766 2361 permissione
796 2282 831 2339 et
860 2273 1048 2338 uoluntate¹
1078 2273 1252 2360 Reginndi
1281 2275 1322 2340 de
1358 2275 1463 2342 Oruee

352 2379 455 2466 petris
472 2378 575 2464 ipsius
598 2377 738 2442 Gelfridi
758 2385 793 2442 et
816 2400 881 2442 non
902 2385 942 2442 ut
963 2377 1149 2463 pertinente
1172 2378 1214 2444 nd
1236 2385 1464 2446 tenementum

352 2481 455 2568 ipsius
478 2482 501 2546 J
503 2481 624 2558 ordeni,
644 2489 683 2546 ut
707 2480 794 2546 idem
817 2480 982 2546 Gelfridus
1004 2480 1093 2558 dicit,
1107 2481 1162 2546 uel
1184 2504 1257 2559 non,
1273 2490 1308 2546 et
1329 2483 1464 2548 interim

353 2585 442 2650 uiem
457 2584 548 2648 illem
563 2584 707 2661 uideant,
723 2593 757 2649 et
777 2608 811 2650 se
831 2585 880 2650 ite
899 2585 1032 2650 interim
1054 2586 1236 2651 certificent
1259 2586 1347 2672 quod
1367 2586 1465 2652 iusti·

352 2689 465 2754 ciorios
487 2687 663 2753 certificare
683 2689 809 2774 possint
831 2689 872 2754 sd
895 2688 1079 2774 predictum
1101 2689 1195 2755 diem
1241 2690 1385 2757 Nomina
1406 2691 1465 2778 xij.

353 2791 388 2858 in
403 2813 483 2878 quos
497 2791 715 2869 consenciunt,
730 2792 804 2858 Ado
818 2793 859 2858 de
873 2791 1088 2880 Wyndehem‚
1105 2801 1140 2858 et
1154 2793 1221 2860 olii.

402 3155 464 3221 DE
493 3155 700 3222 TERMINO
730 3155 907 3222 PASGHE
936 3156 1068 3222 ANNO
1099 3157 1245 3222 REGNI
1275 3155 1410 3222 REGIS

434 3257 632 3324 HENRICI
661 3257 774 3322 FILII
803 3257 939 3324 REGIS
968 3257 1206 3325 IOHANNIS
1235 3259 1375 3326 XVIII⁰.

420 3491 586 3578 Hugeline
608 3499 642 3556 et
666 3491 802 3557 Metillis
831 3492 898 3558 filie
927 3493 1086 3559 Willelmi
1115 3493 1155 3560 de
1186 3494 1375 3561 Denemede
1404 3517 1466 3582 per

355 3601 556 3660 attornetum
593 3594 695 3680 ipsius
728 3595 898 3660 Metillidis
928 3604 1048 3682 petunt
1081 3620 1193 3664 uersus
1223 3598 1393 3664 Herueum
1423 3598 1465 3663 de

356 3697 481 3764 Stenho
506 3696 588 3762 dues
606 3697 611 3784 Ι
631 3720 733 3764 carue
764 3707 849 3763 terre
879 3721 954 3763 oum
984 3708 1065 3786 pert.
1095 3701 1132 3765 in
1157 3701 1320 3766 Anemere
1347 3709 1386 3766 ut
1412 3701 1466 3766 ius

355 3825 451 3868 suum
467 3809 527 3869 etc.

420 3905 465 3970 Et
487 3905 638 3970 Herueus
660 3927 725 3970 non
751 3907 844 3971 uenit
867 3906 924 3972 sed
953 3907 1130 3973 essoniouit
1153 3931 1187 3974 se
1214 3907 1255 3974 de
1280 3909 1366 3974 melo
1388 3909 1467 3974 leeti

356 4011 405 4076 ite
429 4010 515 4096 quod
538 4009 742 4074 adiudicatus
768 4009 832 4074 fuit
856 4011 887 4074 ei
910 4011 1047 4098 languor
1072 4020 1107 4076 et
1131 4012 1247 4078 hebuit
1273 4011 1361 4078 diem
1383 4023 1467 4098 aput

357 4107 507 4172 Thurrim
532 4107 798 4174 Londoniensem.
843 4107 888 4172 Et
910 4131 1008 4196 super
1037 4109 1098 4176 hoe
1128 4111 1222 4175 uenit
1244 4111 1403 4176 Rieherus
1424 4111 1467 4178 de

356 4209 524 4296 Doekinge
548 4219 582 4274 et
603 4210 684 4276 dicit
706 4210 792 4298 quod
814 4211 931 4276 missus
953 4220 1004 4277 est
1025 4213 1067 4278 nb
1090 4213 1203 4278 eodem
1227 4214 1359 4279 Herueo
1380 4215 1468 4281 sieut

356 4313 548 4399 responsalis
571 4335 659 4394 suus,
676 4322 712 4382 et
734 4314 821 4402 petit
844 4315 962 4398 uisum,
986 4323 1021 4382 et
1042 4317 1152 4390 hebet.
1196 4317 1277 4386 Dies
1296 4317 1393 4384 dotus
1415 4327 1469 4384 est

785 4469 795 4504 ¹
815 4470 863 4520 See
873 4471 917 4524 Br.
933 4472 950 4524 f.
965 4475 997 4524 te
1008 4472 1034 4524 b.
