3212 5230
336 427 400 494 334
443 472 447 480 -
633 440 783 506 reruni,
805 445 870 496 ιι).
895 431 988 507 1230,
1010 445 1074 496 aa.
1098 432 1147 496 14.

335 616 446 682 domui
460 639 518 682 sue
533 616 599 702 viij.
615 617 669 684 sol.
686 615 833 684 redditus
848 639 922 682 cum
938 624 1020 704 pert.
1035 617 1070 682 in
1086 617 1304 684 Stacketbim’
1321 617 1357 682 in
1375 615 1447 682 loco

334 720 541 806 competenti.
1480 719 1482 729 ’

280 879 286 894 .
400 824 540 892 Thomas
558 824 598 890 de
614 825 731 912 Regny
745 825 867 912 optulit
888 847 922 920 se
944 825 1023 912 iiijl‘.
1040 825 1093 892 dic
1113 847 1226 892 uersus
1242 825 1446 890 Willelmum

334 927 606 996 Archidiaconnm
620 929 818 994 Wellensem
833 929 874 994 de
894 930 1013 1016 placito
1031 953 1131 1016 quare
1154 930 1263 996 tenuit
1284 930 1446 1017 placitum

335 1032 370 1098 in
391 1032 481 1098 curia
500 1033 724 1099 cristianitatis
743 1033 784 1098 de
807 1033 888 1099 laico
902 1033 995 1100 feodo
1014 1033 1117 1120 ipsius
1132 1034 1255 1100 Thome
1275 1033 1310 1098 in
1326 1033 1447 1099 Lidde-

334 1135 438 1202 l'ordia
452 1144 564 1202 contra
577 1136 832 1222 prohibicionem
847 1145 882 1202 et
897 1159 1010 1202 uersus
1025 1136 1201 1203 Ricardum
1216 1159 1387 1223 pomonam
1403 1135 1445 1202 de

335 1239 519 1306 Lidefordia
547 1261 647 1324 quare
678 1247 809 1305 secutus
838 1247 888 1306 est
917 1239 1000 1306 illud
1028 1239 1117 1305 idem
1146 1240 1303 1326 placitum
1332 1247 1447 1305 contra

335 1344 471 1410 eandem
486 1344 740 1430 prohibicionem
755 1344 867 1430 stipsi
881 1366 946 1410 non
961 1352 1124 1410 uenerunt
1139 1353 1199 1410 etc
1215 1353 1250 1410 et
1265 1345 1446 1410 uicecomes

335 1447 506 1514 mandauit
535 1447 621 1535 quod
650 1448 821 1514 mandauit
849 1448 981 1514 balliuis
1010 1449 1162 1536 Episcopi
1191 1458 1226 1514 et
1263 1450 1350 1536 quod
1378 1473 1445 1515 non

335 1554 520 1620 habuerrmt
549 1554 667 1620 laicum
690 1554 820 1620 feodum
846 1562 881 1620 ct
901 1553 975 1620 ideo
997 1555 1188 1620 mandatum
1211 1563 1261 1620 est
1284 1555 1444 1642 Episcopo

336 1658 548 1724 Bathoniensi
562 1657 649 1745 quod
664 1659 761 1724 saciat
776 1681 831 1724 ees
844 1659 957 1724 uenire
972 1659 1044 1725 etc¹

400 1763 547 1851 Rogerus
568 1763 609 1828 de
624 1763 817 1828 Auntrenon
839 1770 874 1827 et
894 1763 1054 1828 Nicholaa
1075 1786 1157 1828 uxor
1178 1763 1248 1828 eius
1262 1785 1321 1849 per
1341 1772 1446 1829 attor·

335 1969 477 2036 Priorem
508 1971 539 2036 S.
571 1970 746 2036 Germani8
770 1970 812 2036 de
841 1971 961 2057 placito
988 1993 1086 2056 quare
1110 1993 1176 2036 non
1199 1971 1364 2057 permittit
1390 1993 1446 2036 eos

334 2083 519 2162 presentare
539 2075 689 2142 idoneam
711 2098 880 2164 personam
901 2075 943 2141 ad
966 2076 1133 2142 ecclesiam
1156 2077 1188 2142 S.
1211 2076 1358 2142 Sithuini
1380 2099 1446 2163 que

335 2186 431 2245 uacat
460 2187 495 2244 et
523 2179 566 2244 ad
595 2201 687 2244 suam
712 2186 839 2266 spectat
861 2179 1071 2246 donacionem
1093 2187 1153 2245 etc.
1200 2179 1245 2244 Et
1266 2179 1357 2245 Prior
1379 2203 1447 2246 non

335 2283 428 2349 uenit
454 2291 513 2350 etc.
559 2283 603 2348 Et
624 2292 815 2370 preceptum
838 2283 902 2349 fuit
923 2285 1109 2350 uicecomiti
1130 2284 1217 2371 quod
1238 2285 1446 2352 athachiaret

336 2411 411 2454 eum
426 2388 544 2474 etipse
559 2388 660 2454 nichil
680 2389 756 2455 inde
771 2389 848 2455 fecit
867 2412 928 2455 nec
942 2389 1042 2456 breue
1063 2390 1154 2456 misit
1176 2397 1211 2455 et
1230 2389 1303 2456 ideo
1323 2390 1446 2456 habeat

336 2515 450 2580 corpus
465 2493 536 2558 eius
550 2516 570 2558 a
584 2493 637 2558 die
653 2501 713 2558 etc.
729 2493 806 2579 quia
828 2493 962 2558 ecclesia
983 2501 1088 2572 uacat,
1104 2501 1139 2558 et
1161 2493 1342 2559 uicecomes
1363 2503 1447 2560 tunc

336 2597 380 2663 sit
394 2596 441 2662 ibi
455 2596 626 2662 auditurus
641 2596 798 2663 iudicium
813 2619 911 2662 sunm·
925 2605 985 2663 etc.

395 2914 456 2978 DE
485 2880 693 2978 TEthINO
725 2913 756 2978 S.
787 2911 1050 2977 TRINITATIS
1080 2912 1214 2978 ANNO
1244 2911 1389 2978 REGNI

611 3016 746 3082 REGIS
770 3015 967 3083 HENRIOI
993 3015 1169 3083 XIHJ¹¹⁰³.

402 3237 579 3303 ‘Robertus
601 3239 631 3303 le
653 3239 720 3303 Tus
742 3246 777 3303 et
799 3238 961 3304 Beatricie
980 3261 1062 3303 uxor
1083 3239 1154 3304 eius
1177 3248 1212 3305 et
1231 3240 1337 3306 Alicia
1359 3263 1448 3306 soror

338 3341 439 3427 ipsius
459 3341 618 3407 Beatricie
638 3342 827 3407 summoniti
848 3343 980 3407 fuerunt
999 3341 1041 3407 ad
1061 3343 1319 3428 respondendum
1343 3344 1447 3409 Priori

338 3446 379 3511 de
400 3447 571 3534 Markeby⁶
590 3471 689 3534 quare
710 3471 775 3513 non
790 3447 986 3534 permittunt
1001 3469 1076 3512 eum
1093 3455 1279 3533 presentare
1294 3448 1446 3514 idoneam

338 3575 506 3638 personam
520 3552 562 3617 ad
577 3553 743 3618 ecclesiam
758 3553 798 3618 de
814 3551 951 3637 Mumby
965 3552 1045 3638 que⁶
1059 3559 1094 3616 et
1109 3551 1151 3616 ad
1166 3573 1258 3616 suam
1273 3561 1403 3638 spectat
1421 3553 1426 3641 Ι

338 3659 546 3724 donacionem
566 3665 624 3722 etc
641 3667 675 3722 et
695 3657 781 3722 unde
803 3655 873 3742 ipsc
893 3655 984 3720 Prior
1005 3655 1154 3742 queritur
1175 3655 1262 3742 quod
1283 3657 1346 3742 ipsi
1370 3681 1447 3723 eum

338 3764 458 3828 iniuste
494 3763 667 3849 inpediunt
700 3770 759 3827 etc
790 3761 868 3847 quia
896 3761 1028 3848 quidam
1058 3761 1184 3826 Alanus
1213 3761 1254 3826 de
1284 3761 1449 3829 Omnibus

337 3875 518 3933 antecessor
546 3867 763 3952 predictarum
794 3864 954 3930 Beatricie
980 3873 1014 3929 et
1036 3865 1141 3930 Alicie
1164 3865 1256 3930 dedit
1278 3867 1449 3932 ecclesiam

337 3973 427 4038 illam
456 3971 517 4036 deo
546 3978 580 4036 et
609 3970 741 4036 ecclesie
771 3969 810 4035 B.
840 3968 930 4034 Petri
959 3968 1000 4034 de
1030 3969 1189 4054 Markeby
1220 3977 1255 4034 et
1284 3971 1451 4037 canonicis

337 4077 458 4144 ibidem
473 4076 534 4142 deo
548 4076 766 4141 seruientibus
786 4083 820 4140 et
840 4073 916 4139 inde
936 4074 1058 4160 profert
1079 4081 1202 4139 cartam
1225 4073 1329 4159 ipsius
1348 4075 1452 4142 Alani

369 4231 379 4262 1
395 4229 447 4278 For
458 4243 546 4278 meane
563 4243 666 4292 process
681 4227 709 4278 in
719 4225 783 4279 such
794 4242 866 4279 cases
916 4225 983 4288 Bell,
998 4227 1045 4276 No.
1057 4226 1098 4276 36.

337 4296 433 4346 seeBr.
447 4295 466 4343 l.
478 4295 535 4352 409,
547 4295 605 4344 443.
948 4293 960 4324 ⁴
974 4291 1006 4341 Α.
1015 4305 1051 4340 m.
1061 4293 1085 4341 2.

369 4363 380 4393 ¹
396 4359 562 4410 Benedictine
576 4359 667 4423 Priory
682 4358 711 4410 ιιι
727 4359 864 4410 Gornwall.
948 4357 958 4390 ⁵
975 4357 1070 4407 Austin
1093 4355 1184 4420 Priory
1200 4356 1229 4406 in
1252 4357 1450 4411 Lincolnshire.

337 4427 450 4477 Monost.
462 4425 514 4474 vol.
526 4426 549 4484 2,
561 4439 588 4488 p.
601 4425 660 4478 467.
916 4423 1030 4473 Monast.
1042 4423 1093 4473 vol.
1106 4423 1130 4482 6,
1141 4437 1166 4486 p.
1182 4423 1239 4474 561.

369 4491 448 4541 ⁸For
469 4489 522 4540 this
543 4494 609 4541 term
625 4490 774 4542 A=00rsm
796 4491 864 4554 Rege
947 4487 1214 4554 ‘Supplyuucsth⁸
