3196 5226
355 449 418 512 100
542 463 767 513 armarius
791 465 1013 526 91999999.
1039 451 1131 526 1220,
1153 463 1219 514 aa.
1244 453 1273 512 4.

353 633 484 699 alesiam
505 633 547 700 19
570 632 823 700 Fulmodestona
846 655 909 721 que
933 643 1029 700 uacat
1051 642 1090 698 91
1111 634 1239 712 dicitur,
1263 633 1349 700 unde
1371 631 1459 698 idem

354 737 445 804 Prior
473 737 620 823 queritur
643 737 730 823 quod
756 759 833 802 eum
858 737 980 803 iniuste
1003 736 1129 824 inpedit
1152 759 1191 802 99
1215 736 1301 823 9991
1325 735 1461 800 donacio

354 841 443 908 illius
457 839 589 904 ecclesie
605 839 646 904 ad
662 863 737 904 eum
753 847 887 926 spectat.
907 838 912 926 Ι

243 960 294 1011 [lt]
421 946 465 1010 Et
480 945 644 1010 Waltems
659 945 752 1010 uenit
772 953 806 1008 et
826 943 1007 1030 dicitquod
1027 967 1092 1008 non
1109 943 1207 1008 debet
1227 943 1269 1008 ad
1286 943 1346 1008 hoc
1360 941 1461 1006 breue

193 1063 316 1150 pm
355 1048 554 1134 respondere,
570 1049 647 1136 quia
667 1049 767 1114 breue
789 1048 870 1114 dicit
891 1048 934 1114 ad
956 1049 1204 1134 ecclesiamque
1227 1057 1322 1114 uacat
1344 1057 1404 1112 etc
1426 1056 1461 1110 at

192 1156 343 1243 ‘'22353350‘1
355 1152 488 1218 ecclesia
509 1175 574 1217 non
600 1159 696 1217 uacat
725 1152 825 1217 immo
855 1152 1030 1218 (laufridus
1057 1151 1099 1218 de
1128 1153 1279 1240 Hastinff
1304 1161 1355 1218 991
1383 1150 1461 1218 inde

192 1250 313 1337 ffl'ff
354 1278 490 1344 persona
513 1265 547 1321 91
573 1255 638 1321 1911
660 1256 726 1322 iam
750 1279 806 1320 sex
829 1255 923 1320 annis
946 1256 1117 1322 transactis
1143 1263 1177 1320 91
1200 1255 1273 1321 1199
1296 1278 1360 1320 999
1384 1255 1462 1320 9911

192 1345 264 1431 dim
271 1344 335 1394 ¹⁹¹¹*
354 1364 545 1450 respondere
560 1364 623 1430 nisi
638 1363 728 1428 curia
741 1362 999 1428 considerauerit.

419 1466 464 1530 Et
485 1465 576 1531 Prior
597 1465 677 1530 dicit
700 1465 786 1552 quod
808 1473 904 1530 uacat
926 1473 961 1529 et
982 1464 1010 1528 si
1030 1463 1147 1550 aliquia
1169 1464 1259 1528 illam
1279 1470 1379 1540 tenet,
1400 1462 1461 1528 hoc

354 1591 419 1633 non
440 1576 491 1633 991
512 1591 570 1655 per
592 1568 734 1654 aliquem
756 1567 960 1645 aduocatum,
975 1589 1035 1632 nec
1056 1589 1114 1653 per
1136 1566 1321 1652 episcopum
1341 1565 1404 1630 loci
1426 1573 1462 1628 91

353 1671 426 1736 1199
441 1670 537 1735 datus
552 1678 602 1736 991
617 1669 664 1735 919
678 1669 748 1734 dies
763 1679 821 1734 etc
838 1669 878 1734 de
893 1667 1054 1734 audiendo
1069 1667 1188 1733 iudicio
1202 1691 1260 1733 suo
1275 1675 1310 1732 et
1327 1667 1461 1732 interim

353 1775 519 1862 perquirat
542 1775 707 1840 Walterus
727 1775 780 1840 uel
798 1796 935 1860 persona
952 1774 1062 1838 literas
1082 1773 1224 1858 episcopi
1246 1779 1398 1858 patentes
1417 1771 1461 1837 ad

354 1877 594 1944 testificandum
609 1887 720 1942 utrum
737 1885 832 1942 uacat
847 1899 906 1942 nec
921 1897 970 1941 ne.

293 2022 302 2040 ·
417 1981 544 2048 'Abbas
572 1983 613 2047 de
642 1981 898 2047 Theokesburia⁸
926 2003 985 2067 per
1013 1989 1215 2046 attomatum
1245 2003 1341 2045 suum
1373 1980 1462 2066 petit

352 2109 465 2152 uersus
501 2087 539 2152 R.
570 2087 765 2173 Episcopum
795 2085 951 2152 Cioestrie
987 2085 1232 2151 aduocationem
1266 2086 1388 2171 capelle
1419 2085 1462 2150 de

352 2192 556 2278 Kingestona
570 2191 678 2256 91199
698 2190 830 2256 ecclesie
852 2212 910 2254 999
933 2199 1044 2256 91991
1065 2199 1105 2255 91
1126 2191 1216 2255 illam
1238 2190 1325 2255 unde
1347 2189 1462 2256 Abbaa

351 2295 556 2361 Fromundus
570 2296 774 2382 predecessor
787 2319 865 2360 suus
881 2295 944 2360 fuit
966 2295 1096 2360 saisitus
1117 2303 1156 2360 91
1170 2294 1211 2360 19
1234 2295 1303 2360 iure
1326 2295 1460 2360 ecclesie

351 2421 410 2464 999
447 2407 591 2484 tempore
621 2398 756 2462 Henrici
788 2397 888 2484 Regis
916 2397 972 2462 aui
1001 2397 1124 2462 domini
1158 2397 1266 2484 Regis,
1296 2397 1345 2462 ita
1374 2397 1462 2484 quod

352 2503 556 2589 presentauit
585 2501 759 2588 quemdam
789 2501 953 2588 Rogemus
983 2501 1135 2566 clericum
1165 2501 1223 2588 qui
1251 2501 1293 2568 ad
1328 2525 1460 2588 presan·

354 2606 514 2672 tucionem
551 2629 644 2670 suam
677 2606 741 2670 1911
770 2605 938 2682 admissus,
967 2605 1123 2691 capiendo
1152 2605 1228 2670 inde
1257 2606 1390 2692 expleta
1418 2605 1461 2672 ad

354 2711 534 2776 ualenciam
548 2709 658 2776 dimid.
675 2719 826 2776 muter
847 2709 1067 2774 oblacionibus
1082 2718 1117 2774 et
1137 2709 1323 2776 huiusmodi
1343 2720 1378 2776 et
1401 2711 1462 2776 hoc

354 2814 449 2879 offert
463 2813 660 2878 diraoionare
676 2821 735 2878 etc.

420 2918 464 2983 Et
480 2917 657 3003 Episcopus
670 2937 729 3002 per
742 2924 944 2981 attomatum
960 2937 1056 2980 suum
1076 2915 1170 2980 uenit
1192 2923 1226 2980 91
1240 2915 1387 2982 defendit
1409 2917 1463 2984 ius

353 3043 449 3086 suum
476 3029 510 3086 ct
536 3019 625 3097 dicit,
652 3019 738 3106 quod
764 3019 898 3084 ecclesia
923 3018 980 3083 illa
1005 3027 1056 3082 991
1079 3018 1204 3104 capella
1228 3019 1395 3105 pertinens
1418 3021 1462 3086 ad

354 3127 520 3190 ecclesiam
550 3125 590 3190 de
621 3124 776 3210 Feringes
805 3145 869 3209 999
898 3131 949 3187 991
977 3121 1142 3208 prebenda
1170 3123 1302 3188 ecclesie
1331 3147 1389 3190 sue
1419 3125 1463 3190 de

354 3229 511 3296 Oicestria
525 3228 566 3293 19
580 3227 756 3292 donacione
776 3249 844 3302 sua,
858 3225 945 3290 unda
968 3225 1101 3289 uidetur
1122 3225 1153 3290 ei
1168 3225 1253 3311 quod
1274 3249 1339 3290 non
1360 3227 1463 3293 debet

354 3333 385 3398 91
399 3331 600 3417 respondere,
615 3351 653 3394 99
668 3329 755 3416 9991
769 3337 865 3393 uocat
880 3351 952 3393 cam
966 3328 1123 3414 capellam
1138 3329 1172 3392 in
1188 3329 1280 3394 breui
1297 3352 1356 3394 suo
1376 3339 1411 3394 91
1433 3334 1463 3396 91

353 3436 413 3500 hoc
428 3458 493 3499 non
508 3431 634 3510 sufficit,
649 3432 742 3518 ponit
756 3455 791 3498 99
805 3432 842 3497 19
856 3454 1008 3519 magnam
1022 3431 1156 3497 assisam
1170 3432 1294 3498 domini
1309 3433 1409 3521 Regis
1425 3445 1463 3502 91

353 3539 438 3624 petit
463 3535 718 3623 recognicionem
744 3534 815 3600 lieri
840 3543 952 3599 utrum
976 3535 1045 3620 ipse
1071 3534 1176 3599 maius
1202 3534 1253 3600 ius
1277 3535 1398 3602 habeat
1425 3539 1461 3603 in

352 3641 566 3706 aduocacione
592 3639 680 3704 illius
709 3639 831 3725 capelle
862 3647 900 3704 ut
926 3638 1120 3725 pertinentis
1149 3639 1191 3704 sd
1221 3640 1387 3706 ecclesiam
1417 3641 1461 3708 (19

353 3746 508 3831 Feringcs
523 3744 576 3808 uel
591 3743 678 3808 idem
693 3743 813 3808 Abbas.

418 3849 462 3914 Et
498 3847 610 3914 Abbas
643 3869 702 3934 per
729 3854 932 3912 attomatum
961 3869 1056 3910 suum
1086 3845 1166 3910 dicit
1196 3846 1281 3932 quod
1310 3847 1363 3912 dic
1394 3870 1460 3935 999

353 3952 557 4019 Fromundus
586 3951 698 4017 Abbas
724 3951 788 4015 1911
817 3950 949 4015 saisitus
977 3950 1018 4016 de
1047 3949 1259 4015 aduocacione
1288 3951 1346 4015 illa
1373 3951 1461 4018 sicut

352 4057 537 4144 predictum
572 4065 631 4134 est,
661 4055 725 4120 1911
754 4055 878 4140 capella
906 4053 963 4118 illa
992 4053 1125 4118 ecclesia
1154 4053 1276 4119 habens
1305 4056 1461 4141 quicquid

352 4160 469 4225 matrix
493 4159 625 4224 ecclesia
647 4157 766 4222 habere
786 4155 909 4234 debuit,
925 4165 959 4220 et
981 4155 1010 4220 si
1034 4155 1210 4241 Episcopus
1234 4165 1347 4242 postes
1368 4157 1459 4223 illam

385 4345 393 4378 ¹
412 4346 434 4396 Δ
450 4345 519 4395 word
537 4345 677 4411 (doubtless
691 4345 813 4410 episcopo)
829 4345 878 4396 has
928 4342 1050 4408 bringing
1066 4359 1100 4394 99
1117 4344 1201 4395 assiae
1217 4341 1258 4394 ior
1274 4360 1290 4395 9
1304 4343 1399 4408 chapel
1416 4361 1459 4398 sec

353 4411 428 4462 19191
439 4426 519 4473 away.
928 4409 970 4458 Br.
985 4411 1003 4458 1.
1015 4411 1062 4458 111
1076 4409 1100 4458 b.

385 4479 440 4525 ²A.
453 4492 487 4525 m.
501 4479 531 4525 24
544 4475 577 4536 d;
595 4477 625 4524 Β.
637 4491 671 4524 m.
691 4477 721 4526 19
739 4475 763 4525 d.
798 4477 833 4524 As
850 4481 876 4524 19
961 4475 971 4506 ³
991 4475 1161 4539 Tyliolteabir',
1175 4475 1206 4524 Β.
