3360 5236
526 455 662 516 unsrun,
685 454 750 504 no.
776 441 868 517 1232,
891 453 954 504 Aa
980 442 1028 506 16.
1262 445 1325 508 519

208 655 289 698 -sam
315 633 410 698 Dom.
433 630 534 717 Regis
560 638 594 721 et
616 637 736 716 petunt
762 628 1016 716 recognicionem
1039 627 1110 694 fieri
1131 638 1241 695 utrum
1265 632 1328 717 ipsi

219 737 325 802 maius
339 737 391 800 ius
405 736 549 816 habeant
564 735 599 799 in
614 743 701 798 terra
715 734 772 798 illa
787 734 928 798 tenenda
943 734 983 798 de
1004 734 1073 819 ipso
1087 735 1221 799 Warino
1243 736 1328 800 ‘sicut

218 842 254 905 in
278 843 456 927 illaquam
482 839 646 926 predictus
670 837 828 902 Ricardus
850 846 944 922 pater
969 838 1111 924 ipsarum
1136 840 1269 904 Mabilie
1293 849 1328 904 et

219 944 391 1008 Matillidis
416 943 532 1007 habuit
556 964 596 1005 ex
619 941 703 1005 dono
725 940 869 1026 predicte
893 940 1012 1005 Cecilie
1036 942 1121 1026 quod
1144 942 1175 1006 ei
1196 943 1272 1006 fecit
1292 944 1327 1006 in

219 1047 298 1133 ligia
319 1047 483 1112 uiduitate
506 1069 565 1110 sua
587 1053 621 1110 et
643 1045 730 1110 unde
753 1044 940 1130 homagium
963 1067 1058 1108 suum
1080 1045 1167 1130 cepit
1182 1069 1224 1110 an
1240 1047 1326 1112 idem

218 1150 373 1214 Wan'nus
388 1150 522 1214 tenendi
537 1173 608 1214 eam
623 1149 658 1213 in
673 1147 840 1212 dominice.

136 1267 164 1310 ·.
284 1253 359 1318 Ada
370 1253 410 1318 de
424 1252 526 1316 Kailli
540 1251 747 1316 athachiatus
762 1235 1149 1336 fuitadrespondendum
1166 1253 1325 1338 Margerie
1398 1271 1445 1310 ὀ.

218 1357 260 1422 de
272 1358 460 1445 Punninges
471 1379 569 1444 quare
579 1380 644 1421 non
655 1365 747 1422 tenet
759 1355 789 1420 ei
801 1357 899 1420 finem
910 1357 1032 1420 factum
1043 1356 1078 1420 in
1088 1357 1176 1421 curia
1184 1355 1214 1422 J.
1226 1359 1326 1445 Regis

219 1462 322 1548 patris
336 1462 428 1526 Dom.
442 1461 541 1548 Regis
555 1461 596 1525 de
611 1460 768 1526 manerio¹
784 1461 825 1525 de
841 1460 1021 1524 Bradeham
1037 1483 1110 1525 cum
1125 1470 1206 1546 pert.
1218 1457 1325 1528 De'ne-

219 1589 307 1630 mere
319 1574 353 1630 et
366 1566 502 1630 Ristona
510 1574 544 1630 et
556 1565 596 1630 de
608 1588 703 1651 parco
714 1564 755 1629 de
768 1565 949 1628 Bradeham
962 1573 996 1629 et
1011 1565 1097 1629 unde
1113 1567 1183 1652 ipsa
1198 1567 1325 1654 Marge-

218 1669 267 1733 ria
279 1668 426 1755 queritur
439 1668 525 1754 quod
540 1691 614 1733 cum
629 1691 703 1754 pars
719 1668 807 1732 illius
822 1667 910 1754 parci
924 1668 956 1732 ei
971 1669 1144 1753 separatim
1160 1691 1325 1735 remanere

218 1773 353 1837 deberet
367 1771 402 1836 in
417 1772 527 1836 dotem
543 1780 577 1836 et
592 1780 630 1836 ut
645 1769 809 1857 separale¹
823 1793 918 1836 suum
934 1770 1021 1835 idem
1043 1772 1116 1836 Ada
1135 1771 1229 1835 uenit
1251 1795 1326 1838 cum

219 1875 255 1938 ni
269 1898 329 1939 sua
343 1884 377 1940 et
392 1875 479 1961 cepit
494 1875 529 1938 in
544 1883 636 1960 parte
652 1897 711 1938 sua
726 1897 788 1960 que
805 1875 835 1938 ei
850 1883 996 1939 remanet
1008 1875 1042 1939 in
1058 1875 1167 1940 dotem
1183 1875 1326 1961 quinque
1424 1962 1427 1970 1

219 1987 395 2042 carettatas
417 1977 520 2064 uirg’⁸
541 1977 628 2042 unde
651 1977 847 2041 deteriorata
870 1979 919 2041 est'
942 1987 1001 2042 etc.
1023 1987 1057 2042 et
1079 1977 1155 2042 inde
1177 1979 1327 2065 producit

218 2091 348 2146 sectam.

286 2185 329 2249 Et
343 2185 418 2250 Ada
433 2185 525 2249 uenit
541 2192 575 2249 ct
589 2184 753 2271 cognoscit
768 2184 866 2248 finem
882 2192 916 2249 et
928 2184 1153 2272 cirographum
1169 2192 1203 2249 et
1219 2193 1326 2250 totum

218 2297 269 2353 set
284 2289 364 2353 dicit
379 2288 465 2374 quod
479 2288 566 2373 prior
582 2288 654 2351 finis
674 2310 732 2373 per
752 2287 849 2351 finem
871 2288 1077 2373 posteriorem
1102 2287 1327 2365 adnichilatur,

218 2401 253 2455 et
267 2392 354 2456 unde
373 2391 453 2456 dicit
471 2390 558 2476 quod
577 2390 618 2455 de
639 2389 805 2476 hocquod
828 2390 899 2475 ipsa
920 2390 1018 2454 debet
1041 2391 1159 2454 habere
1182 2392 1325 2476 separale

217 2517 314 2560 suum
330 2495 415 2582 quod
431 2519 494 2560 non
510 2495 609 2560 debet
625 2495 743 2560 habere
761 2496 905 2580 separale
917 2495 979 2560 nisi
991 2504 1121 2560 tantum
1133 2495 1326 2562 racionabile

217 2601 415 2664 estouerium
439 2623 543 2676 suum,
566 2608 601 2663 et
624 2599 652 2664 si
677 2599 746 2684 ipse
770 2599 893 2684 aliquid
919 2599 1006 2684 cepit
1032 2599 1067 2662 in
1092 2599 1204 2664 eodem
1230 2622 1326 2683 parco

217 2703 305 2788 cepit
335 2702 416 2768 illud
445 2703 530 2766 sicut
559 2702 593 2765 in
622 2725 687 2766 suo.
733 2703 777 2764 Et
803 2703 844 2765 de
871 2702 930 2765 hoc
953 2703 1074 2787 profert
1100 2702 1325 2788 cirographum

217 2805 340 2869 sactum
360 2806 395 2870 in
417 2806 506 2870 curia
528 2806 620 2870 Dom.
642 2806 742 2893 Regis
761 2806 818 2891 qui
840 2829 926 2870 nunc
947 2815 996 2870 est
1018 2806 1052 2869 in
1075 2805 1161 2891 quod
1183 2807 1218 2870 id
1240 2808 1326 2892 quod

216 2909 388 2974 remansit⁴
422 2911 528 2974 eidem
565 2909 694 2974 domine
731 2909 766 2973 in
802 2909 907 2994 priore
944 2909 1132 2994 cirographo
1169 2918 1326 2996 tanquam

215 3013 359 3098 separate
382 3036 477 3077 suum
500 3035 586 3077 nunc
610 3036 666 3098 per
684 3005 787 3077 ¹alium
813 3014 910 3077 finem
936 3022 1103 3077 remaneat
1124 3013 1230 3077 eidem
1253 3013 1325 3078 Adc

216 3117 306 3180 saluo
321 3117 426 3181 eidem
444 3117 602 3202 Margerie
618 3117 804 3180 racionabili
825 3117 983 3181 estouerio
1003 3140 1061 3181 suo
1083 3117 1125 3181 ad
1147 3117 1326 3181 ardendum

215 3231 250 3284 et
270 3221 486 3284 claudendum
506 3229 540 3285 et
563 3221 777 3286 edificandum
800 3223 986 3307 percisum
1010 3223 1167 3286 forestarii
1189 3222 1326 3307 predicti

216 3327 288 3392 Ade
303 3327 480 3392 seeundum
496 3328 581 3413 quod
597 3327 630 3391 in
646 3328 819 3412 posteriore
835 3329 898 3391 fine
915 3328 1042 3413 plenius
1058 3327 1251 3392 continetur.

282 3431 326 3494 Et
341 3431 418 3516 quia
432 3431 589 3516 posterior
608 3431 682 3496 finis
702 3433 881 3495 contrarius
901 3441 950 3495 est
971 3432 1068 3517 priori
1091 3439 1125 3495 et
1147 3455 1205 3517 per
1226 3433 1323 3496 finem

216 3533 425 3619 posteriorem
451 3543 597 3598 remanet
623 3534 738 3598 boseus
764 3543 798 3597 et
820 3535 854 3599 id
877 3535 962 3620 quod
984 3537 1073 3620 prius
1096 3537 1159 3600 fuit
1181 3537 1325 3622 separaie

218 3637 322 3700 eidem
343 3635 416 3701 Ade
439 3645 473 3700 et
494 3636 666 3700 heredibus
687 3638 754 3701 suis
768 3638 858 3702 saluo
874 3639 1033 3702 estouerio
1048 3640 1149 3724 ipsius
1165 3640 1324 3725 Margerie

217 3738 395 3802 secundum
415 3739 501 3824 quod
522 3739 704 3824 predictum
724 3748 782 3816 est,
805 3740 1051 3805 Consideratum
1075 3749 1125 3804 est
1146 3742 1231 3826 quod
1251 3741 1325 3806 Ada

217 3864 282 3905 non
303 3842 378 3906 feeit
401 3841 524 3927 aliquid
546 3851 658 3905 contra
679 3842 777 3905 finem
801 3843 903 3918 illum,
924 3852 958 3906 et
980 3843 1053 3906 ideo
1076 3844 1324 3908 Consideratum

216 3953 266 4008 est
282 3943 367 4028 quod
382 3943 450 4028 ipse
465 3943 540 4008 inde
556 3943 624 4008 sine
640 3943 693 4007 die
709 3953 742 4008 et
758 3944 918 4029 Margeria
933 3945 967 4008 in
983 3945 1205 4009 misericordia

155 4107 163 4122 ‚
282 4047 440 4112 Ricardus
465 4047 505 4111 de
533 4047 636 4111 Fame
666 4047 872 4111 athachiatus
902 4047 964 4112 fuit
994 4049 1035 4112 ad
1064 4047 1323 4134 respondendum
1392 4075 1439 4104 one

217 4151 375 4216 Nicholao
405 4151 612 4216 Malesmains
637 4173 701 4238 quo
727 4151 796 4216 iure
821 4152 924 4238 exigit
947 4175 1151 4218 communem
1177 4154 1211 4218 in
1237 4162 1324 4220 terra

249 4339 258 4371 ¹
275 4338 346 4389 corr.
360 4329 479 4388 maneriis
493 4338 533 4403 (t).
825 4340 836 4372 ⁸
853 4342 997 4402 uirgarum
1010 4341 1320 4392 firecartlocdsofstiehs.

249 4405 259 4434 ²
276 4403 311 4452 Aa
327 4402 373 4454 her
389 4405 495 4463 senerah
512 4403 553 4454 ie.
577 4419 606 4454 as
623 4405 683 4454 hers
700 4419 740 4454 ex·
824 4406 835 4436 ⁴
852 4407 922 4455 Gorr.
944 4409 972 4454 in
989 4423 1036 4468 quo
1053 4410 1195 4457 cornicetur
1211 4410 1278 4471 quod
1296 4410 1322 4458 td

216 4469 347 4530 cluaivcly.
792 4471 857 4534 quod
870 4474 987 4520 rencone!
1000 4473 1039 4536 (2).
