3314 5238
451 482 590 545 msrna,
613 483 679 534 nn.
703 469 796 545 1231,
818 483 882 534 na
907 469 956 532 15.
1197 469 1259 532 425
1288 541 1292 553 ¹

149 659 231 749 quod
252 669 394 748 pastura
415 661 460 726 sit
481 659 648 746 pertinens
669 657 711 724 ad
730 657 909 744 predictam
928 656 1008 744 uirg.
1025 665 1110 721 terre
1125 663 1160 720 et
1174 654 1261 742 quod

148 767 213 852 ipse
228 773 264 830 et
277 771 503 830 antecessores
517 762 568 828 sui
587 763 720 828 fuerunt
734 761 810 826 inde
825 761 861 826 in
875 759 993 826 saisina
1007 759 1100 846 ponit
1114 781 1149 824 se
1164 781 1262 845 super

188 867 295 934 triam.

147 891 188 956 pa
208 975 253 1040 Et
268 973 417 1040 Thomas
435 961 624 1060 'dicitquod
645 971 792 1059 predicta
813 978 946 1059 pastura
967 993 1032 1035 non
1053 969 1197 1056 pertinet
1218 967 1260 1034 ad
1273 971 1394 1061 „⁸02²th

145 1077 327 1165 predictam
350 1077 434 1164 uirg.
458 1084 543 1141 terre
566 1097 625 1140 nec
646 1075 716 1161 ipse
738 1095 895 1161 umquam
917 1071 981 1137 iuit
1004 1072 1039 1136 in
1062 1071 1180 1136 seisina
1201 1093 1260 1135 nec
1273 1068 1421 1156 ffig’ffi

145 1177 389 1266 predecessores
411 1177 464 1242 sui
486 1185 520 1242 et
542 1175 617 1241 inde
639 1175 732 1262 ponit
754 1197 788 1240 se
811 1197 908 1261 super
928 1172 1076 1259 patriam.
1122 1172 1166 1236 Et
1187 1171 1260 1237 ideo
1273 1171 1396 1304 ffiffi

145 1289 338 1368 preceptum
354 1289 406 1346 est
421 1280 605 1346 uicccomiti
620 1279 705 1366 quod
721 1301 826 1343 coram
843 1301 881 1342 eo
896 1287 931 1342 et
945 1299 1051 1343 coram
1073 1277 1260 1342 custodibus
1273 1305 1415 1390 amp?

145 1385 342 1472 placitorum
366 1406 483 1450 corone
505 1383 676 1449 conuenire
698 1383 796 1448 faciat
818 1383 872 1469 xij.
894 1391 928 1447 et
950 1403 1138 1468 percorum
1157 1403 1259 1445 sacra-
1272 1359 1413 1490 ihm?

145 1497 294 1555 mentum
327 1497 390 1555 etc
422 1490 450 1555 si
479 1489 643 1577 predictus
674 1487 832 1554 Ricardus
861 1488 915 1553 uel
944 1486 1181 1573 predecessores
1210 1485 1410 1582 ευίξζοᾞῇθζξῇ,

145 1595 277 1659 hremnt
299 1595 339 1660 in
363 1595 483 1660 saisina
502 1593 543 1659 de
561 1602 696 1680 pastura
710 1591 752 1658 ad
766 1591 822 1678 iiij.
839 1591 939 1656 boues
954 1605 989 1656 et
1003 1589 1084 1655 duas
1098 1611 1211 1655 uaccas
1227 1597 1261 1653 et
1273 1582 1405 1670 3332?ss

145 1697 185 1762 ad
201 1697 227 1784 j.
243 1699 401 1763 auerium
416 1706 456 1763 ut
470 1698 655 1784 pertinente
671 1696 713 1761 ad
727 1717 827 1760 unam
843 1695 923 1782 uirg.
940 1702 1025 1759 terre
1040 1716 1115 1758 cum
1129 1701 1210 1779 pert.
1226 1692 1261 1756 in
1273 1677 1425 1772 imit}

145 1801 257 1867 eadem
283 1803 373 1868 uilla
395 1825 459 1889 que
481 1811 532 1867 est
553 1801 594 1867 de
615 1800 776 1866 dominico
797 1799 942 1886 predicte
964 1797 1096 1864 eeclesia
1119 1807 1153 1862 et
1173 1769 1425 1903 11ηάθῷἣῆ

145 1905 257 1970 dotata
277 1905 358 1983 fuit,
373 1905 428 1970 uel
447 1905 476 1969 si
495 1903 660 1990 predictus
681 1903 822 1968 Thomas
845 1902 961 1967 habuit
982 1910 1148 1988 pasturam
1170 1901 1259 1966 illam
1273 1874 1406 1998 diffidi

146 2017 335 2096 separatam
351 2017 386 2073 et
401 2008 545 2094 quietam
561 2006 630 2071 sine
646 2028 818 2070 commune
838 2028 935 2092 quam
950 2005 1019 2092 ipse
1034 2005 1191 2070 Ricardus
1206 2006 1259 2072 uel
1272 2003 1404 2090 ffl'fflfl·

147 2121 371 2177 antecessores
385 2111 437 2176 sui
451 2110 527 2176 inde
542 2110 728 2175 habuerunt
742 2117 813 2188 etc,
827 2117 862 2174 et
881 2109 1125 2196 inquisicionem
1147 2108 1259 2174 uenire

147 2216 244 2282 faciat
259 2225 329 2282 etc
343 2237 403 2302 per
416 2215 527 2280 literas
541 2223 576 2280 et
590 2236 649 2301 per
662 2214 743 2280 duos
758 2224 817 2280 etc.

56 2315 65 2330 '
100 2361 106 2376 ·
211 2319 398 2406 Episcopus
428 2318 642 2384 Norwicensis
670 2341 729 2406 per
756 2319 868 2384 literas
895 2341 969 2384 suas
995 2327 1146 2407 patentes
1174 2319 1260 2406 petit
1319 2347 1379 2390 sora

149 2422 272 2487 curiam
289 2445 385 2487 suam
401 2421 442 2486 de
457 2421 566 2486 Priore
581 2422 613 2488 S.
629 2421 720 2487 Fidis
735 2421 775 2487 dc
790 2422 895 2508 apello
909 2423 950 2487 de
965 2431 1116 2509 precepto
1126 2423 1151 2509 j.
1167 2424 1262 2512 plage

149 2533 182 2588 et
196 2523 329 2590 dietum
345 2531 395 2588 est
409 2523 534 2588 Abbati
550 2524 581 2590 S.
598 2523 768 2590 Benedicti
783 2523 823 2589 de
845 2525 968 2590 Hulmo
987 2525 1044 2611 qui
1058 2526 1137 2590 tulit
1152 2526 1263 2592 literas

150 2627 306 2714 Episcopi
322 2627 429 2714 etqui
444 2628 630 2714 manucapit
645 2651 790 2714 cumpro
805 2627 963 2715 Episcopo
978 2629 1063 2715 quod
1078 2629 1140 2694 erit
1155 2652 1262 2696 coram

151 2731 341 2798 iusticiariis
355 2732 390 2796 in
405 2733 509 2818 primo
523 2733 669 2798 aduentu
684 2733 826 2818 ipsorum
841 2733 876 2796 in
891 2740 999 2818 partes
1014 2733 1086 2798 illas
1101 2733 1182 2798 eta¹

58 2837 68 2852 '
103 2884 110 2898 .
216 2836 300 2901 Dies
322 2835 420 2900 datus
443 2843 493 2900 est
517 2835 689 2901 Comitisse
714 2835 754 2900 de
776 2836 872 2923 Augo
894 2835 1021 2922 petenti
1044 2845 1078 2901 et
1101 2835 1197 2901 Oliue
1219 2835 1260 2902 de
1329 2878 1342 2908 0

152 2940 404 3027 Montebegonis
418 2939 460 3004 de
474 2939 635 3004 audiendo
654 2939 773 3004 iudicio
790 2963 849 3004 suo
864 2948 922 3004 ete
939 2940 1026 3026 apud
1041 2940 1260 3006 Westmonas·

152 3043 275 3108 terium
297 3065 392 3129 prece
414 3041 559 3128 parcium
581 3041 651 3107 siue
674 3041 843 3107 iusticiarii
866 3042 1021 3107 itinerent
1044 3042 1114 3107 siue
1139 3065 1204 3107 non
1226 3041 1260 3107 in

152 3147 270 3213 eodem
287 3146 445 3212 comitatu
455 3143 475 3211 ⁸.

215 3248 391 3315 Jeruasius
420 3247 461 3312 de
484 3247 787 3312 Aldermannebiria
811 3247 1018 3312 athachiatus
1042 3247 1107 3312 fuit
1131 3247 1173 3314 ad
1195 3269 1260 3312 res·
1364 3284 1384 3314 x.

152 3352 365 3439 pondendum
387 3353 531 3416 Homoni
552 3351 593 3417 de
608 3352 754 3417 Valoinis
776 3374 875 3438 quare
898 3352 999 3416 traxit
1019 3373 1094 3416 eum
1112 3352 1147 3416 in
1161 3351 1261 3438 placi·
1323 3389 1326 3396 ·

154 3452 278 3518 tum‘in
293 3450 384 3515 curia
397 3449 621 3516 cristianitatis
635 3449 676 3520 de
691 3449 811 3515 debitis
825 3473 888 3536 que
903 3472 968 3514 non
982 3459 1060 3515 sunt
1074 3459 1134 3516 etc.
1150 3459 1262 3515 eontra

153 3563 211 3620 etc
228 3563 265 3620 et
280 3552 368 3618 unde
382 3551 469 3617 idem
485 3553 615 3618 Hamon
635 3553 782 3638 queritur
801 3551 888 3639 quod
907 3551 1072 3638 predictus
1093 3553 1261 3618 Jeruasius

153 3655 364 3744 inplacitauit
386 3677 461 3720 eum
484 3678 589 3720 coram
612 3655 743 3720 Decano
764 3655 806 3720 de
827 3656 965 3722 Suworc’
986 3664 1020 3720 et
1040 3656 1261 3723 coniudicibus

155 3761 194 3826 de
215 3759 368 3826 domibus
392 3780 472 3844 quas
498 3759 629 3823 Hamon
654 3767 748 3845 pater
772 3757 873 3845 ipsius
899 3757 1057 3823 Hamonis
1082 3769 1260 3846 asportasse

188 3921 330 3970 ¹Braoton
346 3919 409 3969 cites
425 3919 479 3968 this
495 3935 554 3969 case
565 3919 583 3968 1.
595 3921 683 3971 sotto
734 3918 844 3969 wanted.
878 3918 933 3968 The
949 3917 1067 3969 churoh’s
1086 3921 1129 3969 dos
1148 3921 1261 3972 consiste

156 4001 232 4048 prove
243 3985 302 4034 that
313 4000 329 4033 a
340 3984 500 4048 prohibition
512 3985 573 4034 does
588 3987 635 4034 not
650 3985 684 4034 lie
733 3985 762 4034 oi
777 3983 854 4033 lands
869 3985 945 4046 given
963 3987 992 4034 at
1009 3984 1054 4034 tho
1073 3985 1136 4034 time
1152 3986 1181 4035 oi
1200 4001 1259 4036 oon-

157 4051 258 4112 sgainst
273 4065 290 4099 a
304 4049 357 4098 suit
372 4051 412 4099 ior
427 4049 540 4111 spoiling
554 4065 570 4098 a
586 4049 683 4100 churcb
733 4049 870 4099 sacratico.

157 4117 185 4165 oi
198 4117 234 4165 its
245 4115 331 4164 dowar
342 4114 417 4164 iands
428 4129 458 4163 or
468 4115 497 4164 oi
511 4113 579 4164 their
589 4129 681 4177 appur·
765 4113 777 4146 ²
793 4113 849 4162 Tho
860 4113 933 4162 Prior
944 4113 972 4162 of
982 4113 1007 4164 S.
1022 4113 1108 4172 naith,
1118 4115 1260 4176 Horsham,

157 4185 285 4232 mancos.
316 4178 373 4228 'l'bs
381 4181 521 4230 annotator
527 4195 619 4242 argues
626 4178 683 4229 that
733 4179 849 4240 Noricus,
867 4179 892 4228 is
907 4179 1030 4242 appeuled
1046 4179 1075 4230 oi
1089 4179 1186 4244 haring
1203 4197 1258 4245 pro-

157 4245 179 4295 ir
193 4245 359 4296 thisbshus
374 4244 404 4293 oi
418 4243 463 4294 the
477 4248 684 4308 apportensnces
734 4244 811 4294 cured
827 4245 872 4293 the
891 4243 977 4306 giving
995 4245 1023 4293 oi
1038 4259 1055 4294 a
1070 4246 1171 4296 wound.
1205 4247 1260 4297 The

157 4311 179 4361 it
197 4313 268 4360 must
286 4309 350 4358 hold
366 4309 432 4372 good
448 4309 477 4359 of
492 4309 537 4360 the
553 4313 684 4360 tenement
733 4309 827 4371 bishcp
838 4308 928 4358 claime
938 4308 1129 4370 ocgniaancaoi
1140 4311 1258 4362 thanaac.

158 4375 235 4426 itseii.
270 4373 400 4438 Probably
410 4373 483 4424 there
496 4373 520 4423 is
535 4389 606 4424 some
622 4375 682 4424 mis-
734 4375 785 4424 His
807 4388 952 4434 messenger
973 4373 995 4422 is
1015 4373 1061 4424 the
1079 4376 1163 4428 abbot
1182 4379 1212 4429 oi
1230 4379 1259 4429 St

158 4441 216 4490 take
226 4440 254 4489 in
265 4455 321 4489 cnm
330 4455 380 4490 aon
386 4443 530 4502 perticam,-
541 4455 613 4490 some
620 4439 683 4490 such
734 4440 825 4498 Donet,
838 4439 942 4496 Hulms,
955 4439 1070 4490 Noriolk.

159 4505 251 4569 phrase
261 4519 412 4555 ucumaon
421 4506 684 4556 tubectlocumsecms
765 4505 777 4538 ⁸
793 4505 835 4554 Br.
848 4505 864 4556 1.
881 4505 928 4556 loo
940 4503 964 4564 b,
978 4505 1033 4554 110.
