3314 5238
334 458 396 520 500
542 469 776 530 incursuum,
799 468 863 517 nn.
889 453 982 528 1231,
1005 467 1068 518 aa.
1094 456 1230 519 15-16.

334 642 427 707 feodo
462 651 496 707 et
531 666 596 708 non
631 641 673 707 ad
708 641 892 707 terminum.
939 641 983 706 Et
1012 641 1085 707 ideo
1116 641 1364 709 consideratum
1394 651 1445 707 est

334 745 421 832 quod
444 743 586 810 Isabella
606 754 640 810 et
665 745 828 832 Margeria
847 753 984 810 teneant
1007 745 1040 810 in
1064 768 1144 832 paee
1170 755 1205 811 et
1230 747 1388 812 Rieardus
1409 748 1445 811 in

335 847 581 914 misericordia¹.

278 1005 284 1018 .
400 950 539 1016 Thomas
577 949 697 1016 Gorbet
726 949 812 1036 petit
845 973 959 1016 uersus
989 952 1123 1016 Petrum
1153 951 1258 1016 filium
1289 951 1444 1016 Herberti

249 1066 262 1094 ⁰
336 1055 516 1121 manerium
546 1054 587 1119 de
610 1055 820 1120 Pauntebiria
842 1078 916 1120 oum
938 1063 1019 1141 pert.
1043 1064 1081 1120 ut
1103 1056 1155 1120 ins
1177 1077 1272 1120 suum
1296 1063 1355 1120 ete.
1401 1056 1445 1120 Et

336 1162 453 1226 Petrus
467 1181 532 1224 non
546 1159 640 1224 uenit
655 1166 705 1224 set
722 1182 756 1224 se
777 1159 954 1224 essoniauit
975 1159 1015 1224 de
1036 1160 1122 1224 malo
1142 1160 1220 1224 lecti
1242 1167 1276 1224 et
1292 1159 1445 1224 Matheus

336 1265 377 1330 de
408 1265 599 1349 Bikestorpe
628 1263 686 1350 qui
715 1285 749 1328 se
779 1263 858 1328 facit
891 1263 1109 1350 responsalem
1138 1263 1241 1348 ipsius
1270 1259 1446 1327 Herberti¹

336 1367 429 1432 uenit
452 1373 486 1430 et
508 1366 593 1452 petit
615 1365 692 1430 inde
713 1365 831 1444 uisum,
852 1365 972 1430 habeat
996 1373 1056 1430 etc.
1103 1366 1146 1430 Et
1175 1373 1365 1451 preceptum
1395 1372 1445 1429 est

335 1470 519 1536 uioeoomiti
530 1470 617 1557 quod
631 1470 743 1535 mittat
758 1469 800 1534 ad
815 1469 998 1555 predictum
1014 1469 1235 1534 Herbertum³
1250 1468 1306 1554 iiij.
1322 1469 1443 1554 legales

336 1573 458 1639 milites
473 1573 513 1638 de
535 1573 692 1638 comitatu
713 1595 772 1637 suo
790 1571 832 1637 ad
851 1572 1050 1636 audiendum
1071 1571 1099 1636 si
1118 1571 1283 1657 predictus
1302 1571 1445 1635 Herber·

337 1675 407 1742 tus⁴
421 1677 510 1742 misit
522 1677 661 1741 eundem
674 1676 845 1741 Matheum
856 1684 895 1740 ut
906 1676 1122 1762 responsalem
1137 1697 1233 1740 suum
1249 1684 1283 1738 et
1298 1675 1325 1738 si
1339 1683 1443 1739 ratam

337 1781 457 1845 habeat
480 1779 719 1865 responsionem
744 1801 842 1864 quam
868 1777 957 1842 idem
982 1777 1135 1842 Matheus
1160 1799 1218 1862 pro
1243 1799 1282 1842 eo
1307 1776 1385 1841 feeit
1411 1785 1446 1841 et

336 1883 364 1947 si
379 1883 462 1947 uelit
476 1881 583 1968 ipsum
598 1889 762 1946 attornare
774 1881 842 1944 loeo
853 1903 912 1944 suo
923 1879 965 1944 ad
976 1879 1165 1944 lucrandum
1179 1880 1231 1944 uel
1243 1880 1444 1965 perdendum

339 2089 459 2154 milites
474 2089 516 2154 ad
531 2087 771 2154 testificandum
780 2087 799 2151 ⁵.

403 2193 569 2258 Johannes
606 2192 646 2257 de
684 2193 831 2256 Burtona
866 2191 952 2277 petit
984 2213 1097 2254 uersus
1126 2189 1311 2256 Johannem
1340 2189 1444 2255 filium

340 2297 478 2362 Galfn'di
509 2297 552 2381 iij.
583 2319 644 2360 aar.
671 2303 755 2360 terre
785 2317 860 2359 oum
888 2303 970 2380 pert.
1000 2293 1035 2358 in
1064 2293 1240 2358 Ailesbiria
1268 2302 1302 2358 et
1331 2315 1444 2358 uersus

339 2399 515 2464 Radnlfum
540 2397 677 2464 Pertoek
694 2397 719 2482 3.
735 2396 815 2483 uirg.
839 2405 924 2460 terre
946 2418 1020 2460 eum
1046 2403 1127 2481 pert.
1150 2395 1185 2460 in
1215 2395 1327 2460 eadem
1357 2395 1445 2471 uilla,

339 2511 373 2566 et
404 2525 517 2567 uersus
547 2502 722 2567 Ricardum
756 2501 858 2566 filiurn
893 2500 1051 2566 Willelmi
1083 2500 1294 2565 medietatem
1320 2500 1344 2586 j.
1378 2521 1444 2564 me-

338 2607 443 2694 suagii
467 2630 541 2671 cum
563 2615 643 2692 pert.
666 2607 701 2671 in
724 2606 837 2671 eadem
860 2606 948 2684 uilla,
968 2615 1003 2670 et
1025 2628 1137 2670 uersus
1162 2605 1357 2670 Cristianam
1381 2627 1444 2690 que

338 2711 401 2774 luit
428 2731 508 2774 uxor
529 2708 665 2773 Roberti
691 2708 731 2773 de
755 2709 899 2774 Lectona
922 2716 1071 2795 quartam
1094 2715 1221 2794 partem
1238 2708 1262 2794 3.
1287 2709 1446 2794 mesuagii

337 2815 425 2878 oum
441 2821 521 2899 pert.
552 2813 586 2877 in
616 2813 730 2878 eadem
759 2813 848 2889 uilla,
878 2820 912 2877 et
949 2835 1062 2878 uersus
1092 2811 1281 2898 Philippum
1311 2813 1446 2899 Dugun,

337 2917 501 3002 Rogerum
533 2915 617 2981 Orno
643 2926 677 2981 et
703 2917 884 2981 Robertum
910 2915 1121 2980 Aurifabrum
1146 2923 1295 3001 quartam
1317 2925 1445 3002 partem

332 3020 357 3106 3.
372 3019 531 3106 mesuagii
545 3043 619 3086 oum
635 3029 716 3105 pert.
732 3020 767 3084 in
782 3019 895 3084 eadem
910 3019 991 3084 uilla
1005 3028 1044 3084 ut
1058 3018 1110 3084 ius
1124 3042 1220 3084 suum
1235 3029 1294 3085 ete

403 3124 447 3188 Et
476 3123 642 3189 Johannes
671 3123 758 3188 filius
788 3123 926 3188 Galfridi
956 3123 1049 3188 uenit
1084 3131 1119 3186 et
1149 3122 1230 3187 dicit
1259 3123 1346 3210 quod
1380 3146 1445 3188 non

337 3228 436 3292 debet
461 3227 492 3291 ei
515 3227 706 3314 respondere
729 3227 807 3313 quia
827 3235 915 3292 terra
936 3227 994 3291 illa
1016 3235 1050 3290 et
1076 3227 1280 3312 mesuagium
1302 3235 1380 3292 suut
1404 3228 1445 3293 de

337 3331 497 3396 dominico
520 3331 613 3395 Dom.
639 3331 739 3416 Regis
761 3340 795 3395 et
818 3331 887 3416 ipse
910 3339 960 3395 est
982 3331 1142 3396 firmarius
1166 3332 1260 3398 Dom.
1281 3333 1390 3419 Regis,
1410 3343 1446 3398 et

337 3457 449 3498 omnes
472 3442 622 3497 tenentes
645 3433 685 3498 de
714 3433 828 3497 eadem
853 3441 939 3497 terra
963 3441 997 3496 et
1019 3433 1180 3498 dominico
1203 3433 1323 3499 debent
1344 3435 1445 3520 plaei-

337 3547 406 3602 tare
422 3537 457 3601 in
471 3537 552 3601 uilla
566 3537 606 3601 de
618 3537 803 3602 Ailesburia
817 3537 994 3601 seeundum
1010 3537 1117 3623 legem
1133 3547 1166 3602 et
1177 3539 1445 3605 consuetudinem

337 3642 552 3706 maneriorum
576 3649 610 3706 et
632 3664 695 3706 non
719 3641 840 3706 debent
867 3647 960 3706 extra
981 3641 1161 3706 manerium
1186 3641 1268 3706 illud
1290 3643 1446 3728 placitare

337 3745 414 3831 quia
437 3767 501 3809 non
525 3753 651 3830 ponunt
678 3768 711 3809 se
738 3745 773 3809 in
795 3767 947 3832 magnam
970 3745 1101 3809 assisam
1125 3769 1184 3810 nec
1206 3746 1385 3812 defendunt
1410 3771 1445 3812 se

336 3869 395 3932 per
409 3846 563 3910 duellum.

402 3949 445 4014 Et
467 3950 633 4014 Johannes
655 3951 695 4015 de
719 3951 865 4017 Burtona
886 3952 980 4016 uenit
1002 3961 1036 4016 et
1058 3953 1138 4016 dicit
1160 3952 1246 4038 quod
1261 3953 1446 4020 Willelmus

336 4055 422 4118 filius
435 4053 559 4141 Nigelli
574 4063 668 4139 pater
682 4077 760 4119 suus
771 4055 835 4119 suit
847 4055 998 4121 feoffatus
1012 4055 1053 4120 de
1069 4056 1182 4121 eadem
1198 4065 1285 4121 terra
1299 4064 1445 4143 tempore

336 4157 436 4242 Regis
450 4158 479 4222 J.
497 4165 531 4221 et
546 4157 623 4220 lecit
644 4156 830 4242 homagium
851 4179 947 4221 suum
968 4158 1052 4243 Regi
1071 4158 1103 4222 J.
1119 4166 1154 4222 et
1171 4158 1261 4222 illam
1280 4181 1353 4223 eum
1372 4160 1446 4226 aliis

369 4361 377 4392 ¹
395 4361 438 4410 Br.
452 4361 470 4410 l.
485 4361 541 4408 320.
945 4361 957 4391 ⁴
974 4361 1045 4410 corr.
1058 4361 1148 4410 Petrus
1162 4361 1202 4424 (?).

369 4429 379 4458 ²
396 4425 468 4474 Corr.
480 4427 550 4474 Petri
563 4425 602 4490 (l).
946 4427 957 4456 ⁶
974 4425 1038 4474 This
1059 4425 1164 4478 nassis
1185 4425 1253 4474 cited
1276 4427 1309 4488 hy
1329 4427 1443 4478 Braotou

368 4491 379 4524 ³
396 4491 467 4539 Corr.
479 4491 580 4539 Petrum
594 4491 631 4554 (t).
914 4491 1113 4552 anonymonsly.
1126 4491 1145 4540 f.
1156 4491 1202 4539 361
1215 4491 1239 4540 b.
