3360 5236
517 461 668 524 ,rasura
691 461 756 512 111.
781 449 874 524 1232,
897 461 959 511 aa
985 449 1035 514 16.
1269 451 1330 512 521

227 635 317 701 dedit
332 636 419 702 idem
435 637 523 702 Elias
542 637 789 702 eduocacionem
810 637 898 703 illius
917 637 1050 702 ecclesie
1067 636 1131 702 deo
1151 646 1185 703 et
1201 637 1333 703 ecclesie

228 741 264 804 B.
288 741 402 806 dacobi
425 749 459 806 et
484 742 519 806 B.
543 741 682 806 Victoris
704 741 745 806 dc
767 742 951 829 Wigemore
974 750 1008 806 et
1030 741 1190 806 canonicis
1212 741 1333 806 ibidem

228 851 288 908 etc.
304 843 338 908 in
353 853 545 930 perpetuam
560 844 767 908 elemosinam
782 867 842 930 per
855 853 976 909 cartam
992 867 1084 909 suam
1100 867 1197 929 quam
1213 845 1334 929 profert

229 955 337 1032 etque
350 947 568 1012 hoctestatur.
606 947 731 1011 Profert
746 947 848 1012 eciam
863 956 985 1012 cartam
1002 947 1152 1033 Episcopi
1164 946 1334 1010 Willclmi¹

230 1049 474 1114 Herefordensis
503 1073 566 1136 que
591 1058 732 1114 testatur
758 1050 844 1136 quod
873 1050 959 1114 idcm
991 1050 1078 1114 Elias
1107 1049 1139 1113 in
1170 1049 1336 1134 presencia

227 1153 329 1237 ipsius
359 1152 510 1238 Episcopi
538 1152 677 1217 contulit
706 1152 758 1217 ius
781 1161 971 1238 patronatus
997 1151 1158 1217 eiusdem¹
1181 1152 1334 1238 predictis

228 1257 352 1322 Abbati
368 1266 401 1322 et
417 1257 593 1321 conuentui
608 1257 648 1321 de
663 1257 848 1344 Wigcmorc
864 1266 898 1321 et
913 1257 968 1322 illc
989 1257 1157 1322 ecclesiam
1177 1257 1266 1321 illam
1287 1257 1333 1321 eis

228 1361 432 1426 confirmauit
448 1361 482 1424 in
496 1361 639 1446 proprios
654 1383 739 1426 usus.
784 1361 909 1426 Profert
924 1361 1026 1426 eciam
1046 1369 1168 1426 cartam
1184 1360 1334 1446 Hugonis

229 1462 618 1528 Foli0t⁸Heref01densis
640 1463 791 1550 Episcopi
813 1487 876 1549 que
900 1464 947 1528 eis
972 1464 1141 1528 confirmat
1167 1472 1205 1528 ut
1228 1485 1332 1549 supra

229 1569 273 1632 Et
288 1569 375 1634 idem
391 1569 567 1656 Episcopus
585 1569 781 1656 significauit
801 1568 986 1633 iusticiariis
1006 1568 1092 1654 quod
1114 1567 1248 1632 ecclesia
1269 1589 1334 1631 non

230 1679 325 1734 uacat
351 1671 428 1756 quia
452 1671 556 1757 ipsam
586 1671 791 1735 confirmauit
817 1671 912 1758 longe
941 1670 1109 1735 retroactis
1134 1670 1334 1756 temporibus

229 1775 382 1860 predictis
396 1776 556 1840 canonicis
571 1784 605 1840 et
619 1775 699 1840 dicit
714 1774 800 1860 quod
813 1774 901 1838 idem
916 1773 1099 1838 Willclmus
1114 1795 1179 1837 non
1194 1772 1257 1837 fuit
1272 1773 1334 1837 nisi

229 1878 375 1943 uicarius

296 1982 339 2045 Et
361 1981 523 2048 Rohertus
544 1982 638 2048 uenit
663 1991 698 2046 et
723 1981 869 2047 defendit
893 1989 1015 2046 cartam
1041 1989 1076 2046 ct
1097 1981 1177 2046 dicit
1199 1981 1285 2067 quod
1307 1981 1335 2046 si

229 2107 373 2170 unquam
403 2087 489 2150 facta
517 2085 581 2150 fuit
609 2085 670 2150 hoc
699 2085 763 2149 fuit
792 2107 851 2170 per
879 2092 945 2149 tres
970 2107 1071 2149 annos
1097 2093 1170 2170 post
1195 2091 1332 2148 mortem

229 2190 331 2276 ipsius
347 2191 417 2255 Elic
433 2199 467 2256 ct
481 2191 557 2256 inde
572 2190 664 2276 ponit
679 2213 713 2254 se
728 2213 826 2276 super
839 2190 978 2276 patriam
994 2197 1027 2253 et
1042 2197 1143 2253 testes
1158 2196 1220 2254 etc

171 2337 179 2351 ·
295 2295 435 2359 Thomas
456 2295 542 2358 filius
566 2295 726 2360 Simeonis
745 2295 830 2379 petit
850 2313 963 2357 uersus
982 2293 1184 2357 Willclmum
1200 2293 1333 2358 Guhiun
1391 2325 1425 2354 aa

230 2419 328 2461 unam
355 2397 436 2483 uirg.
459 2406 543 2462 terre
569 2421 643 2462 cum
669 2406 749 2483 pert.
773 2397 808 2461 in
834 2397 1071 2461 Rochamstede
1097 2405 1136 2460 ut
1161 2397 1213 2460 ius
1237 2419 1333 2461 suum

229 2508 290 2565 etc.
335 2501 378 2564 Et
393 2500 575 2565 Willclmus
589 2501 682 2564 uenit
697 2509 731 2564 ct
752 2509 847 2564 uocat
867 2499 942 2564 inde
963 2500 1005 2564 ad
1020 2508 1199 2564 warantum
1216 2499 1333 2564 Henri·

230 2622 304 2666 cum
320 2603 441 2668 Gubun
456 2612 582 2688 patrem
598 2626 693 2668 suum
705 2603 762 2688 qui
776 2626 907 2688 presens
922 2611 972 2668 est
987 2612 1021 2668 et
1036 2604 1067 2668 ei
1081 2603 1275 2668 warentizat.

295 2706 340 2770 Et
356 2707 517 2772 Henricus
531 2707 624 2771 uenit
639 2717 673 2771 et
688 2707 834 2771 defendit
849 2707 900 2772 ius
914 2729 1009 2772 suum
1025 2716 1060 2772 et
1080 2707 1159 2772 dicit
1174 2707 1260 2794 quod
1271 2731 1336 2772 non

229 2806 328 2872 debet
342 2809 385 2873 ed
399 2809 459 2874 hoc
473 2809 572 2874 breue
587 2809 778 2895 respondere
793 2811 871 2896 quia
881 2811 1020 2896 quedam
1032 2811 1138 2875 Alicia
1152 2811 1228 2876 auia
1241 2811 1337 2876 istius

231 2913 353 2976 Thome
369 2912 485 2976 babuit
500 2921 566 2977 tres
580 2912 663 2976 filias
677 2920 711 2976 et
727 2912 843 2978 hahuit
858 2922 978 2979 terram
993 2915 1089 2979 istam
1105 2923 1143 2979 ut
1161 2915 1212 2978 ius
1231 2937 1337 2992 suum,

230 3018 295 3083 seu.
327 3017 500 3104 quamdam
531 3003 1239 3094 1111111111,1111111111111111111111
1285 3020 1336 3083 oe

231 3123 396 3186 Hersanta
410 3121 513 3186 cxiuit
528 3121 589 3186 iste
605 3121 744 3186 Thomas
756 3130 790 3186 et
802 3122 842 3186 de
855 3123 1015 3188 Matillide
1027 3123 1160 3209 quidam
1172 3123 1337 3188 Walterus

231 3226 288 3311 qui
302 3225 408 3290 adhuc
423 3225 509 3289 uiuit
524 3233 558 3289 et
573 3225 613 3289 de
625 3225 763 3290 Alditha
777 3226 910 3311 quidam
925 3227 993 3291 Aac
1008 3227 1065 3314 qui
1080 3227 1185 3291 adhuc
1200 3227 1286 3290 uiuit
1302 3235 1337 3292 et

231 3329 288 3414 qui
303 3338 433 3394 tantum
448 3329 526 3394 iuris
541 3329 664 3394 habent
678 3330 713 3393 in
728 3339 815 3394 terra
828 3330 885 3394 illa
899 3341 1059 3416 quantum
1071 3338 1105 3395 et
1117 3332 1185 3417 ipse
1197 3331 1338 3395 Thomas

231 3443 266 3497 et
288 3433 361 3498 ideo
383 3454 448 3496 non
470 3433 544 3496 uult
566 3432 598 3497 ei
619 3433 811 3518 respondere
836 3433 904 3497 sine
928 3434 1141 3520 participibus
1165 3434 1238 3499 suia
1293 3435 1338 3498 Et

232 3536 371 3600 Thomas
386 3557 450 3599 non
464 3543 573 3621 potest
587 3535 648 3598 hoc
662 3533 809 3598 dedicere
825 3543 859 3599 et
874 3535 947 3600 ideo
968 3536 1151 3601 Willclmus
1171 3537 1247 3602 inde
1267 3537 1336 3602 sine

232 3639 292 3705 die.
337 3639 454 3704 Postea
467 3637 607 3703 remittit
622 3639 774 3703 clamium
789 3661 847 3724 pro
861 3663 890 3704 x.
906 3639 960 3705 sol.

173 3795 180 3810 .
296 3743 479 3808 Willclmus
489 3743 519 3806 le
529 3742 713 3806 Nor-meunt
724 3743 940 3807 summonitus
952 3742 1336 3829 fuitadrespondendum
1397 3765 1405 3778 '

232 3847 366 3934 Hugoni
380 3846 421 3910 de
440 3846 534 3912 Oliue
555 3869 653 3932 quare
674 3846 761 3932 cepit
781 3846 892 3911 aueria
913 3869 973 3911 sua
994 3856 1028 3911 et
1050 3847 1170 3912 iniuste
1193 3847 1337 3912 detinuit

230 3959 269 4014 ut
283 3949 371 4026 dicit,
386 3958 420 4013 et
435 3949 521 4013 unde
541 3949 629 4013 idem
650 3949 749 4035 Hugo
769 3949 917 4034 queritur
938 3949 1024 4034 quod
1045 3948 1132 4013 idem
1155 3949 1338 4013 Willclmus

231 4053 388 4139 cumipse
403 4052 502 4118 nichil
518 4061 630 4118 teneat
643 4053 685 4117 de
701 4075 738 4117 eo
753 4053 920 4117 distrinxit
940 4075 1015 4118 eum
1036 4053 1101 4118 iam
1120 4054 1225 4118 tribus
1244 4053 1338 4118 annis

231 4155 347 4242 elapsis
369 4155 411 4221 ad
436 4155 571 4221 laciend'
595 4165 716 4221 sectam
742 4157 784 4222 ad
809 4157 931 4222 curiam
957 4169 1049 4222 suam
1076 4166 1109 4223 et
1135 4159 1177 4223 ad
1202 4158 1338 4224 faciend'

263 4345 272 4376 ¹
289 4343 406 4394 Willism
418 4344 450 4394 dc
462 4344 534 4404 Vere,
547 4347 718 4398 nso-1199.
811 4349 880 4399 1219.

264 4409 274 4440 ²
292 4411 390 4473 Supply
402 4413 510 4461 ecclesie.
841 4415 852 4446 ⁴
869 4415 909 4464 No
921 4419 978 4478 stop
990 4415 1018 4465 in
1031 4416 1085 4468 MS.

263 4473 344 4524 ³The
374 4479 478 4538 present
508 4475 610 4539 bish0p‚
642 4491 756 4527 consecr.
