3196 5226
345 463 407 524 154
647 473 798 535 rnrnrrr,
820 475 884 524 nn.
911 461 1002 536 1222,
1025 475 1088 525 nn
1112 466 1141 528 6.

341 645 485 711 iudicum
507 647 613 733 ipsum
636 647 792 712 Leonium
814 667 855 712 err
876 647 1017 712 secundo
1039 647 1168 714 decreto
1189 648 1223 712 in
1247 649 1446 734 corporalem

341 747 500 812 miserunt
521 747 752 833 possessionem
774 756 844 825 otc,
866 748 952 812 unde
975 747 1062 813 idem
1085 749 1225 813 Leonius
1250 748 1331 812 dicit
1361 747 1448 834 quod

341 861 412 917 octo
441 851 534 916 annis
563 851 680 936 elapsis
714 851 777 916 fuit
806 851 875 936 ipse
905 850 981 915 inde
1010 872 1146 936 persons
1184 859 1237 916 set
1266 852 1360 916 litere
1390 871 1446 916 sue

340 963 485 1020 recentes
498 962 576 1018 sunt
590 962 626 1019 ct
640 977 713 1020 cero
727 977 836 1020 recens
850 963 901 1020 est
915 955 957 1020 ds
977 954 1156 1042 quindens¹
1170 963 1205 1020 et
1225 955 1326 1020 nichil
1347 955 1447 1020 habet

341 1057 380 1122 de
403 1057 560 1122 aduocato
590 1065 624 1122 et
653 1057 726 1122 ideo
755 1058 880 1122 dictum
910 1058 980 1122 eius
1009 1079 1068 1144 pro
1097 1059 1217 1123 nichilo
1245 1058 1388 1123 habetur
1413 1065 1448 1123 et

339 1161 362 1226 J
364 1161 505 1226 ohannes
520 1160 620 1226 nichil
634 1160 714 1226 dicit
728 1183 829 1248 quere
844 1162 944 1226 assisa
958 1171 1135 1228 remaneat.

405 1268 428 1332 ‚J
429 1275 573 1332 oratores
595 1265 709 1330 dicunt
729 1266 816 1351 quod
835 1265 968 1352 quidem
982 1267 1168 1332 Alexander
1184 1265 1226 1331 do
1241 1264 1449 1331 Ludesdonc'

340 1371 397 1456 qui
417 1371 481 1434 fuit
501 1369 679 1434 uicecomes
700 1368 824 1434 domini
848 1370 950 1455 Regis
972 1370 1014 1434 de
1036 1371 1194 1435 comitatu
1216 1369 1449 1454 Selopesbirie⁸

340 1483 375 1538 et
397 1481 504 1538 custos
524 1471 660 1536 manerii
679 1471 720 1536 do
741 1471 933 1559 Oleuerlegn
947 1472 1033 1558 quod
1048 1482 1099 1538 est
1118 1473 1242 1538 domini
1260 1473 1360 1560 Regis
1384 1475 1448 1539 fuit

341 1601 476 1664 persons
504 1577 648 1642 eiusdem
677 1577 809 1642 ecclesie
839 1577 879 1642 de
913 1577 1105 1664 Olauerlegc
1132 1600 1173 1642 ex
1210 1577 1293 1642 dono
1323 1578 1448 1642 domini

340 1683 440 1769 Regis
469 1691 504 1747 et
533 1682 734 1768 presentauit
763 1681 926 1767 quendem
956 1683 1105 1748 Odonem
1129 1683 1281 1747 clericum
1304 1681 1345 1747 od
1374 1705 1448 1770 pre·

341 1785 461 1851 dictem
476 1785 643 1850 ecclesiam
662 1785 704 1849 de
725 1785 910 1850 Bokintono
929 1793 968 1849 ut
986 1785 1029 1850 od
1051 1786 1208 1871 capellam
1228 1787 1448 1872 pertinentem

341 1889 383 1954 ad
401 1889 566 1955 ecclesiam
586 1911 678 1954 suam
698 1889 738 1954 de
760 1887 952 1975 Cleuerlego
971 1911 1011 1954 err
1031 1897 1124 1975 porte
1143 1889 1269 1954 domini
1289 1889 1397 1977 Regis,
1413 1901 1449 1956 ct

341 1993 423 2057 bene
453 1992 567 2057 dicunt
590 1992 676 2078 quod
705 1991 871 2057 Johonnes
893 1992 947 2056 uel
969 1999 1185 2056 antecessores
1206 1992 1258 2056 sui
1280 2013 1449 2078 nunquam

341 2105 612 2182 presentsuerunt
640 2097 748 2182 ipsum
778 2095 935 2172 Odonom,
957 2105 992 2160 et
1022 2096 1095 2160 ideo
1125 2095 1375 2161 consideratum
1396 2107 1450 2160 est

340 2202 427 2287 quod
449 2202 599 2267 dominus
620 2201 691 2266 Rex
712 2201 916 2286 recuperauit
935 2201 1087 2265 seisinem
1109 2223 1201 2264 suern
1225 2209 1260 2264 et
1281 2201 1450 2266 Johsnnes

340 2305 375 2368 in
397 2305 614 2370 misericordie
634 2314 669 2369 et
692 2305 832 2370 [conius
853 2304 932 2390 quia
951 2304 1087 2368 intrrrsit
1107 2325 1142 2370 se
1172 2313 1284 2370 contra
1306 2313 1365 2370 etc
1389 2327 1451 2392 per

341 2408 487 2474 iudices‘.

405 2512 666 2578 ⁵Bartholomous
694 2513 735 2578 de
766 2512 961 2598 Stinekeyn⁶
986 2513 1072 2598 petit
1104 2535 1217 2578 uersus
1246 2513 1450 2578 Willeimum

341 2616 381 2681 de
402 2617 628 2682 Froncheuille
649 2639 746 2682 unam
769 2625 953 2682 carucatam
975 2625 1060 2682 terre
1083 2638 1158 2682 curn
1180 2618 1390 2703 pertinenciis
1411 2619 1449 2682 in

341 2719 583 2804 Suthpikehnm
608 2727 646 2784 ut
675 2720 726 2784 ius
747 2741 844 2784 suurn
867 2728 929 2784 etc.
952 2727 987 2784 et
1009 2720 1159 2785 otiliam
1183 2721 1220 2785 in
1241 2741 1339 2806 quam
1361 2721 1450 2786 idem

342 2823 525 2888 Willelmus
554 2844 619 2886 non
650 2822 749 2888 hebet
778 2822 959 2908 ingressim
988 2823 1053 2888 nisi
1079 2845 1138 2910 por
1159 2823 1294 2888 Petrum
1316 2825 1451 2890 fratrem

341 2949 437 2992 suum
467 2926 524 3012 qui
552 2926 641 2990 illem
667 2925 698 2990 ei
727 2925 851 2990 dimisit
881 2926 923 2990 sd
952 2926 1129 2990 terminum
1158 2949 1186 2991 v.
1211 2947 1369 2991 annorum
1392 2928 1450 3014 qui

342 3029 489 3115 preteriit
512 3028 640 3114 quondo
661 3028 725 3092 iuit
747 3028 781 3092 in
802 3035 920 3092 terram
940 3035 1086 3092 sanctem
1106 3037 1141 3092 et
1161 3029 1218 3115 qui
1234 3029 1351 3094 Petrus
1366 3031 1451 3096 obiit

342 3133 435 3198 ouius
449 3132 542 3196 heres
556 3132 625 3217 ipse
639 3140 691 3196 est
705 3139 764 3196 etc
941 3180 946 3197 ,

408 3235 452 3300 Et
481 3234 664 3298 Willelmus
693 3233 786 3297 uenit
816 3242 852 3298 et
880 3233 961 3298 dicit
990 3233 1078 3320 quod
1107 3235 1235 3298 nullum
1269 3235 1451 3322 ingressum

342 3338 458 3403 habuit
480 3337 522 3402 sd
543 3337 720 3401 torminum
741 3336 841 3401 immo
863 3336 980 3402 hebuit
1002 3337 1037 3401 in
1062 3336 1155 3402 feodo
1177 3347 1211 3402 et
1233 3338 1308 3402 inde
1328 3339 1452 3424 profert

342 3448 465 3505 certem
488 3439 633 3504 eiusdem
659 3439 817 3503 Willelmi
841 3463 905 3525 que
929 3447 1072 3504 testatur
1100 3439 1186 3526 quod
1215 3439 1303 3505 idern
1333 3441 1451 3506 Petrus

342 3542 434 3607 dedit
452 3550 488 3607 et
504 3541 662 3606 concessit
682 3541 847 3606 willelmo
866 3541 907 3607 de
928 3543 956 3606 F
956 3543 1179 3608 raunchouilla
1201 3551 1306 3608 totam
1328 3553 1450 3608 terram

342 3669 434 3711 suom
462 3645 551 3732 opud
580 3644 820 3730 Suthpikehsm
850 3668 925 3710 cum
955 3645 1105 3710 omnibus
1141 3647 1352 3733 pertinenciis
1387 3658 1449 3715 etc

342 3749 524 3815 hobendnm
554 3755 588 3813 et
617 3749 791 3814 tenendum
822 3749 929 3814 eidem
952 3750 1117 3815 Wiilelmo
1146 3759 1204 3816 etc
1228 3747 1269 3816 de
1295 3749 1451 3838 Philippo

342 3857 439 3920 fratre
468 3854 570 3940 ipsius
598 3853 703 3919 Petri⁷
724 3863 784 3918 etc
809 3854 910 3920 libero
939 3864 1002 3920 etc.
1032 3855 1196 3920 reddendo
1224 3864 1286 3921 etc
1312 3855 1367 3942 iirj.
1392 3855 1450 3929 eoi

342 3959 467 4024 Profert
481 3957 583 4022 eciam
599 3957 674 4023 etc⁸
688 3957 817 4022 Ricordi
833 3958 893 4021 filii
908 3957 1048 4023 Simonis
1073 3959 1219 4044 capitalis
1234 3959 1356 4024 domini
1371 3961 1453 4046 que⁰

342 4105 384 4220 ὢ]
401 4103 672 4218 Omitrddehgoindetnc,
686 4101 721 4217 ξ.
754 4101 868 4216 ᾙοὲῗαρε
919 4105 1046 4216 σαξίἓιυν,
1060 4103 1091 4216 ξ.

372 4181 622 4294 miniani?
646 4181 675 4215 ¹¹²
702 4181 720 4230 y
730 4181 781 4215 ¹³¹⁵
827 4181 848 4216 θ’
951 4182 1124 4297 asir-iios,
1138 4233 1168 4282 B.

373 4299 384 4397 i
397 4295 866 4428 iieffiiuilicffiileririeliipbypennotntor.
950 4297 962 4394 ἔ
977 4299 1184 4422 iiiiiirriifriidibm
1194 4299 1256 4360 mis,
1269 4297 1299 4347 Β·

343 4433 377 4480 Et
397 4431 506 4479 Leonico
529 4430 591 4490 quio
607 4429 712 4476 intrusit
734 4443 758 4476 oe
782 4431 810 4475 ἐπ
830 4443 866 4476 ec·
950 4428 1067 4477 “donum
1079 4430 1144 4477 illuri
1155 4431 1179 4478 ei
1191 4431 1328 4494 confirmat,
1340 4430 1371 4479 Β.

341 4498 442 4545 eteniam
459 4495 530 4543 illam
542 4499 628 4542 corr-tra
641 4494 765 4541 danninum
777 4495 867 4553 Regem
