3212 5230
405 419 562 479 rmsrrs,
585 418 649 468 ao.
675 404 767 480 1230,
789 417 853 466 aa
878 405 926 466 14.
1158 401 1221 470 347

123 591 186 675 leye
212 587 252 652 de
280 587 382 654 libem
409 597 600 656 tenemento
621 611 679 654 suo
701 588 736 654 in
759 587 967 676 Langelegha
987 595 1061 674 post
1082 586 1220 673 primam

125 691 350 760 coronacionem
366 694 471 782 Regis
486 695 530 760 PL
545 695 602 781 qui
616 718 702 760 nunc
722 701 772 759 est
792 693 880 780 apud
895 692 1220 758 Westmonasterium

129 805 180 861 etc
200 805 232 860 et
259 796 421 862 deulfus
451 821 517 862 non
547 797 640 862 uenit
669 797 747 884 quia
776 798 840 862 fuit
868 797 904 862 in
933 796 1069 862 seruicia
1098 793 1223 861 domini

131 900 227 1066 Regldst
240 1001 375 1066 Matillis
390 1010 426 1066 et
441 1002 578 1068 Vlianus
592 1002 633 1067 de
649 1000 880 1089 Oheyndednt'
896 1001 1036 1067 ueniunt
1056 1009 1091 1066 et
1108 1001 1222 1068 dicunt

134 1105 207 1192 quod
226 1107 322 1170 assisa
343 1129 410 1170 non
432 1105 531 1172 debet
552 1105 627 1172 inde
649 1106 729 1183 fieri,
744 1105 822 1192 quia
843 1105 976 1192 quidam
999 1104 1159 1170 Radulfus
1181 1104 1221 1169 de

135 1211 324 1278 Cheindedut
347 1210 441 1274 dedit
466 1219 586 1274 terram
615 1209 704 1274 iilam
734 1209 863 1274 cuidam
892 1208 995 1273 Elicie
1024 1207 1098 1272 anie
1127 1207 1246 1274 istius·

134 1315 229 1378 Vliani
252 1323 286 1379 et
315 1315 446 1379 cuidam
468 1315 585 1379 Vliano
610 1313 697 1399 patri
718 1314 814 1378 istius
829 1313 946 1402 ‘Vliani
968 1320 1002 1377 et
1027 1311 1098 1376 uiro
1128 1310 1223 1375 istius

135 1419 287 1484 Matillidis
301 1420 363 1485 sub
379 1420 438 1484 tali
453 1419 637 1484 condicione
653 1418 739 1504 quod
754 1417 782 1482 si
796 1417 961 1504 predictus
976 1415 1114 1480 Vlianns
1129 1423 1224 1501 pater

136 1523 252 1588 heredes
265 1523 401 1587 haberet
416 1522 457 1587 de
472 1544 570 1586 uxore
585 1521 647 1586 sibi
663 1521 855 1606 desponsata
869 1528 957 1584 terra
971 1519 1028 1583 illa
1041 1525 1224 1583 remaneret

137 1625 227 1690 eidem
240 1625 357 1689 Vliano
372 1633 407 1690 et
421 1625 592 1690 heredibus
607 1625 673 1689 suis
688 1633 722 1688 et
742 1623 770 1688 si
789 1646 854 1687 non
875 1623 1010 1687 haberet
1031 1621 1117 1708 quod
1138 1629 1225 1685 terra

137 1732 183 1796 illa
204 1731 410 1796 descenderet
431 1731 560 1795 cuidam
583 1730 687 1814 Royse
709 1729 776 1792 filie
798 1727 899 1814 ipsius
921 1725 1053 1791 Radulfi
1075 1734 1109 1790 et
1131 1725 1224 1790 uxori

137 1835 222 1921 ipsius
249 1835 398 1900 Simonis.
443 1835 487 1898 Et
516 1835 593 1920 quia
621 1833 708 1899 idem
730 1833 867 1898 Vlianns
889 1830 1023 1896 heredes
1044 1829 1161 1894 habuit
1183 1827 1224 1892 de

138 1961 221 2002 uxore
240 1938 302 2003 sibi
324 1937 525 2022 desponsata,
547 1937 611 2002 scil.
634 1935 674 2001 de
701 1935 847 2022 predicta
868 1932 1039 2011 Matillide,
1062 1931 1147 1997 sicut
1175 1954 1224 1996 re·

139 2041 285 2126 mgnitum
300 2040 365 2105 fuit
379 2041 414 2104 in
429 2041 519 2104 curia
532 2039 654 2104 domini
668 2039 776 2126 Regis,
792 2035 959 2102 descendit
979 2043 1066 2100 terra
1085 2034 1143 2098 illa
1162 2033 1225 2119 ipsi

139 2145 238 2209 Vlisno
264 2145 332 2209 filio
356 2143 526 2208 etheredi
551 2143 652 2229 ipsius
677 2141 787 2206 Vliani
816 2147 890 2227 post
920 2148 1058 2204 mortem
1080 2136 1225 2224 predicte

139 2249 223 2314 Elicie
238 2273 299 2336 que
314 2271 379 2314 non
394 2249 511 2314 habuit
525 2248 601 2313 inde
616 2248 679 2312 nisi
699 2246 887 2324 custodiam,
903 2253 937 2310 et
957 2244 1059 2310 eciam
1080 2242 1226 2330 predicta

138 2351 255 2417 Matillis
274 2352 310 2416 in
325 2352 439 2416 eadem
459 2351 549 2416 curia
568 2351 677 2416 dotem
697 2372 789 2416 suam
804 2350 1009 2436 recuperauit
1024 2371 1136 2413 uersus
1154 2369 1226 2434 pre-

137 2456 240 2521 dictam
255 2457 392 2522 Eliciam
408 2480 471 2544 que
486 2457 629 2544 inposuit
644 2456 840 2522 bastardiam
861 2454 1006 2542 predicto
1020 2453 1137 2518 Vliano
1158 2453 1226 2518 filio

137 2559 229 2624 Vliani
248 2567 421 2646 postquam
439 2559 585 2645 predicte
607 2558 741 2623 Matillis
763 2557 915 2644 probauit
936 2556 971 2620 in
992 2555 1082 2621 curia
1103 2555 1226 2620 cristia-

135 2662 233 2728 nitatis
260 2663 423 2749 sponsalia
451 2686 518 2740 sna,
547 2662 634 2728 unde
660 2661 774 2728 dicunt
803 2661 889 2748 quod
918 2661 1083 2747 predictus
1114 2659 1226 2726 Simon

135 2789 282 2853 nunquam
312 2765 465 2831 seisinam
495 2765 570 2830 inde
600 2765 717 2830 habuit
741 2788 800 2830 nec
829 2765 949 2829 habere
978 2763 1087 2850 potuit
1116 2771 1156 2828 ut
1184 2762 1225 2827 de

135 2871 221 2936 libero
248 2879 446 2946 tenemento,
467 2878 503 2936 et
528 2871 705 2936 ostendunt
727 2878 848 2935 cartam
870 2868 1009 2956 predicti
1031 2867 1161 2933 Radulfi
1184 2867 1225 2934 de

135 2975 304 3038 scffamento
333 2996 398 3060 qne
428 2973 548 3038 donum
577 2981 719 3037 testatur
748 2980 782 3037 et
811 2970 1030 3038 condicionem
1060 2979 1094 3036 et
1123 2971 1225 3036 eciam

136 3085 241 3142 eadam
255 3076 387 3142 Radulfi
402 3075 463 3140 filii
477 3075 528 3140 sui
543 3075 583 3139 de
598 3075 848 3141 confirmacione.

188 3181 229 3244 Et
242 3179 356 3245 Simon
370 3177 451 3243 dicit
466 3177 552 3264 quod
566 3177 683 3242 habuit
697 3175 847 3242 saisinam
868 3176 908 3242 de
929 3177 1042 3242 eadem
1062 3183 1148 3242 terra
1167 3198 1226 3262 per

137 3281 241 3347 donum
267 3282 371 3348 Elicie
400 3291 451 3347 set
480 3281 581 3346 nichil
610 3280 753 3345 ostendit
782 3280 822 3345 de
852 3281 1066 3358 feoffamento,
1088 3287 1122 3344 et
1144 3279 1224 3344 dicit

139 3385 210 3470 qnod
221 3409 276 3473 per
294 3387 417 3452 donum
431 3385 513 3450 illud
527 3385 591 3450 fuit
606 3385 641 3449 in
660 3385 778 3450 seisina
798 3393 832 3449 et
852 3385 938 3471 petit
959 3385 1109 3450 seisinam
1131 3405 1224 3448 suam

139 3495 167 3551 et
179 3488 242 3554 ideo
260 3487 413 3574 procedat
433 3487 532 3552 assisa
551 3495 602 3551 set
623 3485 759 3572 ponitur
778 3485 813 3550 in
834 3495 1017 3572 respectum
1039 3507 1141 3571 usque
1163 3491 1224 3551 etc.

140 3609 186 3671 pro
198 3589 319 3654 defectu
334 3587 570 3675 recognitorum
585 3587 663 3674 quia
677 3593 807 3651 tantum
827 3595 894 3650 tres
913 3594 1082 3663 uenerunt,
1098 3595 1132 3651 et
1152 3585 1225 3651 ideo

141 3691 297 3759 uioecomes
317 3693 439 3758 habeat
461 3713 591 3778 corpora
611 3691 749 3756 aliorum
771 3699 805 3755 et
827 3699 969 3776 apponat
991 3697 1041 3755 tot
1072 3697 1130 3755 etc.
1154 3711 1225 3775 pre·

143 3803 254 3881 ceptum
268 3805 316 3862 est
329 3795 522 3862 uicecomiti

151 3999 257 4118 &article
271 4003 298 4053 ot
312 4002 364 4054 this
380 4004 478 4054 matter
493 4001 589 4064 belom
608 4016 648 4052 soe
701 4070 711 4116 t
730 3999 742 4116 ἰ
758 4001 789 4050 de
807 4001 979 4066 cheyndedut,
993 3998 1079 4049 interl.
1095 3997 1129 4062 by
1145 4013 1226 4049 anno·

254 4103 261 4118 .
712 4079 779 4118 sor.

1236 1001 1258 1040 si
1266 1000 1320 1040 Rad'
1328 1000 1354 1039 de

1237 1047 1366 1087 chetndadut

1236 1097 1257 1134 et
1265 1095 1375 1156 Maffll'ds

1236 1143 1380 1274 igfffli‘
