3276 5234
377 425 440 493 256
610 441 843 505 ursmarum,
866 441 930 494 ηη.
955 427 1048 506 1220,
1070 443 1133 493 sn
1157 427 1249 493 4-5.

376 611 530 678 nesciunt.
577 615 621 678 Et
657 613 857 702 Reginaldus
891 613 1037 700 quesitus
1074 637 1132 700 per
1168 637 1264 701 quem
1301 615 1489 702 ingressum

375 715 499 794 habuit,
514 715 594 782 dicit
609 717 693 803 quod
715 740 773 805 per
790 717 883 783 Doni
900 718 1035 805 Regem,
1049 717 1172 783 seilicet
1191 741 1250 804 per
1263 717 1490 805 Reginaldum

375 827 454 886 tune
475 822 634 887 balliuum
658 845 761 890 suum
808 823 867 889 Set
889 823 967 910 quia
988 823 1145 888 iuratores
1167 823 1281 888 dieunt
1301 821 1387 909 quod
1408 843 1489 886 nes-

374 923 466 990 ciunt
494 925 522 990 si
551 925 633 993 obiit
661 927 737 993 inde
767 927 905 1006 saisitus,
934 927 1064 994 reoedat
1093 927 1293 1015 Reginaldus
1321 927 1390 992 sine
1420 926 1489 991 die.

318 1077 325 1096 .
374 1027 567 1095 Concordati
596 1031 755 1108 sentite
784 1030 870 1118 quod
898 1030 1100 1119 Reginaldus
1128 1030 1270 1097 reddidit
1301 1029 1333 1096 ei
1361 1039 1487 1095 terram

373 1130 463 1196 illam
478 1133 652 1198 tenendam
667 1133 708 1198 de
723 1139 762 1199 e'o
775 1157 834 1220 pro
848 1134 975 1200 duabus
990 1134 1113 1200 marcis.

317 1279 325 1294 .
439 1233 623 1300 ¹J0hannes
652 1235 739 1301 filius
768 1237 920 1301 Rollondi
949 1258 1007 1323 per
1036 1244 1239 1302 attor-natum
1268 1259 1363 1302 suum
1393 1236 1487 1324 petit

278 1337 304 1366 ¹¹⁰
374 1361 486 1404 uersus
509 1340 691 1406 Walterum
717 1341 758 1406 de
780 1341 951 1407 Dunitona
971 1341 1046 1407 dim.
1069 1341 1151 1428 uirg
1173 1350 1257 1407 terre
1280 1365 1354 1406 eum
1380 1339 1485 1428 perti-

373 1443 495 1508 nenciis
510 1443 545 1508 in
560 1443 747 1510 Chamfunt'
759 1453 798 1510 ut
812 1445 864 1511 ius
878 1469 983 1524 suum,
995 1455 1030 1512 et
1044 1455 1083 1514 ut
1097 1445 1187 1512 illam
1202 1446 1290 1516 uude
1301 1445 1486 1512 Rollondus

373 1556 468 1633 pater
486 1571 564 1613 suus
581 1549 645 1613 fuit
667 1549 797 1615 saisitus
819 1557 964 1637 tempore
988 1551 1030 1617 H.
1047 1549 1147 1638 Regis
1168 1558 1228 1616 etc.
1274 1549 1381 1615 Item'
1402 1549 1485 1614 Rol-

375 1649 490 1716 landus
504 1651 634 1738 quando
648 1652 711 1718 tou
724 1652 761 1718 in
770 1654 1031 1740 pereysiuuot'mw
1045 1675 1105 1718 sua
1117 1651 1209 1718 dedit
1220 1651 1326 1718 eidem
1337 1653 1360 1718 J
1360 1653 1487 1719 ohanni

373 1762 491 1820 terram
512 1755 610 1836 illam,
626 1764 660 1820 et
675 1756 752 1843 quia
774 1756 860 1822 idem
882 1758 1049 1823 Johannes
1071 1765 1151 1823 tune
1165 1757 1229 1822 fuit
1251 1757 1335 1822 infra
1356 1766 1484 1823 etatem

371 1859 532 1924 commisit
552 1883 628 1926 eum
648 1883 723 1926 oum
745 1869 832 1926 terra
853 1861 911 1927 illa
924 1861 1069 1927 Johanni
1089 1861 1175 1948 patri
1189 1860 1327 1949 predicti
1341 1861 1485 1928 Walteri

370 1961 405 2028 in
427 1963 581 2042 custodia,
604 1965 652 2030 ita
676 1964 762 2052 quod
788 1965 875 2030 idem
902 1965 1067 2031 Walterus
1090 1988 1155 2030 non
1180 1966 1280 2031 habet
1303 1965 1403 2031 alium
1431 1965 1483 2030 in-

369 2091 514 2155 gressum
539 2069 574 2134 in
600 2069 831 2136 terramillam
854 2069 917 2136 nisi
941 2092 999 2156 per
1023 2070 1210 2144 Johannem
1233 2077 1359 2157 patrem
1381 2092 1481 2134 suum

370 2171 427 2258 qui
441 2172 516 2238 inde
531 2173 648 2239 habuit
662 2196 726 2239 non
741 2173 804 2239 nisi
823 2174 1013 2253 custodiam,
1027 2183 1063 2240 et
1078 2175 1138 2240 hoe
1153 2175 1246 2240 offert
1266 2173 1483 2240 disrationare

369 2275 454 2342 sieut
469 2277 558 2342 ouria
572 2277 832 2344 considerauerit.
1223 2336 1226 2342 .

436 2383 480 2447 Et
502 2382 667 2447 Walterus
689 2382 783 2448 uenit
805 2391 840 2447 et
862 2381 1009 2448 defendit
1032 2383 1084 2448 ius
1106 2405 1202 2448 suum
1227 2391 1262 2448 et
1287 2383 1367 2448 dicit
1392 2382 1481 2469 quod

370 2484 503 2550 uidetur
528 2485 559 2551 ei
582 2485 669 2572 quod
692 2509 758 2551 non
781 2485 880 2551 debet
904 2486 935 2550 ei
961 2485 1037 2551 inde
1063 2486 1263 2573 respondere,
1288 2487 1366 2574 quia
1389 2487 1480 2552 idem

370 2588 536 2654 Johannes
553 2589 633 2655 alias
652 2589 860 2677 inplaoitauit
878 2612 954 2655 eum
972 2612 1030 2676 per
1044 2590 1144 2656 breue
1159 2591 1200 2656 de
1222 2599 1310 2656 recto
1331 2591 1366 2655 iu
1388 2592 1481 2656 ouria

370 2691 464 2756 Dom.
494 2692 651 2759 Willelmi
681 2693 722 2758 de
752 2693 930 2758 Albaniaoo
959 2701 994 2758 et
1023 2693 1058 2758 in
1088 2701 1219 2758 tantum
1248 2695 1402 2780 processit
1433 2693 1480 2758 ibi

371 2793 499 2880 loquela
520 2795 605 2880 quod
628 2795 714 2861 idem
731 2795 896 2862 Walterus
917 2797 1027 2884 posuit
1048 2819 1083 2862 se
1103 2797 1138 2862 in
1158 2819 1310 2885 magnam
1333 2797 1477 2863 assisiam

370 2899 463 2964 Dom.
491 2899 591 2987 Regis
620 2901 668 2966 ita
691 2900 778 2988 quod
807 2909 947 2988 quatuor
976 2901 1097 2966 milites
1126 2901 1316 2966 summoniti
1345 2903 1479 2968 fuerunt

369 3005 410 3070 ad
433 3005 620 3093 eligendum
643 3006 695 3091 xij.
712 3007 747 3071 in
768 3005 949 3072 aduentum
971 3006 1222 3072 iusticiariorum
1245 3007 1336 3072 etin
1359 3007 1478 3073 ultimo

369 3109 486 3174 itinere
515 3109 764 3176 iusticiariorum
795 3112 917 3177 scilieet
948 3111 980 3178 S.
1010 3112 1051 3178 de
1082 3113 1225 3200 Segraue
1255 3121 1290 3177 et
1319 3112 1477 3178 sociorum

370 3214 441 3280 eius
465 3223 628 3280 uenerunt
650 3215 713 3302 ipsi
735 3223 769 3280 et
792 3224 932 3302 quatuor
956 3217 1079 3282 milites
1102 3226 1137 3282 et
1162 3217 1332 3304 elegerunt
1357 3217 1420 3304 xij„
1445 3226 1479 3282 et

370 3316 423 3401 xij.
436 3316 556 3382 milites
571 3318 760 3383 summoniti
775 3319 909 3384 fuerunt
924 3317 1010 3406 quod
1025 3327 1133 3384 essent
1147 3327 1230 3404 aput
1243 3319 1477 3397 Bedefordiam‚

370 3428 404 3485 et
430 3427 509 3485 tune
533 3421 610 3486 feeit
633 3421 720 3486 idem
743 3423 911 3488 Johannes
940 3421 1104 3501 defaltam,
1127 3445 1186 3509 per
1215 3423 1301 3510 quod
1327 3423 1374 3489 ibi
1402 3447 1476 3490 oon-

370 3523 546 3588 sideratum
562 3524 625 3588 fuit
640 3523 726 3611 quod
740 3525 828 3590 idem
843 3525 1009 3590 Walterus
1023 3525 1086 3590 iret
1100 3525 1175 3591 inde
1191 3526 1260 3592 sine
1275 3527 1328 3593 die
1348 3535 1383 3592 et
1400 3527 1475 3593 inde

209 3645 329 3697 nouenos
340 3649 358 3689 u
370 3627 462 3714 ponit
476 3650 510 3692 se
525 3649 622 3714 super
636 3629 803 3694 reeordum
818 3628 1068 3695 iusticiariorum
1083 3637 1142 3694 ete

207 3695 350 3838 &iffi-2:2⁰
436 3731 479 3794 Et
493 3731 659 3797 Johannes
673 3731 753 3797 dicit
769 3733 853 3819 quod
870 3755 984 3798 reuera
998 3733 1077 3798 alias
1095 3733 1302 3820 inplacitauit
1323 3759 1398 3801 eum
1418 3759 1475 3823 per

207 3940 329 4024 posuerliin
404 3956 461 4005 lh.
473 3971 509 4005 m.
521 3957 565 4015 20;
582 3955 614 4004 B.
626 3971 662 4006 m.
676 3955 701 4006 t.
949 3956 1357 4033 sftsrtheeleotionolthelour
1368 3955 1474 4033 knights

208 4023 360 4109 miii
404 4021 631 4135 iiiim'i’B'ua
652 4085 684 4135 ss
729 4085 748 4135 h
880 4085 898 4138 s
949 4021 1475 4138 ii⁰⁰iiiph¹ii⁰⁸⁸i³id⁸miii⁸iimii

208 4080 352 4202 talita
372 4099 897 4212 wuithiiidiiieufudiniieiiiiiu
949 4103 1110 4214 quistis.
1143 4103 1412 4203 alluentium
1432 4152 1474 4202 ue

208 4209 354 4305 ffifflm
373 4217 425 4267 anu
441 4215 491 4266 has
508 4217 522 4265 1
541 4215 618 4264 think
634 4217 698 4266 bean
713 4217 898 4280 massonus
949 4217 1103 4268 lutuosas
1120 4218 1154 4282 sy
1170 4219 1252 4281 sung
1268 4218 1313 4268 ue
1328 4219 1436 4268 auson
1448 4217 1476 4267 or

209 4303 350 4344 smmum„
373 4281 534 4332 obliterated.
567 4281 681 4330 Braoton
692 4281 757 4332 eites
768 4281 821 4331 this
830 4297 895 4344 ease,
949 4283 994 4333 the
1012 4283 1101 4334 twelvo
1117 4283 1275 4347 reeognitors
1297 4299 1327 4334 as
1348 4283 1394 4333 the
1412 4282 1474 4333 salal

210 4350 348 4392 sunnoneu·
373 4349 391 4397 f.
404 4348 460 4398 367.
494 4345 716 4396 Therehadbeen
734 4347 899 4398 adillerenae
949 4352 1074 4399 moment.
1109 4349 1181 4398 Thus
1198 4349 1232 4398 he
1254 4349 1316 4399 does
1337 4353 1384 4399 not
1406 4348 1475 4410 quite

208 4397 347 4491 ffiffiffffi
373 4413 402 4462 ol
410 4410 518 4476 opinion
529 4415 597 4462 inter
607 4419 700 4463 veteres
712 4427 740 4462 ss
748 4415 775 4463 to
784 4412 899 4463 whether
949 4428 1023 4476 agree
1034 4413 1097 4464 with
1113 4413 1167 4464 this
1185 4417 1246 4465 note
1262 4415 1309 4465 but
1325 4414 1417 4478 adopts
1431 4413 1473 4464 the

208 4489 388 4533 dumsuorunua
410 4477 510 4528 delault
531 4476 606 4528 made
627 4477 655 4528 in
677 4477 769 4530 aurit
785 4479 813 4528 oi
828 4477 898 4542 right
949 4479 1073 4530 desision.
