3260 5218
479 493 629 552 rmmrr,
653 491 717 540 tn.
743 479 835 554 1218,
859 491 921 540 aa.
947 479 973 538 2.
1261 473 1281 543 7

169 659 333 725 Comitem
364 660 501 725 Essexie
530 659 741 724 medietatem
777 661 913 725 manerii
950 661 989 725 de
1027 662 1171 726 Plosseto
1207 685 1280 726 cnm
1295 678 1376 764 ffi„

169 763 382 848 pertinenciis
401 763 438 826 in
461 763 627 828 Comitatu
650 764 781 828 Essexie
802 772 836 828 et
856 764 1067 829 medietatem
1087 765 1223 830 manerii
1241 763 1281 830 de
1295 753 1381 856 gffic'

170 865 320 930 Enefend
350 888 426 930 cum
456 867 665 951 pertinenciis
695 866 728 930 in
760 867 973 931 Middlesexia
1007 875 1041 932 et
1070 869 1280 932 medietatem
1294 847 1368 951 m?

169 972 308 1036 manerii
335 973 376 1036 de
404 973 591 1057 Oumptona
620 995 694 1035 oum
724 971 932 1056 pertinenciis
961 971 996 1034 in
1026 971 1218 1036 Warrewieo
1248 981 1283 1036 et

168 1077 385 1142 medietatem
401 1077 538 1142 manerii
556 1078 595 1141 de
618 1077 739 1142 Stratle
760 1099 834 1140 cum
855 1075 1062 1162 pertinenciis
1082 1077 1116 1140 in
1138 1077 1283 1140 Bercsira

169 1189 203 1244 et
225 1181 442 1245 medietatem
464 1180 680 1244 maneriorum
702 1179 741 1243 de
765 1179 981 1258 Querendona
995 1187 1029 1242 et
1044 1179 1083 1242 de
1105 1179 1281 1265 Agmodes·

169 1283 249 1347 ham
265 1307 341 1348 cnm
360 1284 569 1369 pertinenciis
584 1283 618 1346 in
634 1282 842 1368 Bukingham
858 1304 937 1366 quas
952 1282 1023 1366 ipsa
1037 1282 1155 1346 clamat
1170 1305 1282 1348 uersus

168 1409 249 1450 eum
270 1397 309 1452 ut
330 1388 382 1452 ius
403 1398 437 1452 et
457 1389 672 1452 hereditatem
694 1410 786 1450 suam
807 1395 842 1451 et
857 1395 895 1450 ut
910 1386 981 1450 illas
997 1388 1082 1450 unde
1099 1387 1282 1452 Willelmus

168 1492 208 1554 de
242 1493 308 1576 Say
338 1500 432 1576 pater
456 1491 558 1577 ipsius
588 1489 758 1555 Matillidis
786 1499 821 1554 et
851 1490 1010 1554 Beatrieie
1040 1491 1153 1554 matris
1181 1491 1282 1575 ipsius

169 1595 324 1660 Gaufridi
347 1597 410 1660 fuit
432 1596 560 1660 seisitus
581 1596 616 1659 in
639 1595 798 1660 dominico
820 1594 891 1659 suo¹
914 1603 952 1658 ut
975 1595 1015 1658 de
1038 1595 1130 1658 feodo
1154 1603 1188 1659 et
1211 1595 1281 1660 iure

170 1709 321 1785 tempore
348 1701 390 1764 H
417 1701 516 1786 Regis
540 1700 639 1785 patris
669 1707 728 1764 etc.
756 1707 790 1763 et
820 1699 860 1762 de
890 1698 945 1761 illo
974 1697 1139 1762 Willelmo
1167 1699 1282 1764 debuit

168 1805 368 1870 descendere
384 1813 471 1868 terra
485 1805 541 1868 illa
555 1803 633 1890 ipsis
648 1803 802 1867 Matillidi
823 1812 857 1867 et
873 1802 1031 1867 Beatricie
1052 1811 1090 1866 ut
1105 1803 1232 1868 filiabus
1247 1813 1282 1868 et

169 1907 349 1972 heredibus
364 1907 465 1994 ipsius
481 1907 637 1972 Willelmi
656 1907 742 1971 unde
758 1907 837 1972 dicit
858 1907 928 1992 ipsa
947 1907 1083 1971 Matitlis
1105 1909 1190 1993 quod
1213 1909 1283 1994 ipsa

170 2011 289 2075 debuit
305 2011 425 2075 habere
440 2011 649 2076 medietatem
665 2011 768 2074 tocius
784 2019 868 2074 terre
880 2010 1024 2094 predicte
1036 2019 1074 2074 ut
1085 2011 1120 2074 in
1131 2021 1281 2098 proparte

170 2137 318 2178 sororum
339 2123 374 2178 et
394 2115 467 2178 ideo
487 2115 572 2200 petit
591 2115 662 2199 ipsa
681 2115 843 2199 predictas
858 2115 1051 2179 medietates
1066 2117 1281 2180 maneriorum

171 2218 303 2282 illorum
319 2226 355 2282 et
369 2218 456 2302 quod
470 2226 563 2303 pater
578 2239 689 2281 earnm
705 2217 767 2281 fnit
782 2217 830 2281 ita
849 2217 979 2282 seisitus
999 2218 1083 2282 sicut
1101 2220 1281 2303 predictum

172 2329 223 2384 est
252 2329 287 2384 et
316 2320 403 2404 quod
426 2327 513 2382 terra
536 2319 592 2383 illa
615 2319 645 2382 ei
670 2318 718 2382 ita
742 2319 840 2382 debet
864 2318 1056 2382 descendere
1081 2321 1176 2383 offert
1199 2320 1283 2384 dira-

172 2423 301 2488 cionare
317 2431 414 2508 prout
429 2422 518 2486 curia
532 2421 790 2486 considerauerit.

240 2527 285 2589 Et
301 2527 418 2591 Comes
433 2525 526 2589 uenit
546 2533 580 2589 et
600 2525 746 2590 defendit
765 2525 817 2589 ius
836 2549 932 2590 suum
952 2534 986 2590 et
1007 2527 1093 2612 petit
1113 2528 1221 2592 uisum
1242 2528 1282 2593 de

172 2629 326 2694 omnibus
354 2629 508 2714 predictis
537 2629 688 2694 maneriis
717 2637 826 2715 preter
855 2653 952 2715 quam
982 2631 1021 2695 de
1056 2632 1208 2696 maneriis
1242 2631 1282 2696 de

172 2733 417 2818 Agmodesham
444 2741 478 2796 et
501 2733 540 2796 de
565 2732 781 2812 Querendona
803 2733 843 2797 de
870 2734 987 2818 quibus
1009 2735 1088 2799 dicit
1111 2736 1196 2821 quod
1218 2758 1282 2799 non

172 2835 273 2899 debet
289 2835 332 2898 ad
346 2834 428 2899 illud
441 2835 541 2899 breue
561 2835 753 2920 respondere
774 2835 851 2920 quia
872 2836 943 2922 ipsa
964 2837 1049 2922 petit
1071 2838 1281 2902 medietatem

172 2940 313 3004 manerii
327 2940 368 3004 de
383 2940 622 3026 Agmodesham
644 2963 718 3004 eum
737 2940 946 3025 pertinenciis
966 2949 1000 3004 et
1019 2941 1087 3026 ipse
1106 2964 1170 3006 non
1191 2951 1282 3007 tenet

173 3044 358 3108 manerium
388 3044 469 3108 illud
500 3045 634 3130 integre,
664 3044 763 3108 immo
801 3045 959 3109 Radulfus
996 3046 1036 3110 de
1067 3045 1213 3110 Wedona
1248 3056 1282 3111 et

173 3149 317 3213 Thomas
339 3147 380 3212 de
403 3149 500 3234 Hogh
524 3157 639 3213 tenent
661 3149 737 3213 inde
759 3149 933 3234 quamdam
956 3159 1082 3235 partem
1103 3151 1143 3215 de
1164 3152 1283 3217 honore

173 3251 404 3316 Bercamstcde
434 3251 520 3316 unde
548 3251 617 3339 ipse
647 3251 747 3316 nichil
780 3252 880 3317 habet
916 3253 951 3316 in
987 3253 1122 3318 seruicio
1159 3256 1212 3319 uel
1248 3255 1281 3319 in

173 3353 346 3428 dominice,
364 3362 398 3418 et
418 3353 543 3418 desiont
562 3354 633 3439 ipsa
654 3354 772 3417 clamat
793 3353 1004 3418 medietatem
1025 3355 1127 3420 tocius
1147 3356 1283 3420 manerii

173 3481 249 3522 cum
277 3457 486 3542 pertinenciis
506 3455 511 3538 Ι
529 3465 564 3521 et
589 3457 658 3542 ipse
681 3479 745 3520 non
768 3465 860 3520 tenet
884 3465 990 3520 totum
1014 3458 1194 3522 manerium
1218 3482 1283 3523 non

173 3562 248 3625 uult
264 3561 307 3624 ad
322 3561 382 3624 hoc
396 3560 495 3624 breue
511 3561 700 3645 respondere
717 3561 780 3624 nisi
795 3561 884 3624 curia
898 3561 1158 3626 considerauerit.

240 3666 286 3729 Et
310 3664 446 3728 Matillis
469 3664 548 3728 dicit
575 3665 661 3750 quod
682 3665 815 3729 uidetur
836 3665 867 3729 ei
889 3666 975 3750 quod
997 3689 1060 3729 non
1083 3666 1181 3730 debet
1207 3667 1282 3731 inde

174 3769 283 3832 uisum
314 3767 432 3831 habere
459 3767 535 3852 quia
560 3767 631 3852 ipsa
655 3769 758 3831 nescit
784 3790 882 3852 quam
908 3768 1119 3833 medietatem
1141 3769 1226 3854 petit
1248 3780 1283 3835 et

174 3881 324 3957 preterea
349 3871 420 3955 ipsa
445 3871 564 3935 clamat
589 3871 800 3936 medietatem
831 3881 869 3935 ut
898 3872 1126 3937 rationabilem
1155 3882 1281 3958 partem

174 3997 266 4039 suam
296 3983 331 4040 et
361 3975 422 4038 hae
451 3974 576 4038 racione
606 3975 739 4038 uidetur
767 3975 798 4039 ei
828 3976 913 4061 quod
948 3999 1011 4040 non
1044 3977 1142 4041 debet
1174 3979 1281 4042 uisum

176 4077 303 4143 babere.

238 4183 289 4246 De
313 4181 459 4246 manerio
481 4181 521 4245 de
544 4181 783 4268 Agmodesham
807 4182 886 4246 dicit
909 4183 995 4268 quod
1017 4191 1102 4248 terre
1125 4184 1179 4249 ille
1203 4209 1282 4271 quas

176 4285 333 4351 Radnlsos
348 4295 383 4351 et
398 4285 455 4350 alii
471 4295 585 4350 tenent
600 4309 664 4350 non
679 4295 756 4351 sunt
772 4286 811 4351 de
828 4287 970 4352 manerio
986 4288 1026 4352 de
1041 4289 1281 4376 Agmodesham

327 4499 337 4533 ¹
357 4502 385 4550 tn
403 4501 526 4552 dominico
547 4517 590 4550 ruo
606 4501 751 4565 interlined,
772 4500 882 4564 perhaps
894 4501 927 4564 by
939 4501 983 4550 the
995 4503 1143 4550 annotator.
