3314 5238
487 477 636 538 nurumr,
658 477 722 528 an.
747 463 841 537 1231,
862 475 924 524 nu
949 462 998 523 15.
1230 460 1294 524 443

187 653 446 740 recognicionem
461 653 539 730 fieri,
555 661 667 717 utrum
682 651 751 738 ipse
767 651 872 716 maius
886 651 938 715 ius
957 650 1077 715 habeat
1096 649 1132 714 in
1151 647 1297 736 predicte

188 755 404 822 aduocacione
420 779 462 820 an
476 755 564 820 idem
579 755 745 820 Walterus
760 762 794 818 et
809 754 975 819 Celestria

60 873 73 888 '
125 917 133 933 .
255 863 362 928 ¹Prior
377 862 418 927 de
433 861 672 926 Berencestria'
685 859 884 924 attachiatus
899 859 963 924 fuit
976 857 1019 924 ad
1037 855 1297 944 respondendum
1357 871 1423 910 0¹02

189 967 318 1054 Rogeno
333 967 430 1054 Tyrel
445 989 543 1052 quare
558 973 650 1030 tenet
664 964 821 1050 placitum
832 964 868 1028 in
877 963 968 1029 curia
978 962 1202 1028 cristianitatis
1212 962 1299 1026 inter

190 1071 387 1158 Magistrum
409 1071 593 1136 Johannem
615 1069 656 1134 de
679 1069 890 1134 Hielresordia
912 1076 946 1132 et
971 1067 1111 1132 eundem
1135 1067 1298 1154 Rogcmm

189 1174 232 1238 de
256 1173 382 1238 catallis
406 1195 468 1259 que
491 1195 557 1238 non
580 1179 658 1237 sunt
683 1179 742 1237 etc
763 1179 876 1236 contra
897 1169 1150 1256 prohibicionem
1173 1179 1242 1247 etc,
1264 1178 1299 1233 et

190 1276 279 1340 unde
301 1275 388 1340 idem
411 1276 557 1362 Rogems
576 1272 740 1360 queritur⁸
753 1281 846 1337 tenet
864 1273 1022 1358 placitum
1045 1272 1085 1337 de
1105 1297 1134 1338 rc
1151 1295 1244 1338 marc.
1264 1279 1299 1336 et

191 1401 258 1444 uno
273 1377 458 1464 esperuero⁴
469 1399 540 1442 soro
555 1399 618 1463 que
633 1375 720 1440 idem
736 1376 893 1462 Magister
907 1377 929 1440 J
930 1375 1072 1441 ohannes
1087 1376 1172 1463 petit
1186 1397 1299 1441 uersus

191 1504 277 1558 eum,
292 1481 380 1546 unde
394 1480 608 1546 deterioratus
624 1487 674 1543 est
694 1487 763 1555 etc,
779 1487 813 1542 et
828 1477 903 1542 inde
919 1478 1068 1564 producit
1082 1487 1211 1544 sectam

258 1585 304 1649 Et
317 1585 410 1648 Prior
423 1583 516 1648 uenit
530 1591 565 1646 et
579 1581 726 1646 defendit
746 1589 858 1645 contra
877 1581 984 1667 ipsum
1008 1590 1042 1645 et
1062 1589 1184 1646 sectam
1205 1605 1297 1647 suam

192 1688 280 1774 quod
294 1710 462 1774 nunquam
478 1695 551 1773 post
565 1685 818 1772 prohibicionem
839 1686 976 1750 iniuste⁸
994 1686 1102 1750 tenuit
1120 1686 1276 1772 placitum
1293 1684 1298 1774 Ι

193 1803 244 1859 set
261 1817 377 1858 uerum
398 1793 455 1857 wlt
474 1792 587 1856 dicere.
633 1791 802 1856 Predietus
824 1791 982 1877 Magister
1003 1790 1169 1856 Johannes
1184 1790 1300 1856 habuit

195 1898 358 1985 quandam
373 1905 505 1983 neptem
521 1895 713 1960 Katerinam
729 1893 859 1958 nomine
875 1903 909 1958 et
924 1894 1030 1958 uoluit
1052 1917 1124 1959 eam
1145 1894 1299 1960 maritare

194 1999 323 2064 cuidam
344 1999 508 2063 Willelmo
530 1997 598 2062 filio
621 1997 828 2083 Engelranni,
851 2005 886 2061 et
905 1996 940 2060 in
963 2003 1094 2060 tantum
1117 2019 1300 2083 processum

195 2105 258 2169 ruit
273 2103 376 2191 quod⁸
390 2104 426 2168 in
440 2102 572 2188 negocio
587 2103 644 2166 illo
658 2101 739 2165 fides
754 2101 832 2164 data
846 2101 910 2165 fuit
921 2100 1007 2186 quod
1018 2099 1105 2164 idem
1118 2101 1301 2166 Willelmus

195 2232 266 2274 eam
293 2209 427 2273 duceret
451 2206 487 2270 in
510 2228 653 2283 uxorem,
676 2213 711 2269 et
739 2227 889 2290 processu
918 2203 1073 2290 temporis
1098 2205 1191 2269 uenit
1212 2205 1299 2269 idem

195 2312 378 2376 Willelmus
404 2318 438 2374 et
460 2309 495 2372 in
517 2315 647 2372 tantum
670 2307 799 2371 locutus
820 2307 884 2371 fuit
906 2329 980 2371 cum
1004 2309 1148 2394 predicto
1174 2309 1300 2397 Rogero

195 2415 290 2502 Tyrel
306 2423 380 2501 post
395 2413 493 2478 fidem
508 2412 619 2477 datam
634 2412 721 2475 inter
735 2411 843 2497 ipsum
858 2419 892 2474 et
912 2411 1091 2497 predictam
1107 2413 1299 2478 Katerinam

195 2518 281 2606 quod
295 2519 383 2582 filius
398 2517 499 2603 ipsius
511 2515 630 2602 Rogeri
645 2514 794 2580 duceret'
809 2515 844 2579 in
864 2537 998 2580 uxorem
1018 2516 1053 2580 in
1071 2517 1151 2582 facie
1167 2518 1298 2582 ecclesie

193 2620 436 2706 sollempnitate
464 2617 614 2684 adhibita
642 2625 677 2683 et
713 2625 827 2703 postea
862 2617 1035 2683 subsecuta
1071 2619 1135 2684 fuit
1163 2621 1299 2685 carnalia

194 2724 382 2790 commixtio
396 2724 445 2788 ita
465 2723 550 2810 quod
571 2721 814 2786 matrimonium
837 2721 919 2786 illud
941 2721 1074 2786 dissolui
1096 2746 1160 2788 non
1182 2725 1299 2810 potuit,

193 2838 327 2916 propter
355 2827 442 2915 quod
470 2827 557 2892 idem
587 2827 745 2914 Magister
770 2827 937 2890 Johannes
960 2825 1166 2912 inplacitauit
1191 2828 1299 2914 ipsum

195 2935 439 3021 Engelrannum
468 2939 594 3018 patrem
624 2931 726 3017 ipsius
750 2931 907 2994 Willelmi
936 2930 1028 2996 cuius
1057 2931 1188 2995 consilio
1211 2931 1299 2996 idem

193 3038 379 3102 Willelmus
394 3037 511 3100 ductus
526 3035 590 3100 fuit
604 3035 653 3100 ita
672 3035 757 3120 quod
773 3034 938 3120 predictus
952 3033 1098 3121 Rogerus
1113 3034 1250 3099 intrauit
1265 3035 1300 3099 in

191 3141 413 3208 defensionem
429 3161 487 3226 pro
502 3138 615 3203 eodem
632 3138 836 3224 Engelranno
851 3147 886 3202 et
900 3161 958 3224 pro
973 3138 1136 3202 Willelmo
1151 3137 1218 3202 filio
1232 3161 1299 3216 auc,

193 3257 228 3311 et
250 3246 285 3310 in
308 3253 439 3309 tantum
461 3265 644 3329 processum
667 3243 731 3306 fnit
752 3242 839 3306 inter
861 3265 915 3306 eos
937 3241 1022 3328 quod
1044 3241 1107 3327 ipsi
1135 3241 1222 3305 inter
1247 3263 1301 3306 eos

193 3350 294 3413 talem
324 3348 471 3412 fecerunt
506 3343 773 3431 composicionem
810 3344 896 3430 quod
932 3344 996 3429 ipsi
1032 3343 1108 3408 dare
1145 3343 1301 3409 deberent

192 3452 339 3539 predicto
368 3450 526 3536 Magistro
555 3449 700 3514 Johanni
729 3473 758 3514 x.
785 3471 881 3514 marc.
908 3457 942 3513 et
966 3471 1069 3513 unum
1093 3471 1300 3534 esperuerum

192 3566 232 3622 ut
247 3555 335 3621 idem
351 3555 508 3640 Magister
519 3553 542 3618 J
543 3554 685 3618 ohannes
700 3553 793 3618 alite
808 3552 988 3618 discederet
1003 3561 1037 3617 et
1052 3551 1139 3617 idem
1155 3553 1301 3640 Rogerus

192 3670 374 3749 spontanea
396 3660 567 3724 uoluntate
589 3681 647 3745 pro
669 3657 823 3744 predictis
845 3657 1049 3743 Engelranno
1078 3663 1113 3721 et
1137 3657 1301 3722 Willelmo

193 3765 366 3832 constituit
394 3787 428 3830 se
458 3765 641 3829 soluturum
666 3761 827 3849 predictos
853 3761 1000 3826 denarios
1030 3769 1064 3826 et
1093 3783 1300 3847 esperuerum

193 3873 301 3938 eidem
317 3871 474 3958 Magistro
496 3870 519 3935 J
520 3868 648 3946 ohanni,
663 3875 697 3932 et
716 3865 922 3932 renunciauit
942 3865 1031 3930 omni
1049 3865 1221 3953 priuilegio
1241 3867 1301 3931 fori

194 3973 374 4038 secundum
401 3971 487 4058 quod
512 3971 600 4035 acta⁸
623 3977 874 4054 testanturque
900 3967 934 4031 in
960 3967 1063 4032 banco
1086 3969 1302 4054 proferuntur,

195 4089 230 4145 et
251 4079 339 4144 unde
361 4078 442 4144 dicit
464 4077 550 4164 quod
571 4099 636 4142 non
658 4075 778 4140 iniuste
801 4073 910 4138 tenuit
932 4073 1089 4159 placitum
1119 4073 1202 4139 illud
1225 4097 1299 4139 cum

196 4185 277 4250 illud
291 4183 478 4270 dependens
489 4182 532 4247 sit
547 4203 567 4246 a
581 4202 678 4246 causa
692 4177 930 4244 matrimoniali.

229 4323 239 4355 ¹
255 4321 285 4370 B.
297 4336 333 4372 m.
345 4321 358 4368 1
368 4319 394 4370 d.
807 4315 818 4346 ¹
835 4316 893 4366 Om.
905 4317 1007 4374 intorte,
1018 4315 1048 4366 B.

228 4383 479 4448 ’BioesterPriory‚
493 4381 667 4434 Oxtordshire.
807 4379 1050 4444 'Plaeethiaquod
1061 4379 1266 4446 besorofiduffl.

228 4452 239 4484 ⁸
256 4451 354 4514 Supply
364 4451 439 4516 quod,
455 4449 486 4499 B.
807 4445 819 4478 ⁷
836 4447 918 4506 duait,
932 4445 962 4496 B.

221 4517 241 4549 ·⁴
256 4531 378 4581 operuere,
392 4515 424 4566 B.
458 4511 698 4578 Ammon-haut.
808 4509 819 4545 ⁸
836 4511 890 4560 The
902 4515 957 4561 acts
968 4511 997 4561 ot
1010 4510 1054 4561 the
1065 4510 1145 4562 Gourt
1157 4510 1297 4563 Christian.
