3314 5238
464 479 602 542 1101111,
624 478 688 528 nn.
713 464 807 538 1231,
828 474 894 525 aa.
919 463 967 524 15.
1201 461 1264 530 107

176 663 226 719 etc
240 652 278 718 ad
291 651 458 717 ecclesiam
479 650 520 715 de
540 649 753 737 110ςο010111ι
774 671 837 736 que
857 657 953 714 uacet
973 657 1012 714 ut
1034 649 1154 714 dicitur
1172 649 1264 714 cuius

174 756 402 822 aduocacicnem
411 753 508 818 Dona
519 753 589 818 Rex
598 753 719 818 clamat
729 775 842 818 uersus
852 753 1031 818 Radulfum
1042 751 1083 818 de
1095 751 1264 817 Kareuilla

173 871 205 924 et
216 860 407 924 Willelmum
422 858 465 923 de
481 858 633 936 Oseuilla,
649 857 706 944 qui
727 857 865 923 ueniunt
885 865 919 922 et
938 857 1052 922 dicunt
1071 854 1158 942 quod
1177 864 1264 922 terra

171 964 222 1028 iila
239 963 394 1050 adquam
416 963 590 1028 aduocacic
611 962 668 1028 illa
687 961 831 1048 pertinet
853 961 917 1026 fuit
939 960 1108 1026 cuiusdam
1130 959 1262 1024 Radulti

171 1071 275 1134 Martel
297 1078 330 1133 et
352 1066 484 1154 quando
510 1066 691 1131 Ncrmanni
717 1089 782 1131 non
807 1065 941 1130 suerunt
962 1065 1004 1130 ad
1029 1087 1141 1150 pacem
1167 1064 1260 1130 Dom.

170 1172 258 1259 Regis
276 1171 338 1236 fuit
358 1171 519 1236 medietas
539 1170 627 1235 illius
642 1177 727 1234 terre
741 1169 777 1234 in
791 1191 890 1233 manu
906 1169 998 1234 Dom.
1014 1167 1122 1254 Regis,
1137 1176 1172 1233 et
1191 1167 1261 1253 ipse

168 1277 251 1341 Dom
263 1276 330 1340 Rex
346 1276 397 1340 et*
412 1275 473 1341 hac
487 1275 613 1340 racione
628 1297 686 1362 per
700 1297 867 1340 assensum
882 1274 1040 1338 Willelmi
1054 1273 1095 1338 dc
1111 1274 1263 1340 Osewilla

167 1381 218 1466 qui
237 1379 349 1445 habuit
374 1379 472 1444 aliam
499 1377 709 1443 medietatem
731 1377 820 1442 iliius
841 1385 926 1442 terre
952 1375 1154 1462 presenteuit
1178 1375 1260 1440 Wil-

167 1478 1259 1566 lelmumdeOauzadeandemecclesiametquiadpresentacionem

166 1611 250 1652 suam
264 1588 326 1652 fuit
341 1587 501 1651 admissus
516 1585 593 1650 Post
612 1585 705 1650 uenit
724 1585 888 1671 predictus
908 1583 1067 1648 Radulfus
1087 1583 1204 1648 Marte}
1224 1583 1262 1648 in

164 1693 308 1778 Angliam
330 1699 366 1756 et
386 1691 480 1755 Dom.
495 1691 566 1754 Rex
588 1689 619 1754 ei
638 1689 781 1754 reddidit
801 1697 921 1754 terram
941 1688 1030 1752 illam
1050 1688 1167 1774 etipse
1186 1711 1258 1754 cam

164 1797 247 1862 dedit
260 1796 425 1861 Willelmo
440 1795 532 1860 fratri
546 1817 605 1860 suo
620 1795 677 1880 qui
692 1817 764 1860 eam
779 1793 985 1881 postmodum
1005 1793 1158 1858 forisfecit
1171 1794 1259 1881 apud

164 1899 399 1966 Bcdefordiam⁸
425 1907 459 1964 et
485 1899 614 1986 quando
639 1899 711 1984 ipsa
735 1905 823 1962 terra
851 1898 957 1963 fuerat
982 1897 1017 1962 in
1042 1921 1141 1963 manu
1164 1899 1260 1965 Dona

163 2006 256 2093 Regis
269 2028 328 2092 per
336 2005 361 2090 j.
377 2027 501 2069 annum
516 2012 550 2068 et
560 2004 585 2090 j.
601 2003 688 2068 diem
703 2003 845 2068 reddidit
859 2003 929 2089 ipso
944 2003 1039 2068 Doni
1052 2003 1123 2068 Rex
1138 2011 1258 2068 terram

162 2111 245 2174 illam
263 2109 410 2195 predicto
432 2107 572 2172 Radulfo
591 2107 633 2172 de
654 2107 823 2172 Kareuiila
841 2115 881 2172 ut
901 2106 1011 2172 dotem
1031 2105 1139 2172 uxoris
1155 2106 1262 2192 ipsius·

162 2212 292 2278 Radulfn
339 2211 384 2275 Et
400 2209 582 2275 Willelmus
601 2209 642 2274 de
664 2209 810 2275 Oseuilla
828 2209 888 2274 hoc
907 2208 994 2274 idem
1015 2208 1176 2295 cognoscit
1198 2217 1259 2275 eto

162 2317 202 2381 Et
219 2338 316 2402 super
333 2315 395 2380 hoc
418 2313 512 2379 uenit
533 2313 693 2378 Ranulfus
713 2313 807 2378 Brito
826 2321 861 2378 et
881 2313 962 2379 dicit
977 2313 1063 2401 quod
1077 2313 1171 2379 Dom.
1186 2314 1258 2378 Rex

161 2443 219 2485 non
242 2419 380 2484 tradidit
399 2417 462 2504 ipsi
484 2417 624 2482 Radulso
645 2417 709 2483 nisi
730 2417 910 2484 custodiam
933 2417 1035 2504 ipsius
1056 2426 1141 2482 terre
1161 2426 1196 2482 et
1217 2417 1259 2484 ad

161 2523 362 2588 uoluntatem
386 2543 479 2586 suem
504 2529 539 2585 et
564 2521 637 2585 ideo
662 2521 749 2608 petit
770 2521 921 2586 seisinam
947 2521 1040 2586 Dom.
1062 2521 1171 2608 Regis.
1216 2522 1260 2587 Et

160 2629 226 2694 ideo
250 2629 360 2693 iurata
382 2634 556 2691 remaneat.
602 2627 719 2691 Postea
738 2633 939 2712 compertum
960 2633 1012 2690 est
1029 2625 1064 2690 in
1086 2624 1197 2690 rotul’⁴
1217 2625 1262 2692 de

160 2733 310 2798 scaccario
335 2730 423 2818 quod
447 2730 612 2817 predictus
641 2730 801 2795 Radulfus
826 2753 891 2794 non
920 2729 1020 2795 habet
1049 2729 1260 2795 medietatem

160 2835 297 2920 predicto
318 2843 404 2900 torre
424 2833 488 2898 nisi
510 2833 553 2898 ad
572 2833 777 2898 uoluntatem
798 2833 891 2899 Dom.
906 2833 1006 2920 Regis
1026 2841 1060 2898 et
1080 2833 1152 2899 ideo
1176 2833 1262 2900 Con·

159 2939 331 3004 sideratum
352 2936 509 3024 estquod
528 2936 623 3002 Dom.
638 2937 708 3001 Rex
729 2937 849 3002 habeat
872 2939 1147 3024 presentationem
1167 2961 1260 3004 suam

159 3044 195 3108 ad
222 3044 346 3109 dictam
376 3041 544 3108 ecclesiam
573 3049 607 3106 et
637 3041 797 3107 Radulfus
826 3042 860 3107 in
886 3041 1104 3109 misericordia
1128 3051 1163 3109 et
1188 3043 1259 3109 Rex

159 3147 274 3212 babeat
291 3146 392 3211 breue
407 3145 448 3210 ad
464 3145 659 3231 Episcopum
674 3145 941 3212 Lincolniensem.

74 3249 122 3313 520.
218 3251 346 3315 Alanus
368 3249 485 3312 Basset
507 3247 628 3332 optulit
650 3269 685 3312 se
709 3247 782 3334 iiij¹⁰
806 3247 860 3314 die
886 3271 999 3314 uersus
1022 3248 1129 3314 Adam
1154 3249 1258 3315 filium

160 3352 299 3418 wandef
308 3351 350 3416 de
363 3349 484 3437 placito
499 3348 585 3436 quod
599 3357 712 3414 teneat
731 3349 763 3414 ei
781 3350 880 3415 finem
901 3351 1025 3416 factum
1044 3359 1205 3438 quantum
1224 3352 1259 3416 in

161 3475 195 3518 00
214 3462 266 3519 est
288 3453 376 3517 inter
396 3451 574 3538 burgenses
595 3449 637 3516 de
658 3451 841 3537 Wycumba
861 3460 896 3518 et
921 3453 1028 3539 ipsum
1053 3453 1197 3519 Alanum
1218 3453 1262 3520 de

161 3555 388 3622 ueracicuibus
422 3561 457 3619 et
486 3553 613 3618 iniuriis
642 3575 723 3639 quas
750 3553 839 3620 idem
872 3555 998 3621 Alanus
1031 3557 1110 3622 fecit
1138 3557 1260 3624 eisdem

161 3659 371 3746 burgensibus
384 3665 424 3722 ut
438 3657 591 3722 dixerunt
605 3665 718 3722 contra
732 3657 899 3724 libertates
913 3682 993 3746 quas
1007 3660 1070 3747 ipsi
1084 3661 1261 3750 burgenses
1378 3677 1383 3686 ·

161 3762 309 3828 dicebant
330 3783 365 3826 se
385 3761 505 3826 habere
524 3783 565 3826 ex
584 3759 669 3825 dono
688 3769 926 3828 antecessorum
941 3765 1035 3832 Dom.
1051 3766 1152 3853 Regis
1174 3767 1261 3832 unde

162 3865 383 3954 cirographum
399 3873 458 3928 etc
504 3863 549 3928 Et
563 3861 638 3928 Ada
657 3885 723 3927 non
741 3865 835 3930 uenit
849 3873 884 3930 ct
898 3865 1077 3933 uiceoomes
1090 3869 1261 3934 mandauit

161 3971 243 4056 quod
270 3970 341 4056 ipse
367 3968 443 4033 Ada
466 3976 517 4032 est
547 3989 682 4033 manens
706 3968 741 4032 in
767 3969 919 4036 libertato
947 3971 988 4037 de
1014 3971 1262 4060 Wallingiordia

162 4085 192 4141 et
221 4075 306 4162 quod
332 4074 402 4162 ipse
427 4072 597 4138 mandauit
623 4073 750 4140 custodi
778 4075 866 4141 illius
895 4076 1023 4143 honoris
1052 4077 1139 4164 quod
1167 4078 1260 4144 illum

190 4246 431 4312 ¹Lillingstone(.)
735 4247 1168 4312 Ρ11.(1111011.111.1019.89.

190 4263 1261 4442 Β1111111100011101111111011111611110111611ᾒ11111

164 4391 1233 4508 10101100111001Β101100111]1111101101011100..101011141’111225

164 4507 484 4571 hmaningcdtssedrd
466 4509 580 4556 1114
618 4507 682 4558 Mt.
