3212 5230
347 387 412 450 400
653 401 795 462 nrum,
816 401 881 451 nn.
907 387 1000 464 1231,
1022 401 1083 452 aa.
1110 391 1157 450 15.

346 567 538 646 laciendum,
554 569 632 656 quia
652 570 735 636 bene
758 569 912 657 cognouit
933 578 1055 636 cartam
1078 593 1176 656 quam
1199 569 1289 635 Prior
1311 569 1465 636 ostendit

345 670 386 736 de
401 671 616 750 feoffamento,
630 681 682 738 set
696 673 781 738 dixit
796 673 881 759 quod
897 695 937 736 ex
952 695 1017 759 quo
1032 672 1124 737 Prior
1136 672 1209 738 aliis
1223 681 1344 738 terram
1364 672 1464 736 illam

344 774 437 840 dedit
465 783 500 840 et
529 775 619 840 illam
648 775 869 840 incumbrauit
898 775 989 840 illam
1014 775 1221 842 warantizare
1246 797 1312 840 non
1337 774 1464 840 debuit

344 885 456 942 contra
470 877 542 942 illos
557 899 637 964 quos
656 877 748 942 Prior
769 885 804 942 et
825 889 1042 943 antecessores
1064 877 1115 942 sui
1137 877 1363 944 faoffauerunt.
1415 876 1464 940 Et

343 979 514 1046 iusticiarii
535 979 649 1046 dicunt
671 979 758 1066 quod
779 979 880 1046 nichil
902 980 978 1046 inde
998 980 1091 1046 dixit.
1137 980 1180 1044 Ει
1200 980 1277 1066 quia
1295 979 1463 1044 iuratores

343 1084 497 1150 dixerunt
520 1085 606 1171 quod
628 1084 794 1172 predictus
816 1084 975 1150 Ricardus
993 1083 1034 1150 de
1050 1085 1228 1172 Hertrugg’
1244 1084 1308 1150 fuit
1322 1084 1462 1170 propin-

344 1187 437 1274 quior
451 1187 544 1252 heres
558 1197 593 1252 et
607 1187 679 1274 ipsa
692 1187 792 1252 Alina
805 1187 846 1254 de
862 1187 954 1253 cuius
973 1196 1078 1254 morte
1098 1189 1199 1254 assisa
1217 1189 1377 1254 aramiata
1391 1187 1463 1252 fuit

343 1289 460 1356 habuit
485 1289 659 1376 quamdam
686 1290 788 1356 filiam
814 1291 946 1356 Alinam
976 1281 1107 1356 nomine
1132 1291 1191 1378 qui
1216 1315 1318 1356 unum
1349 1291 1462 1356 filium

343 1393 460 1458 habuit
482 1393 640 1458 Thomam
662 1394 783 1458 Treuet
805 1394 936 1458 nomina
958 1393 1016 1480 qui
1035 1394 1142 1459 adhuc
1157 1395 1244 1460 uiuit
1259 1408 1293 1460 et
1307 1395 1465 1481 predicta

342 1497 443 1562 Alina
464 1497 505 1562 de
526 1497 619 1562 cuius
640 1506 744 1563 morte
766 1498 867 1564 assisa
887 1499 1014 1585 prolata
1033 1498 1097 1564 luit
1116 1521 1182 1563 non
1196 1499 1260 1564 luit
1274 1499 1337 1564 nisi
1352 1499 1464 1564 amita

343 1600 445 1687 ipsius
467 1601 598 1667 Ricardi
619 1603 677 1688 qui
699 1603 778 1668 tulit
797 1605 930 1670 maleam
949 1613 983 1670 et
998 1613 1147 1690 preterea
1160 1605 1259 1669 Alina
1273 1605 1341 1670 filia
1355 1605 1462 1670 Alina

344 1705 423 1770 dum
449 1705 535 1772 uixit
561 1705 660 1792 quin¹
686 1707 717 1772 ei
743 1707 870 1774 obiecta
899 1708 963 1774 fuit
988 1708 1154 1774 bastardia
1178 1709 1307 1794 quando
1332 1718 1461 1774 tanam

343 1807 434 1874 illam
459 1808 557 1894 petiit
586 1809 859 1897 legitimacionem
881 1833 974 1876 suam
999 1812 1161 1898 probauit,
1183 1813 1378 1900 Preceptum
1405 1823 1462 1878 est

344 1910 528 1976 uioecomiti
549 1912 636 1998 quod
657 1912 778 1978 habeat
799 1936 906 1979 coram
928 1913 1114 1980 iusticiariis
1134 1938 1155 1980 o
1173 1915 1226 1980 die
1246 1923 1306 1981 etc.
1322 1937 1462 2002 corpora

343 2015 489 2080 omnium
513 2015 691 2080 iuratorum
718 2017 759 2082 ad
785 2016 984 2082 audiendum
1010 2017 1169 2084 iudicium
1194 2041 1299 2096 suum,
1325 2018 1367 2084 de
1394 2019 1460 2084 hoc

344 2119 430 2205 quod
450 2121 534 2186 mala
554 2119 754 2200 iurauerunt,
769 2129 804 2187 et
826 2121 1005 2188 uioecomes
1027 2131 1107 2188 tunc
1129 2123 1248 2188 habeat
1270 2123 1459 2209 predictum

343 2221 486 2288 Priorem
508 2223 551 2288 ad
576 2224 835 2310 respondendum
857 2247 956 2311 quare
979 2224 1066 2311 cepit
1088 2225 1286 2290 escambium
1307 2225 1458 2311 predicte

344 2334 428 2392 terre
443 2326 569 2393 desiout
584 2327 653 2414 ipse
668 2328 814 2394 leoffauit
828 2328 1008 2415 predictam
1027 2329 1160 2394 Alinam
1174 2329 1216 2394 de
1235 2328 1329 2394 cuius
1347 2337 1457 2394 morte

344 2431 423 2496 tulit
438 2432 570 2498 assisam
585 2433 675 2498 illam
684 2432 702 2500 ².

409 2535 623 2622 'Preceptum
637 2545 688 2602 est
703 2535 886 2602 uicecomiti
904 2536 990 2622 quod
1010 2535 1185 2624 diligenter
1203 2535 1384 2622 inquireret
1398 2535 1458 2622 qui

244 2654 291 2686 ¹⁰²
345 2639 477 2704 fuerunt
488 2638 523 2703 in
534 2638 650 2704 iuratis
664 2647 810 2725 tempore
826 2639 949 2704 Thome
964 2640 1080 2704 Basset
1091 2638 1134 2704 ad
1144 2638 1337 2704 instanciam
1351 2639 1458 2725 ipsius

345 2741 468 2807 Thome
498 2764 557 2828 per
584 2741 754 2808 duodecim
784 2743 905 2831 legales
933 2743 1081 2808 homines
1106 2751 1141 2808 at
1166 2751 1280 2828 postea
1307 2750 1458 2829 tempora

345 2844 483 2910 Faloasii
504 2845 545 2910 de
568 2844 725 2910 Breaute'
747 2845 790 2910 ad
815 2845 1008 2910 instanciam
1031 2845 1133 2931 ipsius
1154 2845 1293 2910 Falcasii
1314 2845 1459 2910 uolentis

344 3075 424 3117 num
461 3075 542 3138 quas
577 3053 746 3120 libertates
782 3054 870 3120 idem
903 3055 1043 3120 Thomas
1072 3063 1107 3120 et
1136 3054 1375 3141 predecessores
1404 3054 1458 3118 sui

344 3157 530 3222 habuerunt
552 3165 587 3223 et
609 3157 728 3224 habere
750 3157 935 3226 debuerunt
957 3159 992 3224 in
1014 3159 1182 3224 hundredo
1201 3181 1259 3224 suo
1280 3158 1320 3223 de
1336 3157 1457 3222 Bolen-

343 3268 436 3344 dena,
452 3276 486 3332 et
504 3267 591 3333 unde
606 3267 765 3334 Ricardus
786 3269 921 3334 Suward
942 3269 1138 3356 monstrauit
1158 3269 1251 3333 Dom
1267 3267 1353 3355 Regi
1368 3267 1457 3353 quod

344 3371 507 3436 Robertus
529 3370 570 3436 do
592 3371 689 3458 Haya
710 3371 890 3436 uicecomes
911 3371 1019 3458 ipsum
1041 3379 1076 3437 et
1097 3371 1282 3458 Philippam
1301 3370 1455 3437 Comitis-

344 3497 413 3540 sam
428 3475 578 3540 Warwici
595 3497 730 3540 uxorem
745 3475 834 3540 eius*
849 3485 961 3541 contra
980 3475 1150 3541 libertates
1169 3474 1332 3561 predictas
1353 3483 1454 3540 uexat

343 3589 379 3646 et
393 3580 553 3645 molestat.
598 3579 658 3645 Set
672 3579 753 3645 dicit
767 3580 853 3666 quod
865 3603 933 3660 non
948 3579 1097 3666 queritur
1116 3587 1167 3644 set
1182 3587 1222 3644 ut
1237 3577 1359 3644 sciatur
1373 3600 1453 3664 quas

377 3779 456 3842 ¹Sic,
482 3779 529 3830 but
548 3778 660 3842 perhaps
686 3779 707 3830 it
727 3779 820 3830 should
842 3779 873 3830 be
923 3777 1269 3854 Bassatintbahundradoi
1282 3775 1452 3839 Bullingdon.

345 3861 476 3960 qulnllora
498 3910 526 3960 ol
550 3909 604 3960 this
625 3911 721 3960 matter
742 3907 823 3959 below
844 3909 873 3958 in
923 3843 1101 3958 dddkbsmliili.
1115 3843 1180 3956 bibi
1189 3841 1454 3982 ‹idaeillirnoiraiiihil

345 3975 410 4026 Casa
421 3975 477 4026 611.
923 3973 1007 4032 rights
1017 3973 1109 4022 Baaset
1120 3971 1173 4021 had
1184 3971 1312 4022 exacuet
1320 3987 1351 4021 aa
1364 3971 1454 4022 shedl‘l

378 4037 873 4100 ⁸Theshcrilliadiraatcdtoinquira
923 4037 977 4087 and
992 4037 1062 4087 what
1078 4053 1107 4086 as
1122 4051 1209 4087 owner
1219 4037 1248 4086 cf
1262 4035 1308 4086 the
1322 4035 1451 4088 hundred.

346 4104 404 4155 who
425 4105 583 4156 constituted
605 4119 621 4154 a
644 4105 703 4168 iury
725 4104 754 4153 ol
783 4104 887 4153 twelva'
922 4102 1037 4152 Richnrd
1065 4102 1162 4152 Slward
1186 4101 1231 4151 the
1257 4117 1316 4151 now
1338 4102 1454 4166 plaintiff

347 4171 425 4220 taken
447 4175 475 4220 at
496 4170 541 4220 tha
562 4171 681 4220 instance
706 4169 735 4218 ol
759 4168 873 4218 Thomas
922 4168 1014 4218 claime
1025 4166 1137 4230 through
1149 4166 1194 4216 the
1205 4167 1318 4218 Bassets

347 4235 446 4296 Basset,
465 4235 517 4285 and
533 4235 591 4285 who
608 4249 643 4284 an
662 4235 830 4297 attaint·jnry
846 4233 875 4283 ci
955 4234 966 4266 ⁴
984 4233 1105 4283 SeaMat.
1115 4233 1172 4282 Par.
1182 4232 1279 4283 Ghron.
1290 4232 1354 4295 Mai.
1364 4233 1416 4282 vol.
1429 4235 1452 4288 3.

347 4299 698 4363 twenty-fourtakcnatthe
713 4299 830 4348 instance
845 4299 874 4347 ol
942 4336 947 4349 .
973 4299 1029 4349 246.
1074 4298 1235 4360 Apparently
1262 4296 1310 4347 she
1338 4313 1393 4348 was
1420 4298 1453 4360 hy

347 4364 453 4414 Fawlres
463 4365 491 4414 ol
499 4365 617 4424 Breaute,
629 4363 713 4413 which
724 4363 804 4426 jurias
817 4363 871 4412 had
921 4313 1131 4413 birthaBassat.
1258 4373 1263 4376 “

347 4429 464 4492 inquired
476 4444 504 4478 as
516 4433 543 4479 ιο
554 4428 599 4479 tha
613 4429 697 4490 rights
713 4430 742 4477 ol
757 4428 871 4477 Thomas
