3276 5234
334 501 570 562 monimus,
591 501 656 552 111.
681 487 774 562 1228,
796 499 860 550 us.
885 486 1021 550 12-13.
1168 483 1231 552 217

148 675 247 739 oedem
267 673 399 752 ecclesia,
413 682 467 739 set
489 681 677 760 procurator
698 683 732 740 91
754 676 915 741 firmarius
931 675 1072 742 Abbatis
1093 675 1134 741 de
1156 673 1231 742 Oul-

148 788 212 844 tura
221 779 238 857 ¹,
255 788 287 844 et
306 787 376 866 post
397 780 500 844 finem
523 779 617 844 illum
639 780 732 844 uenit
754 781 866 846 Abbas
889 781 944 846 illo
970 789 1005 846 et
1028 781 1233 868 recuperauit

147 893 249 948 terram
264 891 297 948 et
309 883 474 948 ecclesiam
497 883 588 948 illam
609 889 643 947 et
662 883 809 948 feoffauit
831 883 908 949 inde
930 885 1094 972 Rogerum
1117 884 1233 950 Piuere

146 995 255 1071 patrem
282 1009 373 1052 ouum
396 986 437 1052 de
460 985 575 1052 eadem
597 995 691 1059 terra.
714 995 748 1052 et
770 987 846 1053 inde
868 997 964 1053 uocat
986 989 1028 1054 ad
1050 996 1230 1054 warantum

145 1089 305 1174 predictum
326 1089 493 1155 Abbatem
519 1089 560 1155 de
591 1090 736 1156 Cultura
781 1093 825 1155 Et
855 1091 1014 1156 Paulinus
1043 1092 1183 1178 quisitus
1204 1093 1232 1157 si

146 1193 273 1278 Rogerus
285 1201 378 1278 pater
392 1215 471 1258 suus
486 1193 596 1258 tenuit
610 1201 732 1259 terram
747 1195 838 1260 illam
852 1195 906 1260 die
918 1219 982 1282 quo
992 1196 1053 1260 hec
1064 1195 1232 1261 concordia

146 1296 218 1360 lacta
236 1296 295 1360 fuit
316 1296 398 1361 dicit
419 1297 506 1383 quod
528 1297 639 1374 nescit,
662 1297 743 1362 item
767 1297 907 1384 quisitus
931 1299 959 1363 oi
984 1321 1128 1386 unquam
1158 1309 1231 1385 post

146 1397 228 1462 finem
241 1399 330 1463 illum
346 1399 410 1463 fuit
425 1407 520 1485 pater
534 1421 612 1464 suus
626 1399 702 1464 inde
717 1400 905 1479 disseisitus
921 1402 1001 1466 dicit
1016 1402 1103 1489 quod
1118 1402 1230 1480 nescit,

146 1513 186 1568 sot
205 1504 383 1590 dicitquod
404 1503 493 1568 idem
511 1503 695 1570 Willelmus
717 1529 782 1570 non
804 1514 854 1570 est
875 1506 952 1572 inde
975 1529 1111 1594 persona
1132 1507 1231 1571 immo

146 1607 288 1692 predictus
302 1609 415 1674 Abbas
430 1615 464 1672 et
479 1607 664 1673 Willelmus
677 1616 728 1674 ost
742 1609 819 1674 inde
834 1609 974 1675 nicatius
996 1633 1055 1696 per
1069 1611 1230 1697 quandam

146 1713 358 1778 ordinationem
373 1715 493 1779 factam
508 1714 714 1800 abepiscopo
727 1715 883 1780 intereos
897 1723 958 1782 eto.

198 1817 237 1881 Et
250 1817 432 1882 willelmus
451 1817 634 1904 dicitquod
653 1819 723 1905 ipse
744 1827 794 1883 est
811 1819 887 1884 inde
909 1843 1045 1906 persona
1066 1827 1101 1885 et
1120 1820 1232 1886 Abbas

147 1921 227 1985 nichil
241 1920 315 1986 inde
330 1922 432 1987 habet
446 1922 510 1986 nisi
525 1921 688 2009 quandam
703 1923 886 2008 porcionem
900 1923 1073 2010 garbarum
1088 1931 1148 1988 etc.

197 2026 236 2090 Et
256 2027 333 2114 quia
353 2027 441 2092 idem
462 2027 618 2092 Paulinus
639 2027 760 2094 dedicit
780 2028 866 2114 quod
885 2029 1069 2093 Willelmus
1086 2028 1167 2094 nou²
1182 2037 1232 2094 est

147 2130 208 2196 inde
221 2154 360 2218 persona,
376 2132 569 2197 mandatum
585 2141 634 2198 est
649 2133 806 2220 Episcopo
821 2133 1037 2200 Linoolniensi
1051 2134 1138 2221 quod
1152 2134 1232 2199 scire

146 2235 225 2300 looiat
237 2237 429 2328 iusticiarios
444 2260 503 2323 per
522 2237 649 2303 litteras
671 2261 745 2303 suas
764 2245 876 2303 utrum
896 2239 1080 2304 Willelmus
1098 2239 1141 2304 sit
1160 2261 1232 2325 per-

146 2361 214 2416 sona,
227 2341 277 2406 uel
299 2363 373 2414 non.
418 2342 537 2407 Postea
555 2343 725 2408 mandauit
746 2343 923 2430 Episcopus
943 2343 1029 2429 quod
1049 2341 1233 2407 Willelmus

146 2453 185 2509 at
203 2467 334 2532 persona
353 2445 500 2511 eiusdem
520 2447 660 2522 ecclesie,
675 2455 710 2511 91
728 2447 813 2533 quod
828 2447 940 2512 Abbas
953 2469 1018 2510 non
1033 2454 1083 2510 est
1097 2467 1233 2532 persona

146 2571 192 2614 noc
210 2551 352 2616 sicarius
399 2551 443 2616 Et
463 2551 537 2616 ideo
558 2551 794 2617 consideratum
815 2550 965 2638 estquod
985 2551 1058 2616 finis
1073 2557 1232 2626 teneatur,

145 2662 173 2717 ot
195 2655 372 2720 willelmus
401 2656 606 2742 recuperauit
634 2657 785 2722 seisinam
814 2679 915 2734 suam,
945 2665 980 2721 et
1008 2655 1165 2721 Paulinus
1196 2656 1231 2720 in

146 2757 349 2837 misericordia,
365 2767 400 2824 et
414 2767 570 2846 sequatur
584 2783 697 2827 uersus
710 2761 874 2826 Abbatem
890 2759 917 2824 si
931 2759 1080 2824 uoluerit

63 2859 110 2922 J.
196 2860 351 2952 'Rogemus
373 2864 415 2929 de
437 2865 603 2952 Dantesye
626 2874 661 2931 et
683 2866 819 2932 Matillis
840 2887 922 2930 uxor
942 2864 1013 2929 eius
1035 2863 1174 2929 ueniunt
1196 2872 1231 2930 et
1348 2893 1353 2904 ·

144 2975 243 3051 petunt
271 2967 358 3055 quod
389 2967 507 3034 (lomes
536 2969 692 3035 ostendat·
716 2978 837 3036 cartam
866 2991 925 3057 per
953 2991 1051 3055 quam
1077 2975 1232 3032 tenentur

143 3073 337 3139 wantizare.
384 3073 428 3138 Et
449 3073 566 3140 Comes
584 3073 666 3138 dicio
688 3073 774 3160 quod
795 3071 875 3138 alias
894 3072 958 3137 fuit
973 3071 1130 3158 placitum
1144 3071 1232 3136 inter

144 3196 185 3239 ooo
196 3186 271 3264 aput
285 3177 502 3264 Wyndesores
516 3177 558 3244 de
573 3179 687 3244 eodem
702 3179 751 3244 ita
765 3176 851 3264 quod
865 3177 929 3264 ipsi
943 3183 1137 3263 spreuerunt
1151 3183 1231 3241 tunc

144 3276 190 3343 hoo
209 3303 395 3368 responsum
419 3291 453 3348 et
479 3290 636 3370 ceperunt
659 3303 693 3348 se
716 3280 758 3346 ad
784 3281 1032 3346 conuentionem
1061 3279 1149 3346 inter
1177 3302 1231 3346 eos

142 3379 240 3449 11111111]
254 3407 313 3472 per
327 3387 564 3474 cyrographum
580 3387 666 3474 quod
681 3387 803 3452 factum
824 3385 888 3450 fuit
907 3383 994 3450 inter
1013 3405 1068 3450 eos
1088 3392 1122 3449 et
1145 3385 1231 3471 quod

142 3485 212 3554 idom
232 3491 349 3558 Comes
369 3493 492 3578 profert
513 3502 549 3559 et
571 3491 657 3579 quod
677 3499 817 3558 testatur
836 3490 922 3578 quod
941 3489 1028 3556 idem
1047 3489 1231 3556 Willelmus

143 3591 329 3662 llareocallus
349 3597 518 3663 consilium
540 3621 637 3664 suum
657 3605 692 3663 et
713 3597 872 3663 auxilium
894 3618 990 3661 suum
1012 3593 1152 3659 fideliter
1173 3616 1230 3681 ap-

142 3709 223 3780 ponet
235 3700 331 3766 dictis
345 3701 472 3788 Rogero
489 3711 524 3767 et
544 3701 699 3768 Matillidi
715 3701 757 3767 ad
776 3702 828 3767 ius
846 3709 881 3767 et
896 3699 1111 3765 hereditatem
1127 3697 1229 3783 ipsius

143 3799 292 3871 Matillidis
321 3805 580 3892 perquirendam,
602 3815 637 3872 et
665 3805 752 3872 idem
781 3807 927 3893 Rogenis
956 3809 991 3868 et
1014 3799 1150 3866 Matillis
1171 3822 1230 3886 pro

143 3909 254 3975 oonsilio
282 3909 427 3976 eiusdem
460 3911 597 3977 Comitis
618 3911 766 3978 habendo
788 3919 823 3976 91
844 3910 879 3975 in
900 3905 1231 3993 recompensacionem

142 4023 313 4101 sumptuum
327 4013 431 4100 ipsius
445 4013 602 4080 Willelmi
616 4014 645 4080 si
660 4037 739 4101 quos
756 4013 798 4079 ad
821 4014 881 4080 hoc
900 4009 1086 4098 apposuerit
1105 4007 1232 4075 dabunt

167 4219 224 4272 ¹In
243 4222 364 4284 (lcitum,
399 4223 468 4275 Gall.
486 4224 582 4276 Christ.
600 4224 650 4276 vol.
701 4225 761 4275 1111111
779 4227 816 4276 W·
835 4225 903 4275 Gom.
919 4223 1038 4274 Pentroo’
1055 4222 1086 4273 de
1105 4223 1149 4273 hoc
1166 4221 1233 4286 quod

142 4284 295 4344 11111168.
701 4293 931 4341 woreatuooerouo
950 4291 975 4340 ei
997 4289 1157 4339 medietatem
1178 4301 1230 4338 mo·

166 4349 176 4382 ¹
189 4353 312 4414 0111111111,
325 4353 358 4404 B.
701 4357 811 4407 11111119
825 4357 966 4419 computo
976 4369 1034 4404 cam
1044 4355 1139 4418 pcrtio’
1155 4369 1232 4416 qooom

167 4415 215 4466 ¹13.
226 4419 338 4479 111.12ᾱ;
357 4419 387 4470 0.
398 4434 434 4469 m.
445 4420 485 4470 10.
519 4419 652 4485 Supply-
702 4421 845 4472 1111111111
861 4422 898 4471 eto
915 4427 997 4470 teum
1014 4422 1107 4470 clamat
1123 4426 1148 4468 et
1164 4419 1230 4468 ande

142 4481 238 4543 11111111
249 4485 278 4534 de
288 4487 419 4550 Dantem
431 4493 456 4535 et
467 4487 579 4536 1111111111
589 4503 653 4538 war
701 4494 799 4540 cartam
809 4501 894 4540 eorum
905 4487 988 4551 1111111,
1001 4485 1036 4546 Β;
1049 4485 1074 4535 11
1086 4498 1183 4548 agrees.

141 4547 185 4597 cluo
193 4553 328 4602 moeniti
339 4553 451 4616 fueruat
461 4551 651 4625 adroopoadoo·
