3360 5236
340 429 403 496 574
639 441 780 503 HILARY,
802 440 868 490 nn.
893 425 986 500 1233,
1008 437 1071 488 Aa.
1097 427 1145 490 17.

337 624 452 681 tenent
481 637 541 680 nec
570 623 682 680 tenere
712 613 855 679 clement
885 621 936 678 eet
962 621 1077 678 tenent
1100 612 1141 678 de
1167 613 1261 678 Dom.
1288 613 1387 700 Rege,
1413 621 1450 678 et

337 724 458 782 sectam
484 738 576 781 snam
604 716 708 779 fecere
734 714 856 779 debent
882 714 924 778 ad
948 713 1071 778 curiam
1095 714 1135 780 de
1163 714 1387 790 hliddeltona¹‚
1413 723 1450 778 et

336 820 450 885 dicunt
473 819 558 906 quod
582 819 682 883 nichil
707 818 738 883 ei
763 818 867 882 facere
890 818 1012 882 debent
1037 840 1097 883 nec
1122 817 1246 904 aliquid
1274 817 1450 883 seruicium

335 921 399 986 nisi
418 921 504 1008 quod
524 920 555 986 ei
575 919 709 985 reddere
729 919 852 984 debent
872 919 1008 1006 singulis
1028 919 1121 984 annis
1135 920 1154 984 l.
1170 919 1252 998 den,
1267 927 1300 984 et
1315 921 1343 984 si
1357 919 1450 984 aliud

330 1019 508 1089 e'ernicium
537 1024 568 1089 ei
597 1045 742 1110 unquam
773 1025 920 1088 fecerunt
949 1023 1009 1088 hoc
1039 1023 1103 1087 fuit
1132 1045 1190 1108 per
1218 1023 1287 1087 uim
1317 1031 1352 1088 et
1387 1045 1450 1109 per

335 1137 532 1214 potestatem
568 1129 671 1215 ipsius
708 1127 845 1194 Galiridi
875 1137 910 1192 et
940 1135 1067 1213 ponunt
1092 1149 1127 1191 se
1156 1149 1254 1213 super
1282 1128 1448 1213 quendam

335 1231 580 1318 inquisicionem
596 1254 659 1317 que
675 1232 762 1296 facta
775 1239 826 1297 eet
841 1253 899 1317 per
913 1237 1103 1317 preceptum
1119 1229 1212 1294 Dom.
1228 1229 1335 1316 Regin

400 1337 446 1400 Et
475 1335 646 1422 inquisicio
676 1335 752 1400 talis
782 1335 944 1420 estquod
971 1357 1082 1399 omnes
1105 1333 1243 1420 predicti
1266 1343 1382 1400 tenent
1405 1334 1448 1400 de

336 1441 429 1507 Dom.
444 1441 535 1528 Rege
550 1463 649 1505 unam
671 1447 791 1504 terram
812 1462 870 1526 per
890 1438 1026 1503 dimidia
1044 1437 1188 1524 sulling’¹
1202 1438 1289 1503 unde
1304 1438 1450 1503 reddunt

337 1543 430 1608 Dom.
447 1543 531 1629 Regi
546 1563 691 1628 perenn.
708 1565 735 1607 v.
752 1543 806 1608 sol.
822 1542 864 1607 ad
879 1541 965 1606 feodi
980 1540 1107 1606 firmam
1127 1541 1170 1606 ad
1186 1541 1267 1606 duos
1282 1541 1450 1618 terminos,

335 1646 416 1711 item
437 1647 473 1712 in
495 1647 610 1735 uigilia
633 1647 663 1712 S.
687 1647 760 1712 Joh
785 1647 880 1732 Bapt.
900 1646 941 1734 vj.
962 1645 1033 1710 den
1054 1667 1112 1731 pro
1135 1645 1339 1732 ehepgauel³,
1362 1654 1396 1710 et
1419 1645 1449 1710 si

335 1750 453 1837 aliquia
467 1773 578 1815 eorum
596 1759 744 1816 mortuus
764 1749 863 1814 inerit
883 1749 976 1814 heres
995 1749 1098 1835 ipsius
1112 1749 1205 1814 dabit
1223 1773 1281 1837 pro
1300 1752 1450 1837 quolibet

336 1854 515 1940 quadrante
530 1853 572 1919 de
592 1854 737 1939 predicto
757 1855 912 1941 sepgeuel
932 1878 960 1919 x.
976 1854 1047 1920 den.
1065 1856 1243 1920 secundum
1262 1855 1449 1942 porcionem

336 1967 422 2023 terre
452 1981 549 2044 quem
579 1965 680 2034 tenet,
709 1957 790 2022 item
820 1957 960 2043 quilibet
989 1979 1100 2022 eorum
1130 1959 1229 2024 debet
1257 1960 1349 2046 sequi
1379 1968 1450 2026 tres

337 2061 523 2150 lagedagee⁴
538 2084 596 2148 per
611 2085 693 2139 ann,
709 2070 743 2126 et
758 2061 786 2126 si
806 2061 924 2147 aliquis
944 2083 1056 2127 eorum
1078 2063 1230 2128 habuerit
1251 2087 1389 2150 puerum
1411 2065 1450 2130 in

336 2165 548 2232 somicecione
568 2164 661 2229 dabit
681 2165 862 2252 childwyte
879 2174 914 2230 et
933 2165 960 2230 si
980 2165 1097 2250 aliquia
1119 2175 1274 2232 uxoratus
1296 2168 1451 2234 habuerit

336 2291 474 2356 puerum
489 2269 524 2334 in
538 2268 698 2334 adulterio
713 2269 777 2334 erit
791 2269 827 2334 in
846 2267 1065 2334 misericordia
1085 2270 1179 2336 Dom.
1196 2271 1296 2358 Regia
1315 2271 1356 2337 de
1377 2279 1450 2336 toto

337 2373 450 2439 mobili
478 2394 545 2450 suo,
574 2379 610 2436 et
639 2371 667 2436 si
696 2371 814 2457 uliquis
843 2393 955 2437 eorum
984 2371 1102 2436 effudit
1132 2375 1323 2461 sanguinem
1353 2375 1451 2441 debit

337 2471 522 2560 blodwyte'‚
547 2480 583 2537 et
608 2472 636 2540 si
665 2473 783 2560 aliquis
812 2474 895 2540 uelit
924 2474 1076 2539 meritare
1106 2475 1206 2540 filiam
1237 2499 1328 2541 suam
1355 2485 1452 2542 extra

337 2578 542 2645 hundredum
564 2578 650 2664 petit
672 2577 839 2644 licenciam
861 2600 882 2643 e
903 2577 1025 2643 bellino
1048 2587 1082 2644 et
1105 2579 1197 2644 debit
1216 2581 1258 2646 xl.
1273 2581 1354 2659 den,
1369 2589 1404 2646 et
1419 2583 1451 2648 ei

337 2683 406 2748 sine
436 2681 571 2747 licencia
599 2681 691 2748 dabit
718 2683 783 2769 xiij.
808 2682 879 2747 den.
905 2689 940 2747 et
965 2681 1029 2747 erit
1052 2682 1087 2746 in
1110 2683 1328 2750 misericordie
1352 2685 1451 2754 Dom.

337 2787 445 2874 Regin.
490 2787 535 2884 Et
560 2785 699 2872 predicti
725 2785 871 2851 homines
895 2786 1017 2851 debent
1042 2785 1187 2852 Galsn'do
1210 2786 1250 2852 de
1274 2787 1364 2874 Lucy
1389 2811 1451 2874 pro

303 2895 309 2902 '
339 2889 483 2976 predicta
501 2887 612 2954 dimid’
628 2889 757 2974 sulling'
773 2889 808 2953 in
828 2887 1012 2974 equinoctio
1033 2888 1065 2953 S.
1081 2887 1250 2953 Michaelis
1269 2888 1327 2975 iiij.
1342 2891 1396 2954 eol.
1413 2899 1451 2954 et

337 2994 368 3078 ij.
385 2994 456 3060 deu.
472 3001 611 3058 eierare
627 3015 726 3057 unam
741 2992 880 3057 dietem⁸
895 2999 980 3056 terre
1001 2999 1078 3056 ante
1100 2992 1220 3056 Netele
1240 2999 1276 3056 et
1295 2993 1392 3057 eliam
1411 2993 1450 3058 in

337 3096 593 3184 Quadragesima
612 3104 646 3160 et
667 3095 836 3162 habebunt
855 3103 994 3180 utraque
1014 3093 1068 3159 die
1088 3094 1282 3160 corrodium*
1302 3095 1344 3161 ad
1366 3096 1450 3162 duos

339 3201 492 3278 homines,
510 3201 590 3265 item
612 3199 739 3264 debunt
761 3196 842 3262 duca
863 3197 1001 3284 gallinae
1023 3197 1110 3262 inter
1131 3197 1252 3262 Netele
1274 3207 1309 3264 et
1331 3198 1451 3264 Purifi-

337 3307 498 3370 cationem
524 3305 552 3370 si
577 3304 720 3369 seruiens
743 3302 882 3390 predicti
908 3301 946 3367 G.
971 3301 1096 3366 miserit
1119 3310 1251 3388 propter
1279 3325 1342 3380 eae,
1364 3303 1448 3367 item

339 3408 431 3494 sequi
446 3407 567 3474 debent
586 3406 708 3471 curiam
728 3404 866 3491 predicti
887 3403 1025 3470 Galfridi
1044 3405 1283 3470 racionabiliter
1301 3405 1453 3472 assisam⁸

339 3521 374 3577 et
389 3513 619 3578 summonitam
634 3519 669 3576 et
683 3510 805 3577 debent
819 3510 896 3575 dere
911 3509 1017 3574 eidem
1032 3510 1072 3574 xl
1089 3531 1153 3574 oue
1166 3509 1253 3574 inter
1270 3509 1393 3575 Pascha
1412 3520 1449 3574 et

373 3753 384 3786 ¹
401 3751 456 3802 'ihc
467 3751 553 3816 places
564 3765 632 3802 eoem
640 3753 668 3802 to
676 3751 708 3801 be
715 3749 868 3813 Newington
918 3748 971 3799 nuit
982 3749 1012 3798 oi
1021 3751 1094 3799 court
1105 3748 1177 3799 three
1187 3749 1263 3800 times
1274 3765 1290 3800 n
1300 3765 1368 3814 your.

341 3817 395 3870 end
410 3817 513 3879 Milton,
532 3821 579 3868 not
596 3817 636 3868 iar
646 3817 714 3868 lrom
725 3815 865 3868 ommam
951 3814 1446 3878 'Observethinperdnranccolenoient

342 3883 436 3934 Milton
447 3883 517 3946 given
528 3881 562 3932 ite
573 3884 689 3932 nemeto
706 3896 722 3932 a
737 3880 864 3932 hundred.
918 3879 975 3930 low.
1009 3879 1057 3930 See
1078 3881 1231 3944 Docnaday,
1253 3880 1304 3930 vol.
1329 3883 1351 3941 1,
1374 3897 1399 3945 p.
1420 3887 1444 3934 1.

341 3947 639 4010 Intereetingmaterieln
645 3945 868 4008 illnetmtlngthia
918 3945 957 3995 De
968 3943 1094 3994 adulterio
1105 3959 1167 3994 uero
1178 3959 1224 4006 per
1239 3947 1324 3995 totum
1341 3947 1446 3998 Ghenth

341 4028 401 4067 case
411 4028 455 4063 ore
466 4013 494 4064 in
506 4012 618 4074 Harted,
629 4014 737 4079 flietorp
749 4013 779 4075 os
790 4015 867 4071 Kent,
918 4010 997 4060 hebet
1012 4009 1067 4058 Rex
1082 4007 1217 4060 hominem
1232 4014 1259 4061 et
1268 4011 1444 4075 Arohiepieoo·

342 4079 393 4128 vol.
406 4080 429 4136 2,
442 4093 467 4140 p.
480 4078 529 4129 549
537 4077 563 4129 il.
918 4089 968 4138 pne
978 4075 1121 4124 mulierem.

374 4143 385 4174 ¹
400 4143 513 4193 lection
529 4141 552 4192 ia
568 4155 584 4192 n
600 4141 671 4204 ridge
686 4140 800 4192 between
817 4143 867 4191 two
950 4138 961 4170 ⁰
976 4137 1083 4202 Adeje
1092 4139 1171 4189 work.

342 4209 457 4270 iurrowe,
482 4207 591 4267 ehelk3
614 4209 722 4269 mitiore
740 4219 823 4256 seems
840 4209 867 4254 to
949 4203 999 4254 'A
1019 4203 1135 4266 oorrody.
1158 4204 1201 4254 ie.
1224 4205 1287 4270 they
1303 4221 1346 4256 are
1368 4210 1397 4258 to
1413 4207 1444 4258 he

341 4271 574 4334 beediminntive,
587 4273 736 4329 saliuncula,
745 4272 866 4320 saliunca.
918 4269 1036 4332 supplied
1051 4267 1185 4318 withlood
1197 4268 1362 4332 bythelord.
1397 4273 1444 4324 See

373 4337 577 4400 ‘summu
621 4336 644 4386 A
670 4339 795 4399 peyment
827 4335 868 4385 tor
917 4335 960 4386 Dn
972 4334 1118 4396 Gangen.
1130 4337 1280 4386 comedim.

342 4403 417 4460 heina
427 4401 534 4452 allowed
544 4405 571 4452 to
580 4404 641 4451 turn
653 4405 699 4450 ont
710 4399 788 4464 sheep
800 4399 830 4465 (τ)
949 4397 960 4431 ⁸
977 4397 1049 4462 They
1059 4401 1131 4448 must
1142 4413 1215 4449 come
1225 4400 1299 4450 when
1312 4401 1356 4451 the
1370 4407 1445 4453 court

374 4469 385 4500 ⁴
402 4467 486 4517 Three
501 4467 550 4518 law
566 4465 645 4529 (leym
669 4465 730 4530 they
747 4470 817 4516 munt
833 4465 867 4516 do
917 4463 941 4513 ie
952 4463 1015 4528 dnly
1026 4463 1151 4526 οεεοοοοᾱ,
1165 4464 1228 4528 duly
1239 4465 1338 4528 sitting.
