3308 5226
395 481 716 541 mortisinesse.
741 467 834 541 1233,
857 481 920 530 Aa.
945 463 1081 534 17-18.
1228 467 1291 530 619

184 657 438 744 rocognicionem
458 657 529 723 fieri
549 665 661 722 utrum
682 679 793 723 eorum
814 657 919 722 maius
939 657 990 722 ius
1011 657 1131 723 habeat
1151 658 1186 724 in
1207 665 1293 724 terra

184 761 241 826 illa
255 770 314 826 etc

248 866 293 930 Et
308 865 470 930 Robertus
486 866 578 931 uenit
593 873 628 930 et
643 865 723 930 dicit
738 865 825 952 quod
840 865 939 930 assisa
954 888 1018 930 non
1033 865 1118 930 iacet
1132 866 1219 931 inter
1238 889 1292 932 eos

184 972 261 1057 quia
281 970 447 1057 predictus
469 970 631 1036 Robertus
652 993 735 1036 auus
757 993 835 1036 suus
857 970 973 1035 habuit
988 970 1150 1056 quendam
1166 979 1291 1056 patrem

183 1073 385 1138 Willelmum
414 1073 545 1139 nomine
574 1079 609 1138 et
638 1073 726 1138 idem
756 1073 939 1138 Willelmus
969 1072 1086 1138 habuit
1108 1072 1188 1137 duos
1210 1073 1292 1138 filios

183 1178 362 1242 Robertum
385 1185 578 1244 antenatum
600 1177 641 1243 de
663 1177 755 1243 cuius
776 1177 895 1243 seisina
916 1177 985 1264 ipse
1008 1177 1094 1263 petit
1115 1184 1235 1242 terram
1258 1185 1292 1242 et

183 1280 346 1368 quendam
387 1281 607 1346 Alexandrum
648 1289 837 1369 postnatum
878 1281 935 1368 qui
972 1281 1036 1346 fuit
1072 1303 1155 1346 auus
1190 1281 1292 1367 ipsius

184 1385 362 1450 Alexandri
376 1387 434 1472 qui
448 1409 534 1450 nunc
550 1394 642 1451 tenet
657 1395 691 1451 et
713 1386 799 1472 petit
821 1385 979 1452 iudicium
1001 1385 1029 1450 si
1052 1407 1173 1471 magua
1193 1385 1293 1450 assisa

182 1489 288 1554 iaceat
303 1488 458 1554 intereos
473 1495 533 1554 etc.
553 1487 558 1572 Ι

248 1592 292 1656 Et
315 1591 500 1656 Alexander
519 1593 681 1678 cognoscit
696 1593 782 1678 quod
797 1593 962 1680 predictus
978 1592 1161 1658 Willelmus
1176 1593 1292 1659 habuit

183 1694 344 1781 predictos
366 1695 446 1760 duos
468 1695 550 1760 filios
572 1695 752 1760 Robertum
775 1703 809 1759 et
838 1695 1061 1761 Alexandrum
1091 1704 1125 1760 et
1155 1697 1291 1762 tercium

185 1800 351 1865 Serlonem
374 1807 408 1864 et
430 1800 596 1885 predictus
617 1800 801 1864 Willelmus
823 1800 971 1866 seoffauit
992 1801 1100 1887 ipsum
1126 1801 1290 1866 Serlonem

182 1903 223 1968 de
239 1902 353 1968 ecdem
369 1911 462 1982 tens,
477 1911 512 1969 et
527 1903 568 1969 de
583 1903 727 1990 predicto
742 1903 876 1970 Serlone
891 1905 1058 1970 descendit
1073 1904 1186 1970 eadem
1206 1913 1293 1971 terra

183 2005 387 2070 Alexandro¹
409 2029 471 2071 auo
494 2007 595 2093 ipsius
617 2005 794 2072 Alexandri
820 2006 877 2092 qui
906 2029 992 2072 nunc
1023 2015 1115 2072 tenet
1144 2016 1178 2073 et
1207 2010 1293 2096 petit

183 2109 393 2197 recognitur'²
410 2111 480 2178 fieri
495 2112 630 2178 utrum
621 2134 689 2198 ipse
705 2112 809 2176 maius
824 2111 875 2176 ius
889 2111 1009 2176 habeat
1024 2113 1159 2178 tenendi
1173 2122 1291 2179 terram
1307 2127 1340 2166 No
1327 2129 1413 2176 οιιοῑιι
1385 2127 1428 2167 uod

183 2213 321 2278 illam
297 2221 381 2279 srcut
367 2215 492 2280 tillam
515 2215 602 2280 unde
624 2214 788 2302 predictus
810 2213 994 2278 Willelmus
1016 2214 1195 2280 feoffauit
1186 2239 1291 2302 1psum
1306 2175 1458 2307 ffiffi

186 2319 363 2396 Serlonem,
386 2341 427 2384 sn
449 2319 537 2384 idem
560 2319 721 2383 Robertus
744 2326 782 2382 ut
804 2317 839 2382 in
861 2317 918 2382 illa
939 2340 1002 2404 que
1026 2315 1443 2400 erdescenditde(1000(1⁶⁰“¹¹¹¹f„unum

185 2423 331 2510 predicto
346 2422 488 2487 Roberto
502 2445 566 2488 auo
580 2445 645 2488 suo.
691 2422 735 2486 Et
750 2421 824 2486 ideo
839 2421 992 2507 procedat
1007 2423 1107 2488 assisa
1121 2446 1179 2510 per
1193 2407 1375 2494 uerballl¹ll“
1322 2408 1435 2502 nutritur

186 2527 258 2605 ista,
273 2535 308 2592 et
323 2526 485 2591 Robertus
500 2525 558 2590 dat
569 2525 737 2590 dimidiam
748 2547 887 2590 maroam
899 2549 956 2612 pro
968 2527 1119 2593 habenda
1129 2529 1293 2593 mentione
1306 2465 1380 2587 iconii
1383 2501 1417 2587 ‘li

184 2631 226 2696 de
253 2630 372 2696 neieina
399 2629 538 2716 predicti
568 2628 703 2694 Roberti
733 2637 767 2693 et
797 2635 941 2715 tempore
971 2630 1106 2752 Henriei
1129 2632 1237 2718 Regis,
1260 2640 1375 2698 et‘w
1306 2594 1450 2680 mliii&

186 2733 351 2820 recipitur.

130 2886 136 2899 .
251 2837 378 2903 ‘Abbas
392 2837 433 2902 de
448 2837 629 2924 Tupholme
649 2843 684 2900 at
670 2835 905 2900 ttachiatuset
928 2836 1103 2902 Radulfus⁶
1124 2838 1165 2903 de
1188 2839 1294 2904 Pauu-
1354 2839 1409 2880 ω

186 2943 280 3010 tona⁸
307 2945 440 3008 fuerunt
469 2942 511 3006 ad
540 2940 799 3027 respondendum
829 2939 925 3005 Petro
954 2941 994 3006 de
1025 2943 1112 3006 Malo
1142 2943 1229 3008 Lacu
1252 2944 1293 3010 de

185 3048 304 3134 placito
320 3069 418 3134 quare
433 3053 564 3111 secutus
586 3037 636 3112 es't
658 3045 816 3131 placitum
839 3043 873 3108 in
896 3045 985 3110 curia
1006 3045 1231 3111 cristianitatis
1253 3047 1292 3112 de

185 3155 310 3220 catellis
332 3177 395 3241 que
417 3176 482 3218 non
504 3161 581 3218 sunt
603 3153 643 3218 de
667 3159 864 3216 testamento
886 3151 939 3216 uel
962 3152 1167 3218 matrimonio
1182 3161 1295 3218 contra

186 3258 438 3345 prohibicionem
454 3265 522 3334 etc,
537 3263 572 3320 et
586 3255 673 3320 unde
688 3255 837 3340 queritur
851 3253 936 3341 quod
959 3255 1021 3341 ipsi
1043 3256 1238 3342 inplacitant
1259 3259 1293 3323 in

185 3364 276 3428 curia
297 3360 520 3427 cristianitatis
543 3367 578 3424 et
599 3367 718 3446 petunt
740 3359 787 3424 ibi
809 3359 851 3424 ab
866 3381 904 3424 eo
919 3360 1004 3446 xxvj.
1021 3383 1144 3426 marcas
1158 3365 1293 3449 argenti,

187 3465 273 3530 unde
288 3464 503 3529 deterioratos
518 3469 568 3528 est
583 3469 652 3538 etc„
668 3468 703 3526 et
717 3461 793 3527 inde
809 3462 959 3548 producit
974 3471 1104 3529 sectam.

251 3565 312 3632 'Et
327 3566 439 3631 Abbas
454 3573 489 3630 et
504 3563 709 3629 Baldewinus
724 3564 864 3629 ueniunt
879 3573 913 3628 et
927 3563 1108 3630 defendunt
1123 3567 1209 3653 quod
1228 3591 1292 3634 non

185 3676 266 3734 sunt
294 3668 398 3734 secuti
427 3665 559 3752 aliquod
587 3665 745 3752 placitum
768 3665 808 3730 de
831 3667 958 3731 catallis
980 3691 1042 3754 que
1066 3691 1130 3734 non
1152 3679 1230 3736 sunt
1252 3672 1293 3737 de

186 3779 383 3839 testamento
398 3771 476 3857 quia
490 3769 553 3856 ipsi
567 3776 688 3855 petunt
703 3768 850 3834 denarios
865 3770 937 3835 illos
951 3793 990 3835 ex
1007 3794 1103 3836 causa
1119 3781 1293 3841 testamen-

186 3875 270 3942 taria
297 3897 337 3939 ex
367 3881 563 3940 testamento
593 3871 731 3938 Galfridi
760 3871 800 3937 de
823 3873 977 3939 Neouilla
998 3896 1038 3940 ea
1058 3875 1184 3942 racione
1208 3879 1293 3964 quod

185 3980 272 4046 idem
295 3979 411 4044 Petrus
433 3977 608 4043 tenebatur
629 3975 736 4042 eidem
760 3977 905 4042 Galfiido
927 3977 963 4042 in
984 3978 1139 4064 predictis
1153 3980 1293 4048 denariis

219 4131 359 4180 ¹Booauso
380 4128 476 4179 Bobert
503 4128 580 4178 oould
606 4133 654 4180 not
681 4129 712 4179 bs
794 4129 893 4182 ⁸Oorr.
906 4132 961 4194 'stop
964 4133 1159 4181 holmeetBold.
1168 4134 1291 4184 dePouo-

187 4195 250 4246 both
260 4194 318 4245 lord
329 4193 382 4245 and
392 4197 491 4245 tenant
526 4194 570 4243 Br.
583 4194 601 4243 f.
614 4193 678 4244 651).
764 4202 822 4244 tona
838 4198 984 4255 attaminati,
1003 4197 1034 4245 A.
1069 4195 1180 4247 Mistake
1197 4197 1247 4248 due
1264 4205 1291 4250 to

218 4260 316 4310 'Corn
329 4261 541 4322 recooatotmterm
557 4259 615 4318 rec’,
627 4259 657 4311 A.
763 4260 965 4310 interlineation.

219 4325 295 4378 ’Sec
304 4325 349 4376 Br.
360 4325 443 4377 i..2‘l9
471 4323 713 4386 Fitzhcrbertgives
795 4324 968 4376 ⁷IntthS.
976 4325 1163 4390 thispnragrsp
1164 4327 1290 4380 hlollows

187 4391 349 4441 thisoasest
359 4389 456 4453 length,
470 4393 558 4454 Droyt.
572 4389 610 4438 62.
762 4389 822 4439 that
832 4389 866 4453 by
878 4389 961 4439 which
972 4391 1028 4440 ιιι
1039 4391 1100 4440 here
1111 4392 1237 4445 followed
1268 4397 1290 4443 A

218 4457 275 4508 ⁴A.
289 4457 377 4508 ΜΟ.
763 4469 853 4516 agrees
863 4455 927 4504 with
938 4470 982 4518 my
994 4459 1057 4506 text
1384 4453 1386 4458 '

219 4521 499 4571 ὕ(ἰοττ.Βαὶιίειοίιιιιι.
