<?xml version="1.0" encoding="UTF-8"?>
<!DOCTYPE html PUBLIC "-//W3C//DTD XHTML 1.0 Transitional//EN"
    "http://www.w3.org/TR/xhtml1/DTD/xhtml1-transitional.dtd">
<html xmlns="http://www.w3.org/1999/xhtml" xml:lang="en" lang="en">
 <head>
  <title>
</title>
<meta http-equiv="Content-Type" content="text/html;charset=utf-8" />
  <meta name='ocr-system' content='tesseract 3.04.00' />
  <meta name='ocr-capabilities' content='ocr_page ocr_carea ocr_par ocr_line ocrx_word'/>
</head>
<body>
  <div class='ocr_page' id='page_1' title='image "./bractonsnoteboo04bracgoog_0673.png"; bbox 0 0 3308 5226; ppageno 0'>
   <div class='ocr_carea' id='block_1_1' title="bbox 485 415 1295 524">
    <p class='ocr_par' dir='ltr' id='par_1_1' title="bbox 485 415 1295 524">
     <span class='ocr_line' id='line_1_1' title="bbox 485 415 1295 524; baseline 0.002 -14"><span class='ocrx_word' id='word_1_1' title='bbox 485 453 630 524; x_wconf 72' lang='lat' dir='ltr'>meras,</span> <span class='ocrx_word' id='word_1_2' title='bbox 651 460 717 510; x_wconf 64' lang='lat' dir='ltr'>nn.</span> <span class='ocrx_word' id='word_1_3' title='bbox 742 447 836 521; x_wconf 75' lang='lat'>1234,</span> <span class='ocrx_word' id='word_1_4' title='bbox 860 459 922 510; x_wconf 62' lang='lat' dir='ltr'>ms</span> <span class='ocrx_word' id='word_1_5' title='bbox 948 448 997 510; x_wconf 85' lang='lat'>18.</span> <span class='ocrx_word' id='word_1_6' title='bbox 1205 415 1208 422; x_wconf 75' lang='grc'>’</span> <span class='ocrx_word' id='word_1_7' title='bbox 1233 451 1295 514; x_wconf 84' lang='lat'>665</span> 
     </span>
    </p>
   </div>
   <div class='ocr_carea' id='block_1_2' title="bbox 183 619 1301 3920">
    <p class='ocr_par' dir='ltr' id='par_1_2' title="bbox 183 619 1301 3920">
     <span class='ocr_line' id='line_1_2' title="bbox 187 619 1295 719; baseline 0.001 -22"><span class='ocrx_word' id='word_1_8' title='bbox 187 632 288 719; x_wconf 90' lang='lat' dir='ltr'>Hugo</span> <span class='ocrx_word' id='word_1_9' title='bbox 317 629 358 696; x_wconf 92' lang='lat' dir='ltr'>de</span> <span class='ocrx_word' id='word_1_10' title='bbox 388 629 569 696; x_wconf 81' lang='lat' dir='ltr'>Watfordie</span> <span class='ocrx_word' id='word_1_11' title='bbox 586 619 655 716; x_wconf 74' lang='lat' dir='ltr'>¹pro</span> <span class='ocrx_word' id='word_1_12' title='bbox 674 621 718 696; x_wconf 61' lang='lat' dir='ltr'>vse</span> <span class='ocrx_word' id='word_1_13' title='bbox 748 639 784 696; x_wconf 91' lang='lat' dir='ltr'>et</span> <span class='ocrx_word' id='word_1_14' title='bbox 801 621 881 696; x_wconf 63' lang='lat' dir='ltr'>&#39;aliis</span> <span class='ocrx_word' id='word_1_15' title='bbox 904 629 962 716; x_wconf 91' lang='lat' dir='ltr'>qui</span> <span class='ocrx_word' id='word_1_16' title='bbox 987 623 1122 696; x_wconf 82' lang='lat' dir='ltr'>fuerunt</span> <span class='ocrx_word' id='word_1_17' title='bbox 1152 625 1238 698; x_wconf 66' lang='lat' dir='ltr'>cum&#39;</span> <span class='ocrx_word' id='word_1_18' title='bbox 1256 633 1295 698; x_wconf 86' lang='lat' dir='ltr'>R</span> 
     </span>
     <span class='ocr_line' id='line_1_3' title="bbox 188 730 1297 822; baseline -0.001 -20"><span class='ocrx_word' id='word_1_19' title='bbox 188 735 317 802; x_wconf 83' lang='lat' dir='ltr'>Gemite</span> <span class='ocrx_word' id='word_1_20' title='bbox 340 735 528 800; x_wconf 83' lang='lat' dir='ltr'>Merescallo</span> <span class='ocrx_word' id='word_1_21' title='bbox 550 743 713 800; x_wconf 88' lang='lat' dir='ltr'>uenerunt</span> <span class='ocrx_word' id='word_1_22' title='bbox 735 758 840 800; x_wconf 87' lang='lat' dir='ltr'>eorem</span> <span class='ocrx_word' id='word_1_23' title='bbox 864 735 958 801; x_wconf 91' lang='lat' dir='ltr'>Dom.</span> <span class='ocrx_word' id='word_1_24' title='bbox 982 735 1072 822; x_wconf 84' lang='lat' dir='ltr'>Rege</span> <span class='ocrx_word' id='word_1_25' title='bbox 1101 730 1190 822; x_wconf 87' lang='lat' dir='ltr'>apud</span> <span class='ocrx_word' id='word_1_26' title='bbox 1221 737 1297 802; x_wconf 74' lang='lat' dir='ltr'>ulo:</span> 
     </span>
     <span class='ocr_line' id='line_1_4' title="bbox 188 829 1297 926; baseline 0 -22"><span class='ocrx_word' id='word_1_27' title='bbox 188 837 359 917; x_wconf 84' lang='lat' dir='ltr'>uemiam¹,</span> <span class='ocrx_word' id='word_1_28' title='bbox 388 847 560 925; x_wconf 86' lang='lat' dir='ltr'>postquam</span> <span class='ocrx_word' id='word_1_29' title='bbox 590 838 684 903; x_wconf 92' lang='lat' dir='ltr'>Dom.</span> <span class='ocrx_word' id='word_1_30' title='bbox 715 829 793 903; x_wconf 77' lang='lat' dir='ltr'>Reu¹</span> <span class='ocrx_word' id='word_1_31' title='bbox 809 859 864 903; x_wconf 89' lang='lat' dir='ltr'>eos</span> <span class='ocrx_word' id='word_1_32' title='bbox 892 847 1060 924; x_wconf 76' lang='lat' dir='ltr'>receperat</span> <span class='ocrx_word' id='word_1_33' title='bbox 1090 839 1125 904; x_wconf 95' lang='lat' dir='ltr'>in</span> <span class='ocrx_word' id='word_1_34' title='bbox 1154 841 1297 926; x_wconf 79' lang='lat' dir='ltr'>graciam</span> 
     </span>
     <span class='ocr_line' id='line_1_5' title="bbox 187 941 1299 1028; baseline -0.001 -21"><span class='ocrx_word' id='word_1_35' title='bbox 187 965 289 1020; x_wconf 86' lang='lat' dir='ltr'>suam,</span> <span class='ocrx_word' id='word_1_36' title='bbox 304 950 339 1007; x_wconf 90' lang='lat' dir='ltr'>et</span> <span class='ocrx_word' id='word_1_37' title='bbox 353 941 522 1028; x_wconf 77' lang='lat' dir='ltr'>pecierunt</span> <span class='ocrx_word' id='word_1_38' title='bbox 544 941 643 1006; x_wconf 88' lang='lat' dir='ltr'>abeo</span> <span class='ocrx_word' id='word_1_39' title='bbox 663 949 698 1006; x_wconf 92' lang='lat' dir='ltr'>et</span> <span class='ocrx_word' id='word_1_40' title='bbox 717 964 738 1006; x_wconf 82' lang='lat' dir='ltr'>a</span> <span class='ocrx_word' id='word_1_41' title='bbox 759 941 848 1007; x_wconf 83' lang='lat' dir='ltr'>curie</span> <span class='ocrx_word' id='word_1_42' title='bbox 869 963 929 1006; x_wconf 86' lang='lat' dir='ltr'>sua</span> <span class='ocrx_word' id='word_1_43' title='bbox 948 941 1119 1006; x_wconf 84' lang='lat' dir='ltr'>certificari</span> <span class='ocrx_word' id='word_1_44' title='bbox 1140 941 1168 1006; x_wconf 91' lang='lat' dir='ltr'>si</span> <span class='ocrx_word' id='word_1_45' title='bbox 1191 949 1299 1007; x_wconf 79' lang='lat' dir='ltr'>essent</span> 
     </span>
     <span class='ocr_line' id='line_1_6' title="bbox 185 1043 1299 1132; baseline 0 -22"><span class='ocrx_word' id='word_1_46' title='bbox 185 1046 330 1132; x_wconf 80' lang='lat' dir='ltr'>utlagati</span> <span class='ocrx_word' id='word_1_47' title='bbox 359 1045 522 1110; x_wconf 75' lang='lat' dir='ltr'>occasione</span> <span class='ocrx_word' id='word_1_48' title='bbox 552 1067 673 1132; x_wconf 84' lang='lat' dir='ltr'>gwerre</span> <span class='ocrx_word' id='word_1_49' title='bbox 703 1044 791 1108; x_wconf 89' lang='lat' dir='ltr'>inter</span> <span class='ocrx_word' id='word_1_50' title='bbox 826 1043 933 1130; x_wconf 86' lang='lat' dir='ltr'>ipsum</span> <span class='ocrx_word' id='word_1_51' title='bbox 969 1043 1063 1109; x_wconf 90' lang='lat' dir='ltr'>Dom.</span> <span class='ocrx_word' id='word_1_52' title='bbox 1101 1044 1226 1132; x_wconf 85' lang='lat' dir='ltr'>Regem</span> <span class='ocrx_word' id='word_1_53' title='bbox 1263 1051 1299 1110; x_wconf 92' lang='lat' dir='ltr'>et</span> 
     </span>
     <span class='ocr_line' id='line_1_7' title="bbox 187 1146 1299 1234; baseline 0 -22"><span class='ocrx_word' id='word_1_54' title='bbox 187 1147 372 1234; x_wconf 88' lang='lat' dir='ltr'>predictum</span> <span class='ocrx_word' id='word_1_55' title='bbox 408 1148 644 1226; x_wconf 81' lang='lat' dir='ltr'>Merescallum‚</span> <span class='ocrx_word' id='word_1_56' title='bbox 676 1147 731 1212; x_wconf 92' lang='lat' dir='ltr'>uel</span> <span class='ocrx_word' id='word_1_57' title='bbox 768 1168 842 1225; x_wconf 88' lang='lat' dir='ltr'>non,</span> <span class='ocrx_word' id='word_1_58' title='bbox 879 1154 914 1212; x_wconf 90' lang='lat' dir='ltr'>et</span> <span class='ocrx_word' id='word_1_59' title='bbox 948 1146 976 1210; x_wconf 93' lang='lat' dir='ltr'>si</span> <span class='ocrx_word' id='word_1_60' title='bbox 1010 1153 1119 1212; x_wconf 87' lang='lat' dir='ltr'>essent</span> <span class='ocrx_word' id='word_1_61' title='bbox 1148 1147 1299 1234; x_wconf 79' lang='lat' dir='ltr'>utlagati,</span> 
     </span>
     <span class='ocr_line' id='line_1_8' title="bbox 188 1249 1298 1338; baseline -0.004 -21"><span class='ocrx_word' id='word_1_62' title='bbox 188 1252 359 1338; x_wconf 82' lang='lat' dir='ltr'>pecierunt</span> <span class='ocrx_word' id='word_1_63' title='bbox 387 1267 445 1338; x_wconf 87' lang='lat' dir='ltr'>pro</span> <span class='ocrx_word' id='word_1_64' title='bbox 475 1273 508 1317; x_wconf 88' lang='lat' dir='ltr'>se</span> <span class='ocrx_word' id='word_1_65' title='bbox 538 1260 573 1316; x_wconf 90' lang='lat' dir='ltr'>et</span> <span class='ocrx_word' id='word_1_66' title='bbox 602 1251 674 1316; x_wconf 86' lang='lat' dir='ltr'>aliis</span> <span class='ocrx_word' id='word_1_67' title='bbox 696 1259 735 1316; x_wconf 87' lang='lat' dir='ltr'>ut</span> <span class='ocrx_word' id='word_1_68' title='bbox 759 1251 852 1316; x_wconf 93' lang='lat' dir='ltr'>Dom.</span> <span class='ocrx_word' id='word_1_69' title='bbox 880 1251 952 1315; x_wconf 84' lang='lat' dir='ltr'>Rex</span> <span class='ocrx_word' id='word_1_70' title='bbox 973 1249 1071 1314; x_wconf 89' lang='lat' dir='ltr'>sciret</span> <span class='ocrx_word' id='word_1_71' title='bbox 1092 1271 1151 1335; x_wconf 90' lang='lat' dir='ltr'>per</span> <span class='ocrx_word' id='word_1_72' title='bbox 1176 1249 1298 1314; x_wconf 86' lang='lat' dir='ltr'>curiam</span> 
     </span>
     <span class='ocr_line' id='line_1_9' title="bbox 188 1349 1299 1443; baseline -0.003 -22"><span class='ocrx_word' id='word_1_73' title='bbox 188 1379 283 1421; x_wconf 84' lang='lat' dir='ltr'>suam</span> <span class='ocrx_word' id='word_1_74' title='bbox 298 1365 409 1421; x_wconf 88' lang='lat' dir='ltr'>utrum</span> <span class='ocrx_word' id='word_1_75' title='bbox 425 1355 586 1443; x_wconf 83' lang='lat' dir='ltr'>utlagatio</span> <span class='ocrx_word' id='word_1_76' title='bbox 601 1356 688 1420; x_wconf 85' lang='lat' dir='ltr'>fecta</span> <span class='ocrx_word' id='word_1_77' title='bbox 702 1361 787 1420; x_wconf 90' lang='lat' dir='ltr'>esset</span> <span class='ocrx_word' id='word_1_78' title='bbox 802 1349 897 1433; x_wconf 87' lang='lat' dir='ltr'>iuste,</span> <span class='ocrx_word' id='word_1_79' title='bbox 912 1353 966 1418; x_wconf 91' lang='lat' dir='ltr'>uel</span> <span class='ocrx_word' id='word_1_80' title='bbox 981 1375 1056 1430; x_wconf 91' lang='lat' dir='ltr'>non,</span> <span class='ocrx_word' id='word_1_81' title='bbox 1071 1360 1105 1417; x_wconf 90' lang='lat' dir='ltr'>et</span> <span class='ocrx_word' id='word_1_82' title='bbox 1120 1353 1299 1419; x_wconf 89' lang='lat' dir='ltr'>secundum</span> 
     </span>
     <span class='ocr_line' id='line_1_10' title="bbox 189 1455 1300 1546; baseline -0.001 -22"><span class='ocrx_word' id='word_1_83' title='bbox 189 1459 283 1546; x_wconf 85' lang='lat' dir='ltr'>regni</span> <span class='ocrx_word' id='word_1_84' title='bbox 304 1457 503 1536; x_wconf 83' lang='lat' dir='ltr'>consuetud,</span> <span class='ocrx_word' id='word_1_85' title='bbox 519 1465 554 1523; x_wconf 93' lang='lat' dir='ltr'>et</span> <span class='ocrx_word' id='word_1_86' title='bbox 574 1458 602 1523; x_wconf 87' lang='lat' dir='ltr'>si</span> <span class='ocrx_word' id='word_1_87' title='bbox 621 1458 730 1522; x_wconf 88' lang='lat' dir='ltr'>minus</span> <span class='ocrx_word' id='word_1_88' title='bbox 746 1457 833 1523; x_wconf 81' lang='lat' dir='ltr'>iuste</span> <span class='ocrx_word' id='word_1_89' title='bbox 856 1458 942 1522; x_wconf 83' lang='lat' dir='ltr'>iacta</span> <span class='ocrx_word' id='word_1_90' title='bbox 964 1455 1057 1535; x_wconf 87' lang='lat' dir='ltr'>esset,</span> <span class='ocrx_word' id='word_1_91' title='bbox 1072 1456 1240 1542; x_wconf 84' lang='lat' dir='ltr'>pecierunt</span> <span class='ocrx_word' id='word_1_92' title='bbox 1259 1459 1300 1523; x_wconf 90' lang='lat' dir='ltr'>ut</span> 
     </span>
     <span class='ocr_line' id='line_1_11' title="bbox 183 1559 1300 1646; baseline 0 -20"><span class='ocrx_word' id='word_1_93' title='bbox 183 1559 251 1627; x_wconf 81' lang='lat' dir='ltr'>.hoc</span> <span class='ocrx_word' id='word_1_94' title='bbox 266 1562 313 1626; x_wconf 86' lang='lat' dir='ltr'>eis</span> <span class='ocrx_word' id='word_1_95' title='bbox 328 1560 556 1626; x_wconf 80' lang='lat' dir='ltr'>emendaretur</span> <span class='ocrx_word' id='word_1_96' title='bbox 570 1561 605 1626; x_wconf 91' lang='lat' dir='ltr'>in</span> <span class='ocrx_word' id='word_1_97' title='bbox 620 1560 710 1626; x_wconf 83' lang='lat' dir='ltr'>curie</span> <span class='ocrx_word' id='word_1_98' title='bbox 723 1581 790 1625; x_wconf 87' lang='lat' dir='ltr'>sua.</span> <span class='ocrx_word' id='word_1_99' title='bbox 844 1561 889 1625; x_wconf 89' lang='lat' dir='ltr'>Et</span> <span class='ocrx_word' id='word_1_100' title='bbox 904 1559 981 1646; x_wconf 87' lang='lat' dir='ltr'>quie</span> <span class='ocrx_word' id='word_1_101' title='bbox 995 1559 1089 1624; x_wconf 91' lang='lat' dir='ltr'>Dom.</span> <span class='ocrx_word' id='word_1_102' title='bbox 1106 1560 1178 1624; x_wconf 84' lang='lat' dir='ltr'>Rex</span> <span class='ocrx_word' id='word_1_103' title='bbox 1193 1560 1300 1626; x_wconf 85' lang='lat' dir='ltr'>uoluit</span> 
     </span>
     <span class='ocr_line' id='line_1_12' title="bbox 189 1663 1300 1752; baseline 0 -22"><span class='ocrx_word' id='word_1_104' title='bbox 189 1665 365 1752; x_wconf 89' lang='lat' dir='ltr'>unicuique</span> <span class='ocrx_word' id='word_1_105' title='bbox 394 1665 429 1730; x_wconf 91' lang='lat' dir='ltr'>in</span> <span class='ocrx_word' id='word_1_106' title='bbox 459 1667 549 1730; x_wconf 85' lang='lat' dir='ltr'>curia</span> <span class='ocrx_word' id='word_1_107' title='bbox 584 1688 643 1730; x_wconf 83' lang='lat' dir='ltr'>sue</span> <span class='ocrx_word' id='word_1_108' title='bbox 678 1663 842 1730; x_wconf 86' lang='lat' dir='ltr'>iusticiam</span> <span class='ocrx_word' id='word_1_109' title='bbox 872 1663 1027 1743; x_wconf 83' lang='lat' dir='ltr'>exhiberi,</span> <span class='ocrx_word' id='word_1_110' title='bbox 1056 1663 1126 1728; x_wconf 84' lang='lat' dir='ltr'>die&#39;</span> <span class='ocrx_word' id='word_1_111' title='bbox 1163 1665 1300 1730; x_wconf 84' lang='lat' dir='ltr'>Sebbeti</span> 
     </span>
     <span class='ocr_line' id='line_1_13' title="bbox 190 1767 1301 1857; baseline 0.001 -23"><span class='ocrx_word' id='word_1_112' title='bbox 190 1771 338 1857; x_wconf 83' lang='lat' dir='ltr'>proxime</span> <span class='ocrx_word' id='word_1_113' title='bbox 363 1778 440 1835; x_wconf 87' lang='lat' dir='ltr'>ante</span> <span class='ocrx_word' id='word_1_114' title='bbox 465 1769 715 1835; x_wconf 84' lang='lat' dir='ltr'>Asscencionem</span> <span class='ocrx_word' id='word_1_115' title='bbox 745 1768 887 1845; x_wconf 90' lang='lat' dir='ltr'>Domini,</span> <span class='ocrx_word' id='word_1_116' title='bbox 917 1767 1079 1832; x_wconf 85' lang='lat' dir='ltr'>Dominus</span> <span class='ocrx_word' id='word_1_117' title='bbox 1108 1769 1301 1835; x_wconf 89' lang='lat' dir='ltr'>conuocauit</span> 
     </span>
     <span class='ocr_line' id='line_1_14' title="bbox 191 1866 1300 1955; baseline 0 -21"><span class='ocrx_word' id='word_1_118' title='bbox 191 1891 303 1934; x_wconf 89' lang='lat' dir='ltr'>omnes</span> <span class='ocrx_word' id='word_1_119' title='bbox 331 1868 517 1955; x_wconf 79' lang='lat' dir='ltr'>magnstos³</span> <span class='ocrx_word' id='word_1_120' title='bbox 546 1867 581 1933; x_wconf 91' lang='lat' dir='ltr'>in</span> <span class='ocrx_word' id='word_1_121' title='bbox 611 1869 701 1932; x_wconf 82' lang='lat' dir='ltr'>curie</span> <span class='ocrx_word' id='word_1_122' title='bbox 729 1889 789 1932; x_wconf 85' lang='lat' dir='ltr'>sue</span> <span class='ocrx_word' id='word_1_123' title='bbox 818 1874 897 1932; x_wconf 90' lang='lat' dir='ltr'>tunc</span> <span class='ocrx_word' id='word_1_124' title='bbox 928 1866 1115 1946; x_wconf 84' lang='lat' dir='ltr'>existentes,</span> <span class='ocrx_word' id='word_1_125' title='bbox 1143 1867 1300 1934; x_wconf 89' lang='lat' dir='ltr'>uidelicet</span> 
     </span>
     <span class='ocr_line' id='line_1_15' title="bbox 188 1970 1300 2058; baseline 0 -20"><span class='ocrx_word' id='word_1_126' title='bbox 188 1971 285 2038; x_wconf 87' lang='lat' dir='ltr'>Dom.</span> <span class='ocrx_word' id='word_1_127' title='bbox 303 1972 571 2038; x_wconf 83' lang='lat' dir='ltr'>Cantuariensem</span> <span class='ocrx_word' id='word_1_128' title='bbox 583 1970 887 2058; x_wconf 82' lang='lat' dir='ltr'>Archiepisc&#39;opum‘</span> <span class='ocrx_word' id='word_1_129' title='bbox 897 1977 933 2036; x_wconf 90' lang='lat' dir='ltr'>et</span> <span class='ocrx_word' id='word_1_130' title='bbox 945 1970 1110 2056; x_wconf 85' lang='lat' dir='ltr'>episcopos</span> <span class='ocrx_word' id='word_1_131' title='bbox 1121 1979 1156 2036; x_wconf 91' lang='lat' dir='ltr'>et</span> <span class='ocrx_word' id='word_1_132' title='bbox 1165 1972 1300 2038; x_wconf 86' lang='lat' dir='ltr'>comites</span> 
     </span>
     <span class='ocr_line' id='line_1_16' title="bbox 192 2073 1300 2162; baseline 0 -22"><span class='ocrx_word' id='word_1_133' title='bbox 192 2084 227 2140; x_wconf 88' lang='grc'>61</span> <span class='ocrx_word' id='word_1_134' title='bbox 241 2075 329 2155; x_wconf 83' lang='lat' dir='ltr'>alios,</span> <span class='ocrx_word' id='word_1_135' title='bbox 344 2097 451 2140; x_wconf 89' lang='lat' dir='ltr'>coram</span> <span class='ocrx_word' id='word_1_136' title='bbox 467 2074 586 2161; x_wconf 89' lang='lat' dir='ltr'>quibus</span> <span class='ocrx_word' id='word_1_137' title='bbox 601 2073 715 2139; x_wconf 90' lang='lat' dir='ltr'>modus</span> <span class='ocrx_word' id='word_1_138' title='bbox 734 2073 948 2160; x_wconf 85' lang='lat' dir='ltr'>utlagacionis</span> <span class='ocrx_word' id='word_1_139' title='bbox 968 2075 1134 2160; x_wconf 84' lang='lat' dir='ltr'>expositus</span> <span class='ocrx_word' id='word_1_140' title='bbox 1155 2075 1227 2154; x_wconf 90' lang='lat' dir='ltr'>fuit,</span> <span class='ocrx_word' id='word_1_141' title='bbox 1242 2076 1300 2162; x_wconf 93' lang='lat' dir='ltr'>qui</span> 
     </span>
     <span class='ocr_line' id='line_1_17' title="bbox 190 2177 1301 2267; baseline 0.001 -24"><span class='ocrx_word' id='word_1_142' title='bbox 190 2178 268 2244; x_wconf 75' lang='lat' dir='ltr'>&#39;telis</span> <span class='ocrx_word' id='word_1_143' title='bbox 290 2186 348 2256; x_wconf 90' lang='lat' dir='ltr'>est,</span> <span class='ocrx_word' id='word_1_144' title='bbox 369 2177 465 2258; x_wconf 81' lang='lat' dir='ltr'>Quod</span> <span class='ocrx_word' id='word_1_145' title='bbox 487 2177 628 2243; x_wconf 90' lang='lat' dir='ltr'>deducto</span> <span class='ocrx_word' id='word_1_146' title='bbox 649 2177 769 2264; x_wconf 86' lang='lat' dir='ltr'>placito</span> <span class='ocrx_word' id='word_1_147' title='bbox 791 2178 939 2244; x_wconf 88' lang='lat' dir='ltr'>incuria</span> <span class='ocrx_word' id='word_1_148' title='bbox 964 2178 1057 2243; x_wconf 92' lang='lat' dir='ltr'>Dom.</span> <span class='ocrx_word' id='word_1_149' title='bbox 1085 2179 1185 2267; x_wconf 87' lang='lat' dir='ltr'>Regis</span> <span class='ocrx_word' id='word_1_150' title='bbox 1213 2178 1301 2244; x_wconf 88' lang='lat' dir='ltr'>inter</span> 
     </span>
     <span class='ocr_line' id='line_1_18' title="bbox 192 2282 1300 2369; baseline 0.003 -22"><span class='ocrx_word' id='word_1_151' title='bbox 192 2283 375 2369; x_wconf 89' lang='lat' dir='ltr'>predictum</span> <span class='ocrx_word' id='word_1_152' title='bbox 391 2282 595 2348; x_wconf 87' lang='lat' dir='ltr'>Gilebertum</span> <span class='ocrx_word' id='word_1_153' title='bbox 611 2290 645 2347; x_wconf 90' lang='lat' dir='ltr'>et</span> <span class='ocrx_word' id='word_1_154' title='bbox 668 2282 802 2348; x_wconf 88' lang='lat' dir='ltr'>Petrum</span> <span class='ocrx_word' id='word_1_155' title='bbox 822 2282 863 2348; x_wconf 90' lang='lat' dir='ltr'>de</span> <span class='ocrx_word' id='word_1_156' title='bbox 884 2283 972 2348; x_wconf 85' lang='lat' dir='ltr'>Melo</span> <span class='ocrx_word' id='word_1_157' title='bbox 992 2284 1080 2348; x_wconf 85' lang='lat' dir='ltr'>Lacu</span> <span class='ocrx_word' id='word_1_158' title='bbox 1100 2283 1141 2349; x_wconf 89' lang='lat' dir='ltr'>de</span> <span class='ocrx_word' id='word_1_159' title='bbox 1156 2283 1300 2350; x_wconf 80' lang='lat' dir='ltr'>manerio</span> 
     </span>
     <span class='ocr_line' id='line_1_19' title="bbox 192 2387 1301 2474; baseline 0 -22"><span class='ocrx_word' id='word_1_160' title='bbox 192 2387 233 2452; x_wconf 92' lang='lat' dir='ltr'>de</span> <span class='ocrx_word' id='word_1_161' title='bbox 248 2387 466 2474; x_wconf 80' lang='lat' dir='ltr'>Uppeeuene⁵</span> <span class='ocrx_word' id='word_1_162' title='bbox 480 2410 583 2473; x_wconf 90' lang='lat' dir='ltr'>usque</span> <span class='ocrx_word' id='word_1_163' title='bbox 597 2387 640 2452; x_wconf 87' lang='lat' dir='ltr'>ad</span> <span class='ocrx_word' id='word_1_164' title='bbox 654 2387 820 2464; x_wconf 84' lang='lat' dir='ltr'>iudiciuin,</span> <span class='ocrx_word' id='word_1_165' title='bbox 835 2387 923 2453; x_wconf 89' lang='lat' dir='ltr'>idem</span> <span class='ocrx_word' id='word_1_166' title='bbox 939 2387 1125 2453; x_wconf 84' lang='lat' dir='ltr'>Gilebertus</span> <span class='ocrx_word' id='word_1_167' title='bbox 1139 2388 1301 2453; x_wconf 87' lang='lat' dir='ltr'>instanter</span> 
     </span>
     <span class='ocr_line' id='line_1_20' title="bbox 192 2489 1300 2578; baseline 0 -22"><span class='ocrx_word' id='word_1_168' title='bbox 192 2490 292 2577; x_wconf 90' lang='lat' dir='ltr'>peciit</span> <span class='ocrx_word' id='word_1_169' title='bbox 315 2491 480 2569; x_wconf 90' lang='lat' dir='ltr'>iudicium,</span> <span class='ocrx_word' id='word_1_170' title='bbox 507 2489 564 2556; x_wconf 89' lang='lat' dir='ltr'>sed</span> <span class='ocrx_word' id='word_1_171' title='bbox 585 2490 743 2556; x_wconf 89' lang='lat' dir='ltr'>iudicium</span> <span class='ocrx_word' id='word_1_172' title='bbox 767 2491 886 2557; x_wconf 84' lang='lat' dir='ltr'>hebere</span> <span class='ocrx_word' id='word_1_173' title='bbox 912 2515 978 2557; x_wconf 93' lang='lat' dir='ltr'>non</span> <span class='ocrx_word' id='word_1_174' title='bbox 1001 2493 1119 2578; x_wconf 88' lang='lat' dir='ltr'>potuit,</span> <span class='ocrx_word' id='word_1_175' title='bbox 1146 2514 1184 2558; x_wconf 94' lang='lat' dir='ltr'>eo</span> <span class='ocrx_word' id='word_1_176' title='bbox 1213 2491 1300 2578; x_wconf 90' lang='lat' dir='ltr'>quod</span> 
     </span>
     <span class='ocr_line' id='line_1_21' title="bbox 192 2595 1300 2681; baseline 0.002 -22"><span class='ocrx_word' id='word_1_177' title='bbox 192 2595 314 2660; x_wconf 82' lang='lat' dir='ltr'>iustic&#39;⁶</span> <span class='ocrx_word' id='word_1_178' title='bbox 335 2595 427 2660; x_wconf 92' lang='lat' dir='ltr'>Dom.</span> <span class='ocrx_word' id='word_1_179' title='bbox 445 2595 544 2681; x_wconf 86' lang='lat' dir='ltr'>Regis</span> <span class='ocrx_word' id='word_1_180' title='bbox 565 2601 599 2660; x_wconf 90' lang='lat' dir='ltr'>et</span> <span class='ocrx_word' id='word_1_181' title='bbox 621 2602 791 2681; x_wconf 79' lang='lat' dir='ltr'>magnetes</span> <span class='ocrx_word' id='word_1_182' title='bbox 813 2595 870 2681; x_wconf 92' lang='lat' dir='ltr'>qui</span> <span class='ocrx_word' id='word_1_183' title='bbox 891 2595 1012 2661; x_wconf 93' lang='lat' dir='ltr'>iudicio</span> <span class='ocrx_word' id='word_1_184' title='bbox 1034 2596 1179 2662; x_wconf 84' lang='lat' dir='ltr'>faciendo</span> <span class='ocrx_word' id='word_1_185' title='bbox 1199 2596 1300 2662; x_wconf 89' lang='lat' dir='ltr'>inter·</span> 
     </span>
     <span class='ocr_line' id='line_1_22' title="bbox 193 2697 1300 2785; baseline 0.002 -23"><span class='ocrx_word' id='word_1_186' title='bbox 193 2697 322 2762; x_wconf 81' lang='lat' dir='ltr'>fuerant</span> <span class='ocrx_word' id='word_1_187' title='bbox 337 2697 512 2762; x_wconf 87' lang='lat' dir='ltr'>noluerunt</span> <span class='ocrx_word' id='word_1_188' title='bbox 526 2719 624 2784; x_wconf 86' lang='lat' dir='ltr'>super</span> <span class='ocrx_word' id='word_1_189' title='bbox 637 2705 760 2762; x_wconf 86' lang='lat' dir='ltr'>cartam</span> <span class='ocrx_word' id='word_1_190' title='bbox 775 2697 869 2764; x_wconf 90' lang='lat' dir='ltr'>Dom.</span> <span class='ocrx_word' id='word_1_191' title='bbox 885 2698 984 2785; x_wconf 87' lang='lat' dir='ltr'>Regis</span> <span class='ocrx_word' id='word_1_192' title='bbox 999 2698 1156 2764; x_wconf 90' lang='lat' dir='ltr'>iudicium</span> <span class='ocrx_word' id='word_1_193' title='bbox 1172 2697 1300 2776; x_wconf 61' lang='grc'><strong>1666161,</strong></span> 
     </span>
     <span class='ocr_line' id='line_1_23' title="bbox 193 2799 1299 2886; baseline 0.002 -22"><span class='ocrx_word' id='word_1_194' title='bbox 193 2800 280 2865; x_wconf 91' lang='lat' dir='ltr'>unde</span> <span class='ocrx_word' id='word_1_195' title='bbox 294 2799 388 2864; x_wconf 83' lang='lat' dir='ltr'>Dom.</span> <span class='ocrx_word' id='word_1_196' title='bbox 405 2799 475 2864; x_wconf 83' lang='lat' dir='ltr'>Rex</span> <span class='ocrx_word' id='word_1_197' title='bbox 491 2799 531 2864; x_wconf 93' lang='lat' dir='ltr'>de</span> <span class='ocrx_word' id='word_1_198' title='bbox 547 2800 718 2865; x_wconf 84' lang='lat' dir='ltr'>uoluntate</span> <span class='ocrx_word' id='word_1_199' title='bbox 735 2823 794 2865; x_wconf 86' lang='lat' dir='ltr'>sua</span> <span class='ocrx_word' id='word_1_200' title='bbox 808 2800 916 2886; x_wconf 89' lang='lat' dir='ltr'>ipsum</span> <span class='ocrx_word' id='word_1_201' title='bbox 938 2801 1142 2867; x_wconf 87' lang='lat' dir='ltr'>Gilebertum</span> <span class='ocrx_word' id='word_1_202' title='bbox 1160 2800 1299 2866; x_wconf 85' lang='lat' dir='ltr'>disseisi·</span> 
     </span>
     <span class='ocr_line' id='line_1_24' title="bbox 192 2902 1300 2980; baseline 0.003 -14"><span class='ocrx_word' id='word_1_203' title='bbox 192 2902 252 2980; x_wconf 91' lang='lat' dir='ltr'>uit,</span> <span class='ocrx_word' id='word_1_204' title='bbox 276 2909 311 2967; x_wconf 89' lang='lat' dir='ltr'>et</span> <span class='ocrx_word' id='word_1_205' title='bbox 334 2902 515 2967; x_wconf 87' lang='lat' dir='ltr'>manerium</span> <span class='ocrx_word' id='word_1_206' title='bbox 540 2903 623 2968; x_wconf 91' lang='lat' dir='ltr'>illud</span> <span class='ocrx_word' id='word_1_207' title='bbox 645 2903 782 2968; x_wconf 73' lang='lat' dir='ltr'>tradidit</span> <span class='ocrx_word' id='word_1_208' title='bbox 804 2903 911 2968; x_wconf 90' lang='lat' dir='ltr'>eidem</span> <span class='ocrx_word' id='word_1_209' title='bbox 934 2904 1038 2970; x_wconf 83' lang='lat' dir='ltr'>Petro,</span> <span class='ocrx_word' id='word_1_210' title='bbox 1083 2905 1201 2969; x_wconf 80' lang='lat' dir='ltr'>Postea</span> <span class='ocrx_word' id='word_1_211' title='bbox 1223 2925 1300 2970; x_wconf 90' lang='lat' dir='ltr'>uero</span> 
     </span>
     <span class='ocr_line' id='line_1_25' title="bbox 193 3005 1299 3093; baseline 0.002 -23"><span class='ocrx_word' id='word_1_212' title='bbox 193 3005 270 3091; x_wconf 91' lang='lat' dir='ltr'>quia</span> <span class='ocrx_word' id='word_1_213' title='bbox 284 3013 475 3092; x_wconf 87' lang='lat' dir='ltr'>suggestum</span> <span class='ocrx_word' id='word_1_214' title='bbox 490 3005 554 3070; x_wconf 84' lang='lat' dir='ltr'>fuit</span> <span class='ocrx_word' id='word_1_215' title='bbox 568 3005 661 3071; x_wconf 92' lang='lat' dir='ltr'>Dom.</span> <span class='ocrx_word' id='word_1_216' title='bbox 678 3006 765 3093; x_wconf 88' lang='lat' dir='ltr'>Regi</span> <span class='ocrx_word' id='word_1_217' title='bbox 778 3006 865 3093; x_wconf 91' lang='lat' dir='ltr'>quod</span> <span class='ocrx_word' id='word_1_218' title='bbox 879 3005 965 3071; x_wconf 90' lang='lat' dir='ltr'>idem</span> <span class='ocrx_word' id='word_1_219' title='bbox 980 3006 1166 3071; x_wconf 86' lang='lat' dir='ltr'>Gilebertus</span> <span class='ocrx_word' id='word_1_220' title='bbox 1180 3005 1299 3072; x_wconf 86' lang='lat' dir='ltr'>dixisse</span> 
     </span>
     <span class='ocr_line' id='line_1_26' title="bbox 192 3109 1299 3196; baseline 0.001 -21"><span class='ocrx_word' id='word_1_221' title='bbox 192 3109 308 3176; x_wconf 86' lang='lat' dir='ltr'>debuit</span> <span class='ocrx_word' id='word_1_222' title='bbox 322 3109 461 3195; x_wconf 86' lang='lat' dir='ltr'>quedem</span> <span class='ocrx_word' id='word_1_223' title='bbox 477 3109 578 3174; x_wconf 88' lang='lat' dir='ltr'>uerba</span> <span class='ocrx_word' id='word_1_224' title='bbox 591 3117 673 3195; x_wconf 90' lang='lat' dir='ltr'>aput</span> <span class='ocrx_word' id='word_1_225' title='bbox 695 3110 954 3174; x_wconf 86' lang='lat' dir='ltr'>Norhamtonam</span> <span class='ocrx_word' id='word_1_226' title='bbox 974 3109 1010 3174; x_wconf 93' lang='lat' dir='ltr'>in</span> <span class='ocrx_word' id='word_1_227' title='bbox 1030 3109 1184 3196; x_wconf 85' lang='lat' dir='ltr'>despectu</span> <span class='ocrx_word' id='word_1_228' title='bbox 1205 3110 1299 3176; x_wconf 89' lang='lat' dir='ltr'>Dom.</span> 
     </span>
     <span class='ocr_line' id='line_1_27' title="bbox 193 3213 1300 3301; baseline -0.002 -21"><span class='ocrx_word' id='word_1_229' title='bbox 193 3214 302 3301; x_wconf 85' lang='lat' dir='ltr'>Regis,</span> <span class='ocrx_word' id='word_1_230' title='bbox 331 3214 372 3280; x_wconf 93' lang='lat' dir='ltr'>de</span> <span class='ocrx_word' id='word_1_231' title='bbox 402 3214 520 3300; x_wconf 87' lang='lat' dir='ltr'>quibus</span> <span class='ocrx_word' id='word_1_232' title='bbox 548 3237 614 3278; x_wconf 90' lang='lat' dir='ltr'>non</span> <span class='ocrx_word' id='word_1_233' title='bbox 642 3214 707 3279; x_wconf 86' lang='lat' dir='ltr'>fuit</span> <span class='ocrx_word' id='word_1_234' title='bbox 735 3213 913 3292; x_wconf 90' lang='lat' dir='ltr'>conuictus,</span> <span class='ocrx_word' id='word_1_235' title='bbox 942 3220 977 3278; x_wconf 89' lang='lat' dir='ltr'>et</span> <span class='ocrx_word' id='word_1_236' title='bbox 1005 3215 1137 3299; x_wconf 87' lang='lat' dir='ltr'>propter</span> <span class='ocrx_word' id='word_1_237' title='bbox 1165 3213 1230 3278; x_wconf 88' lang='lat' dir='ltr'>alia</span> <span class='ocrx_word' id='word_1_238' title='bbox 1258 3213 1300 3284; x_wconf 91' lang='lat' dir='ltr'>de</span> 
     </span>
     <span class='ocr_line' id='line_1_28' title="bbox 194 3316 1299 3403; baseline 0 -21"><span class='ocrx_word' id='word_1_239' title='bbox 194 3317 313 3403; x_wconf 89' lang='lat' dir='ltr'>quibus</span> <span class='ocrx_word' id='word_1_240' title='bbox 341 3325 413 3382; x_wconf 83' lang='lat' dir='ltr'>orte</span> <span class='ocrx_word' id='word_1_241' title='bbox 441 3317 505 3382; x_wconf 84' lang='lat' dir='ltr'>fuit</span> <span class='ocrx_word' id='word_1_242' title='bbox 532 3317 699 3382; x_wconf 90' lang='lat' dir='ltr'>contentio</span> <span class='ocrx_word' id='word_1_243' title='bbox 728 3317 816 3381; x_wconf 86' lang='lat' dir='ltr'>inter</span> <span class='ocrx_word' id='word_1_244' title='bbox 844 3317 936 3383; x_wconf 81' lang='lat' dir='ltr'>Dom</span> <span class='ocrx_word' id='word_1_245' title='bbox 973 3316 1113 3403; x_wconf 88' lang='lat' dir='ltr'>Regem</span> <span class='ocrx_word' id='word_1_246' title='bbox 1128 3323 1162 3380; x_wconf 96' lang='grc'>61</span> <span class='ocrx_word' id='word_1_247' title='bbox 1191 3316 1299 3402; x_wconf 87' lang='lat' dir='ltr'>ipsum</span> 
     </span>
     <span class='ocr_line' id='line_1_29' title="bbox 194 3417 1300 3505; baseline -0.001 -20"><span class='ocrx_word' id='word_1_248' title='bbox 194 3420 399 3486; x_wconf 86' lang='lat' dir='ltr'>Gilebertum</span> <span class='ocrx_word' id='word_1_249' title='bbox 426 3427 509 3505; x_wconf 80' lang='lat' dir='ltr'>aput</span> <span class='ocrx_word' id='word_1_250' title='bbox 533 3419 783 3497; x_wconf 85' lang='lat' dir='ltr'>Stretffordiam,</span> <span class='ocrx_word' id='word_1_251' title='bbox 807 3417 969 3505; x_wconf 80' lang='lat' dir='ltr'>precepit⁸</span> <span class='ocrx_word' id='word_1_252' title='bbox 991 3419 1086 3496; x_wconf 20' lang='lat' dir='ltr'>Dom..</span> <span class='ocrx_word' id='word_1_253' title='bbox 1112 3418 1183 3483; x_wconf 83' lang='lat' dir='ltr'>Rex</span> <span class='ocrx_word' id='word_1_254' title='bbox 1213 3419 1300 3504; x_wconf 88' lang='lat' dir='ltr'>quod</span> 
     </span>
     <span class='ocr_line' id='line_1_30' title="bbox 193 3519 1299 3615; baseline 0 -27"><span class='ocrx_word' id='word_1_255' title='bbox 193 3521 374 3588; x_wconf 85' lang='lat' dir='ltr'>disseisitus</span> <span class='ocrx_word' id='word_1_256' title='bbox 400 3531 484 3588; x_wconf 89' lang='lat' dir='ltr'>esset</span> <span class='ocrx_word' id='word_1_257' title='bbox 506 3523 547 3588; x_wconf 89' lang='lat' dir='ltr'>de</span> <span class='ocrx_word' id='word_1_258' title='bbox 569 3523 664 3588; x_wconf 89' lang='lat' dir='ltr'>terris</span> <span class='ocrx_word' id='word_1_259' title='bbox 686 3523 754 3590; x_wconf 87' lang='lat' dir='ltr'>suis</span> <span class='ocrx_word' id='word_1_260' title='bbox 771 3523 856 3600; x_wconf 88' lang='lat' dir='ltr'>eliis,</span> <span class='ocrx_word' id='word_1_261' title='bbox 880 3530 915 3588; x_wconf 91' lang='lat' dir='ltr'>et</span> <span class='ocrx_word' id='word_1_262' title='bbox 937 3519 1138 3615; x_wconf 81' lang='lat' dir='ltr'>licencieuit⁰</span> <span class='ocrx_word' id='word_1_263' title='bbox 1159 3545 1235 3587; x_wconf 89' lang='lat' dir='ltr'>eum</span> <span class='ocrx_word' id='word_1_264' title='bbox 1255 3522 1299 3606; x_wconf 82' lang='lat' dir='ltr'>de</span> 
     </span>
     <span class='ocr_line' id='line_1_31' title="bbox 194 3623 1298 3712; baseline 0 -22"><span class='ocrx_word' id='word_1_265' title='bbox 194 3633 280 3690; x_wconf 89' lang='lat' dir='ltr'>terra</span> <span class='ocrx_word' id='word_1_266' title='bbox 294 3647 360 3690; x_wconf 84' lang='lat' dir='ltr'>sue.</span> <span class='ocrx_word' id='word_1_267' title='bbox 405 3625 524 3690; x_wconf 87' lang='lat' dir='ltr'>Postea</span> <span class='ocrx_word' id='word_1_268' title='bbox 537 3647 614 3690; x_wconf 89' lang='lat' dir='ltr'>uero</span> <span class='ocrx_word' id='word_1_269' title='bbox 629 3648 703 3690; x_wconf 92' lang='lat' dir='ltr'>cum</span> <span class='ocrx_word' id='word_1_270' title='bbox 719 3649 783 3712; x_wconf 85' lang='lat' dir='ltr'>pax</span> <span class='ocrx_word' id='word_1_271' title='bbox 798 3623 1070 3712; x_wconf 87' lang='lat' dir='ltr'>proloqueretur¹⁰</span> <span class='ocrx_word' id='word_1_272' title='bbox 1090 3624 1178 3690; x_wconf 89' lang='lat' dir='ltr'>inter</span> <span class='ocrx_word' id='word_1_273' title='bbox 1191 3626 1298 3712; x_wconf 87' lang='lat' dir='ltr'>ipsum</span> 
     </span>
     <span class='ocr_line' id='line_1_32' title="bbox 189 3727 1299 3817; baseline -0.003 -20"><span class='ocrx_word' id='word_1_274' title='bbox 189 3729 286 3798; x_wconf 85' lang='lat' dir='ltr'>Dom</span> <span class='ocrx_word' id='word_1_275' title='bbox 302 3729 428 3817; x_wconf 88' lang='lat' dir='ltr'>Regem</span> <span class='ocrx_word' id='word_1_276' title='bbox 443 3737 478 3794; x_wconf 94' lang='lat' dir='ltr'>et</span> <span class='ocrx_word' id='word_1_277' title='bbox 492 3729 675 3816; x_wconf 87' lang='lat' dir='ltr'>predictum</span> <span class='ocrx_word' id='word_1_278' title='bbox 690 3727 917 3795; x_wconf 83' lang='lat' dir='ltr'>Merescallum</span> <span class='ocrx_word' id='word_1_279' title='bbox 931 3750 994 3814; x_wconf 90' lang='lat' dir='ltr'>que</span> <span class='ocrx_word' id='word_1_280' title='bbox 1015 3727 1079 3793; x_wconf 85' lang='lat' dir='ltr'>fuit</span> <span class='ocrx_word' id='word_1_281' title='bbox 1094 3736 1250 3807; x_wconf 83' lang='lat' dir='ltr'>assecuta,</span> <span class='ocrx_word' id='word_1_282' title='bbox 1264 3738 1299 3794; x_wconf 90' lang='lat' dir='ltr'>et</span> 
     </span>
     <span class='ocr_line' id='line_1_33' title="bbox 192 3829 1298 3920; baseline -0.003 -23"><span class='ocrx_word' id='word_1_283' title='bbox 192 3839 306 3918; x_wconf 86' lang='lat' dir='ltr'>postea</span> <span class='ocrx_word' id='word_1_284' title='bbox 334 3853 488 3920; x_wconf 83' lang='lat' dir='ltr'>comper</span> <span class='ocrx_word' id='word_1_285' title='bbox 512 3831 675 3919; x_wconf 83' lang='lat' dir='ltr'>inprisos¹¹</span> <span class='ocrx_word' id='word_1_286' title='bbox 704 3832 807 3918; x_wconf 85' lang='lat' dir='ltr'>ipsius</span> <span class='ocrx_word' id='word_1_287' title='bbox 830 3830 1015 3896; x_wconf 84' lang='lat' dir='ltr'>Meresealli</span> <span class='ocrx_word' id='word_1_288' title='bbox 1044 3831 1086 3895; x_wconf 91' lang='lat' dir='ltr'>H.</span> <span class='ocrx_word' id='word_1_289' title='bbox 1117 3829 1158 3895; x_wconf 91' lang='lat' dir='ltr'>de</span> <span class='ocrx_word' id='word_1_290' title='bbox 1188 3831 1298 3917; x_wconf 85' lang='lat' dir='ltr'>Burgo</span> 
     </span>
    </p>
   </div>
   <div class='ocr_carea' id='block_1_3' title="bbox 191 3949 1299 4533">
    <p class='ocr_par' dir='ltr' id='par_1_3' title="bbox 191 3949 1299 4112">
     <span class='ocr_line' id='line_1_34' title="bbox 226 3949 1297 4008; baseline 0.001 -8"><span class='ocrx_word' id='word_1_291' title='bbox 226 3949 413 4004; x_wconf 84' lang='lat' dir='ltr'>¹Gloucester.</span> <span class='ocrx_word' id='word_1_292' title='bbox 713 3989 715 3996; x_wconf 76' lang='lat'>‚</span> <span class='ocrx_word' id='word_1_293' title='bbox 804 3951 858 4001; x_wconf 82' lang='lat' dir='ltr'>¹It</span> <span class='ocrx_word' id='word_1_294' title='bbox 879 3951 903 4006; x_wconf 84' lang='lat' dir='ltr'>is</span> <span class='ocrx_word' id='word_1_295' title='bbox 924 3950 953 4000; x_wconf 90' lang='lat' dir='ltr'>in</span> <span class='ocrx_word' id='word_1_296' title='bbox 976 3949 1129 4000; x_wconf 79' lang='lat' dir='ltr'>connection</span> <span class='ocrx_word' id='word_1_297' title='bbox 1154 3949 1217 4000; x_wconf 78' lang='lat' dir='ltr'>with</span> <span class='ocrx_word' id='word_1_298' title='bbox 1243 3949 1297 4008; x_wconf 80' lang='lat' dir='ltr'>this</span> 
     </span>
     <span class='ocr_line' id='line_1_35' title="bbox 191 4013 1299 4112; baseline -0.003 -45"><span class='ocrx_word' id='word_1_299' title='bbox 191 4051 194 4057; x_wconf 82' lang='lat'><em>·</em></span> <span class='ocrx_word' id='word_1_300' title='bbox 224 4015 314 4112; x_wconf 62' lang='lat' dir='ltr'>:etth</span> <span class='ocrx_word' id='word_1_301' title='bbox 325 4016 394 4079; x_wconf 77' lang='lat' dir='ltr'>May.</span> <span class='ocrx_word' id='word_1_302' title='bbox 772 4015 889 4066; x_wconf 86' lang='lat' dir='ltr'>doctrine</span> <span class='ocrx_word' id='word_1_303' title='bbox 916 4015 974 4066; x_wconf 78' lang='lat' dir='ltr'>thet</span> <span class='ocrx_word' id='word_1_304' title='bbox 1002 4015 1046 4065; x_wconf 82' lang='lat' dir='ltr'>the</span> <span class='ocrx_word' id='word_1_305' title='bbox 1068 4013 1248 4108; x_wconf 33' lang='lat' dir='ltr'>printeddtext</span> <span class='ocrx_word' id='word_1_306' title='bbox 1270 4015 1299 4090; x_wconf 79' lang='lat' dir='ltr'>of</span> 
     </span>
    </p>

    <p class='ocr_par' dir='ltr' id='par_1_4' title="bbox 192 4079 1296 4273">
     <span class='ocr_line' id='line_1_36' title="bbox 225 4079 1296 4207; baseline 0 -13"><span class='ocrx_word' id='word_1_307' title='bbox 225 4147 237 4180; x_wconf 85' lang='lat'><strong>⁴</strong></span> <span class='ocrx_word' id='word_1_308' title='bbox 253 4081 484 4196; x_wconf 49' lang='lat' dir='ltr'>gogdssiiffliiro</span> <span class='ocrx_word' id='word_1_309' title='bbox 495 4145 544 4196; x_wconf 84' lang='lat' dir='ltr'>has</span> <span class='ocrx_word' id='word_1_310' title='bbox 559 4145 626 4198; x_wconf 87' lang='lat' dir='ltr'>done</span> <span class='ocrx_word' id='word_1_311' title='bbox 641 4145 721 4196; x_wconf 88' lang='lat' dir='ltr'>much</span> <span class='ocrx_word' id='word_1_312' title='bbox 771 4079 1034 4207; x_wconf 54' lang='lat' dir='ltr'>tliirtiffi’&#39;h1i:ssi{ee,</span> <span class='ocrx_word' id='word_1_313' title='bbox 1047 4079 1151 4194; x_wconf 56' lang='lat' dir='ltr'>{cippus</span> <span class='ocrx_word' id='word_1_314' title='bbox 1201 4081 1296 4130; x_wconf 42' lang='lat' dir='ltr'><strong>oomn-</strong></span> 
     </span>
     <span class='ocr_line' id='line_1_37' title="bbox 192 4208 1170 4273; baseline 0 -12"><span class='ocrx_word' id='word_1_315' title='bbox 192 4214 221 4261; x_wconf 90' lang='grc' dir='ltr'>1ο</span> <span class='ocrx_word' id='word_1_316' title='bbox 232 4210 308 4272; x_wconf 80' lang='lat' dir='ltr'>bn&#39;ng</span> <span class='ocrx_word' id='word_1_317' title='bbox 318 4211 398 4261; x_wconf 83' lang='lat' dir='ltr'>about</span> <span class='ocrx_word' id='word_1_318' title='bbox 409 4212 454 4261; x_wconf 86' lang='lat' dir='ltr'>the</span> <span class='ocrx_word' id='word_1_319' title='bbox 466 4226 551 4273; x_wconf 84' lang='lat' dir='ltr'>pesce.</span> <span class='ocrx_word' id='word_1_320' title='bbox 803 4210 814 4244; x_wconf 78' lang='lat'>⁸</span> <span class='ocrx_word' id='word_1_321' title='bbox 830 4211 894 4260; x_wconf 82' lang='lat' dir='ltr'>Mat.</span> <span class='ocrx_word' id='word_1_322' title='bbox 906 4210 964 4259; x_wconf 84' lang='lat' dir='ltr'>Par.</span> <span class='ocrx_word' id='word_1_323' title='bbox 975 4209 1026 4258; x_wconf 87' lang='lat' dir='ltr'>vol.</span> <span class='ocrx_word' id='word_1_324' title='bbox 1039 4210 1062 4267; x_wconf 80' lang='grc'>3,</span> <span class='ocrx_word' id='word_1_325' title='bbox 1075 4223 1101 4271; x_wconf 86' lang='lat' dir='ltr'>p.</span> <span class='ocrx_word' id='word_1_326' title='bbox 1113 4208 1170 4261; x_wconf 77' lang='lat'>247.</span> 
     </span>
    </p>

    <p class='ocr_par' dir='ltr' id='par_1_5' title="bbox 193 4272 1177 4404">
     <span class='ocr_line' id='line_1_38' title="bbox 224 4272 1084 4341; baseline -0.005 -15"><span class='ocrx_word' id='word_1_327' title='bbox 224 4275 236 4308; x_wconf 78' lang='lat'>⁸</span> <span class='ocrx_word' id='word_1_328' title='bbox 254 4275 456 4327; x_wconf 75' lang='lat' dir='ltr'>Seesbovecsse</span> <span class='ocrx_word' id='word_1_329' title='bbox 465 4277 514 4330; x_wconf 80' lang='grc'>750</span> <span class='ocrx_word' id='word_1_330' title='bbox 520 4278 559 4326; x_wconf 82' lang='lat' dir='ltr'>for</span> <span class='ocrx_word' id='word_1_331' title='bbox 565 4275 720 4341; x_wconf 70' lang='lat' dir='ltr'>particulare</span> <span class='ocrx_word' id='word_1_332' title='bbox 803 4276 814 4310; x_wconf 83' lang='lat'><strong>⁹</strong></span> <span class='ocrx_word' id='word_1_333' title='bbox 830 4273 981 4332; x_wconf 83' lang='lat' dir='ltr'>Dismissed‚</span> <span class='ocrx_word' id='word_1_334' title='bbox 993 4272 1084 4323; x_wconf 81' lang='lat' dir='ltr'>exiled.</span> 
     </span>
     <span class='ocr_line' id='line_1_39' title="bbox 193 4339 1177 4404; baseline -0.002 -14"><span class='ocrx_word' id='word_1_335' title='bbox 193 4341 222 4390; x_wconf 77' lang='lat' dir='ltr'>ot</span> <span class='ocrx_word' id='word_1_336' title='bbox 228 4339 282 4389; x_wconf 84' lang='lat' dir='ltr'>this</span> <span class='ocrx_word' id='word_1_337' title='bbox 293 4340 404 4404; x_wconf 78' lang='lat' dir='ltr'>disputa</span> <span class='ocrx_word' id='word_1_338' title='bbox 803 4341 824 4372; x_wconf 87' lang='lat'>¹⁰</span> <span class='ocrx_word' id='word_1_339' title='bbox 840 4341 904 4390; x_wconf 81' lang='lat' dir='ltr'>Met.</span> <span class='ocrx_word' id='word_1_340' title='bbox 916 4341 974 4388; x_wconf 85' lang='lat' dir='ltr'>Par.</span> <span class='ocrx_word' id='word_1_341' title='bbox 985 4339 1037 4388; x_wconf 83' lang='lat' dir='ltr'>vol.</span> <span class='ocrx_word' id='word_1_342' title='bbox 1049 4341 1073 4398; x_wconf 82' lang='lat'>3,</span> <span class='ocrx_word' id='word_1_343' title='bbox 1082 4353 1108 4400; x_wconf 73' lang='lat' dir='ltr'>p,</span> <span class='ocrx_word' id='word_1_344' title='bbox 1120 4339 1177 4390; x_wconf 73' lang='grc'><strong>157.</strong></span> 
     </span>
    </p>

    <p class='ocr_par' dir='ltr' id='par_1_6' title="bbox 193 4403 1295 4533">
     <span class='ocr_line' id='line_1_40' title="bbox 225 4403 1295 4471; baseline -0.002 -17"><span class='ocrx_word' id='word_1_345' title='bbox 225 4405 236 4438; x_wconf 80' lang='lat'>⁶</span> <span class='ocrx_word' id='word_1_346' title='bbox 253 4405 379 4470; x_wconf 85' lang='lat' dir='ltr'>Probably</span> <span class='ocrx_word' id='word_1_347' title='bbox 386 4409 538 4466; x_wconf 74' lang='lat' dir='ltr'>iusticiart&#39;i5</span> <span class='ocrx_word' id='word_1_348' title='bbox 552 4407 661 4471; x_wconf 74' lang='lat' dir='ltr'>Regnare</span> <span class='ocrx_word' id='word_1_349' title='bbox 668 4421 720 4457; x_wconf 80' lang='lat' dir='ltr'>was</span> <span class='ocrx_word' id='word_1_350' title='bbox 803 4405 823 4437; x_wconf 92' lang='lat'>¹¹</span> <span class='ocrx_word' id='word_1_351' title='bbox 841 4405 924 4454; x_wconf 81' lang='lat' dir='ltr'>These</span> <span class='ocrx_word' id='word_1_352' title='bbox 936 4404 993 4454; x_wconf 89' lang='lat' dir='ltr'>who</span> <span class='ocrx_word' id='word_1_353' title='bbox 1005 4418 1068 4454; x_wconf 84' lang='lat' dir='ltr'>were</span> <span class='ocrx_word' id='word_1_354' title='bbox 1080 4403 1142 4456; x_wconf 83' lang='lat' dir='ltr'>with</span> <span class='ocrx_word' id='word_1_355' title='bbox 1153 4403 1244 4453; x_wconf 86' lang='lat' dir='ltr'>himin</span> <span class='ocrx_word' id='word_1_356' title='bbox 1254 4403 1295 4468; x_wconf 78' lang='lat' dir='ltr'>his</span> 
     </span>
     <span class='ocr_line' id='line_1_41' title="bbox 193 4468 1198 4533; baseline -0.003 -13"><span class='ocrx_word' id='word_1_357' title='bbox 193 4473 359 4520; x_wconf 77' lang='lat' dir='ltr'>iusticicrius.</span> <span class='ocrx_word' id='word_1_358' title='bbox 770 4469 888 4533; x_wconf 83' lang='lat' dir='ltr'>emprise,</span> <span class='ocrx_word' id='word_1_359' title='bbox 900 4469 942 4519; x_wconf 89' lang='lat' dir='ltr'>his</span> <span class='ocrx_word' id='word_1_360' title='bbox 953 4468 1102 4532; x_wconf 86' lang='lat' dir='ltr'>enterprise.</span> <span class='ocrx_word' id='word_1_361' title='bbox 1196 4523 1198 4528; x_wconf 56' lang='grc'>,</span> 
     </span>
    </p>
   </div>
   <div class='ocr_carea' id='block_1_4' title="bbox 0 0 1670 5226">
    <p class='ocr_par' dir='ltr' id='par_1_7' title="bbox 0 0 1670 5226">
     <span class='ocr_line' id='line_1_42' title="bbox 0 0 1670 5226; baseline 0 0"><span class='ocrx_word' id='word_1_362' title='bbox 0 0 1670 5226; x_wconf 95' lang='lat' dir='ltr'> </span> 
     </span>
    </p>
   </div>
  </div>
 </body>
</html>
