3314 5238
393 466 628 530 mensuruus,
649 467 714 516 un.
739 453 833 528 1231,
854 466 917 516 ue.
942 453 1079 518 15-16.
1227 451 1291 520 47⁵

181 639 243 704 nisi
258 638 395 704 terciam
416 648 550 726 partem.
594 641 640 704 Et
659 640 733 705 ideo
754 639 862 705 Alieie
883 640 1003 706 hebeat
1024 641 1175 706 seisinem
1199 663 1291 706 suem

182 743 222 810 de
236 743 392 830 predictis
407 743 516 810 teroiie
529 744 678 830 pertibus
692 753 727 810 et
741 745 798 810 alii
812 753 890 810 eent
905 745 1010 831 quieti
1026 745 1067 811 de
1082 745 1211 811 residuo
1221 744 1239 810 ¹.

182 1045 243 1112 DE
268 1047 479 1115 TERMINO
503 1049 534 1114 S.
558 1045 811 1114 MIOHAELIS
833 1047 965 1113 ANNO
989 1047 1134 1114 REGNI
1156 1047 1292 1114 REGIS

357 1149 471 1216 XV¹¹⁰.
495 1151 765 1218 INCIPIENTE
788 1151 1120 1219 SEXTODEOIMO.

128 1421 134 1434 .
247 1366 443 1434 Godefrr'dus
457 1369 497 1435 de
517 1369 771 1436 Oreuwecumbe
789 1393 849 1458 per
867 1379 1069 1436 attornetum
1089 1393 1185 1436 suum
1204 1369 1291 1456 petit
1386 1387 1419 1418 ⁰¹¹·

174 1489 296 1534 uersus
311 1471 513 1536 Rundulfum
533 1472 574 1538 de
588 1473 757 1538 Albemerl
772 1475 857 1559 quod
873 1473 971 1539 faciet
991 1473 1023 1539 ei
1042 1474 1291 1540 eonsuetudines

182 1583 216 1638 et
237 1585 329 1641 reeta
349 1579 486 1644 seruicia
507 1603 571 1666 que
593 1580 625 1645 ei
647 1581 750 1646 faeere
776 1581 875 1646 debet
902 1581 943 1646 de
972 1581 1074 1646 libero
1103 1589 1291 1647 tenemento

182 1702 239 1744 suo
261 1683 350 1768 quod
372 1683 412 1748 de
434 1707 473 1749 eo
496 1692 589 1749 tenet
610 1685 646 1749 in
675 1686 991 1751 Brunewerdestune
1019 1685 1106 1750 unde
1134 1686 1220 1772 petit
1249 1686 1291 1751 ab

183 1806 221 1848 eo
243 1787 332 1870 quod
354 1787 452 1852 faeiat
473 1787 505 1853 ei
526 1789 700 1854 seruitium
727 1789 802 1854 dim.
825 1789 940 1855 militis
965 1799 1000 1855 et
1029 1798 1177 1876 preterea
1205 1789 1291 1876 quod

183 1886 298 1952 reddet
319 1889 350 1953 ei
369 1889 506 1977 singulis
526 1891 620 1955 annis
639 1891 675 1954 in
694 1891 791 1956 inicio
806 1891 1060 1980 Quedregesime
1083 1915 1182 1958 unam
1204 1917 1291 1958 sum·

182 2013 269 2054 mum
284 1993 520 2079 congruorum¹
540 2004 575 2059 et
596 1995 683 2060 unde
702 1996 789 2082 petit
806 1997 968 2083 erremgie
989 2021 1009 2062 a
1030 2006 1176 2086 tempore
1191 1998 1291 2084 Regis

181 2095 342 2161 Johannis
371 2097 412 2162 de
442 2097 588 2185 predicto
617 2099 747 2165 redditu
774 2107 808 2164 et
830 2101 870 2166 de
894 2101 1030 2166 seruicio
1052 2111 1167 2186 quarte
1189 2101 1291 2188 pertis

157 2261 164 2278 ,
182 2200 267 2266 feodi
281 2201 308 2286 j.
323 2201 438 2267 militis
459 2210 493 2268 et
513 2202 600 2268 unde
620 2202 700 2268 dicit
713 2203 802 2290 quod
816 2227 881 2268 non
896 2204 973 2269 fecit
988 2205 1019 2270 ei
1033 2204 1097 2269 nisi
1117 2205 1290 2270 seruicium

182 2313 296 2391 quarte
311 2307 415 2392 pertis
430 2315 490 2373 eto.

246 2409 291 2474 Et
320 2409 504 2476 Rendulfus
533 2409 626 2475 uenit
655 2418 690 2475 et
720 2410 867 2476 defendit
895 2411 965 2475 uim
1002 2418 1037 2476 et
1069 2410 1221 2479 iniuriam
1258 2418 1293 2475 et

182 2513 262 2579 dicit
284 2515 372 2600 quod
395 2515 476 2580 emit
499 2522 725 2580 tenementum
747 2515 829 2580 illud
852 2515 892 2580 de
910 2515 1049 2601 quodem
1065 2515 1229 2579 Willelmo
1250 2513 1292 2579 de

181 2617 285 2682 Vinez
314 2618 371 2704 qui
396 2619 505 2684 tenuit
530 2627 759 2684 tenementum
781 2619 864 2683 illud
886 2617 926 2683 de
948 2617 1095 2704 predicto
1117 2616 1292 2682 Godefrr'do

182 2721 361 2786 tenendum
382 2720 488 2786 eidem
510 2721 673 2787 Rendulfo
695 2731 729 2787 et
751 2721 924 2787 heredibus
949 2722 1016 2786 suis
1041 2720 1082 2785 de
1111 2719 1256 2806 predicto
1279 2724 1283 2806 t

181 2823 347 2888 Willelmo
361 2833 396 2889 et
411 2823 585 2890 heredibus
604 2825 671 2890 suis
686 2847 744 2911 per
763 2825 937 2890 seruicium
952 2833 1068 2911 quarte
1088 2825 1191 2910 pertis
1205 2824 1291 2889 feodi

177 2929 200 3013 j.
224 2928 340 2994 militis
368 2951 427 3015 pro
452 2929 541 2993 omni
570 2929 714 3006 seruici0,
744 2937 779 2994 et
808 2929 885 2993 inde
914 2936 1012 2994 uocet
1040 2927 1083 2992 ed
1111 2935 1291 2992 warantum

182 3031 359 3096 Ricardum
384 3031 425 3096 de
447 3032 552 3096 Vinez
580 3031 685 3096 filium
716 3040 750 3096 et
780 3031 932 3096 heredem
962 3029 1101 3116 predicti
1123 3029 1290 3106 Willelmi,

182 3144 217 3200 et
240 3135 427 3201 benedicit
450 3135 586 3222 quodsi
609 3137 683 3222 plus
707 3137 881 3202 seruieium
910 3135 987 3201 inde
1016 3135 1176 3200 debeatur
1203 3134 1290 3220 quod

181 3239 268 3306 idem
283 3240 443 3305 Ricardue
458 3240 556 3306 debet
574 3263 649 3306 eum
669 3241 844 3327 equietere.
889 3241 1022 3306 Habeat
1043 3261 1118 3304 eum
1141 3245 1200 3304 eto.
1246 3239 1289 3303 Et

182 3344 260 3430 quie
273 3345 432 3409 Rioerdus
451 3367 516 3409 non
537 3345 637 3410 hebet
657 3353 776 3411 terrem
796 3345 831 3410 in
854 3367 932 3410 eom.
948 3345 1096 3410 Deuonie
1118 3365 1177 3431 per
1191 3366 1289 3430 quem

182 3445 334 3532 distringi
348 3447 449 3532 possit
463 3447 677 3534 distringetur
691 3447 726 3511 in
741 3469 819 3512 com.
836 3447 1042 3513 sumersetie.
1080 3515 1088 3538 .

104 3571 130 3630 ⁷,
246 3549 413 3614 Walterus
438 3549 588 3614 Deoenus
613 3549 654 3614 de
676 3547 815 3614 Undel’⁸
833 3549 1049 3613 summonitus
1075 3549 1139 3613 fuit
1168 3547 1210 3612 ed
1239 3571 1288 3614 re-
1345 3571 1370 3602 ον

181 3651 406 3738 spondendum
422 3653 564 3718 Henrieo
578 3653 619 3718 de
634 3653 804 3717 Dreutone
818 3675 917 3738 quere
937 3675 1002 3716 non
1021 3652 1192 3738 permittet
1212 3675 1288 3718 eum

182 3765 368 3843 presentare
398 3757 547 3823 idoneam
576 3781 746 3844 personam
775 3757 818 3822 ed
847 3757 1004 3844 oepellem
1035 3758 1066 3823 S.
1094 3758 1217 3822 Thorne
1247 3757 1288 3823 de

182 3860 289 3945 Islepe
314 3881 377 3944 que
400 3867 504 3938 uacet,
525 3861 618 3925 euius
643 3859 892 3926 eduoceeionem
915 3859 1002 3924 idem
1025 3858 1187 3924 Henn'cus
1209 3859 1288 3924 dicit

181 3963 222 4029 ed
236 3986 271 4028 se
286 3963 459 4049 pertinere,
474 3971 508 4029 et
523 3965 610 4030 unde
625 3965 774 4051 queritur
788 3973 857 4041 ete,
874 3971 909 4030 et
923 3964 1010 4029 unde
1025 3963 1105 4029 dicit
1117 3963 1203 4050 quod
1218 3963 1287 4049 ipse

213 4095 306 4145 lThis
329 4111 413 4146 seems
434 4096 479 4148 the
500 4113 559 4149 osse
580 4099 648 4150 oited
675 4099 709 4164 by
758 4103 876 4162 tuopttur
892 4101 968 4164 feodo
990 4101 1107 4150 militari.
1148 4099 1288 4149 Sweffhem

180 4161 707 4224 Breeton.t.93,fromhteeterh.lt.14.
758 4165 874 4215 Bulbeok
890 4164 1014 4226 belonged
1031 4168 1058 4213 to
1075 4165 1120 4214 the
1136 4163 1239 4214 honour
1261 4165 1291 4214 o!

180 4227 220 4275 He
231 4241 323 4275 nnmes
335 4241 369 4276 no
379 4241 479 4288 names,
492 4227 539 4278 but
551 4229 596 4279 the
611 4233 709 4293 oounty
758 4229 905 4280 Riohmond
922 4229 1122 4293 endBritenny.
1156 4229 1288 4281 Thnease

179 4291 377 4354 iscembn'dge.
407 4293 708 4358 Insooegeendburgage
758 4293 1052 4357 ieFitz.Prerortption,
1066 4297 1106 4345 57.

179 4357 256 4406 lende
272 4357 358 4406 dower
379 4357 441 4407 oie
463 4357 559 4422 moiety
575 4375 658 4410 seems
680 4363 708 4410 to
791 4359 870 4410 ’Βία
904 4360 1003 4422 Oonger
1014 4359 1073 4409 eele.

180 4421 245 4471 have
257 4421 321 4472 been
332 4437 462 4472 common.
497 4423 544 4474 See
556 4423 634 4474 enses
651 4427 707 4483 577,
791 4423 1213 4488 ⁸0undle,Northamptonshire.

180 4488 236 4546 teo,
263 4487 319 4538 622.
356 4487 410 4538 But
429 4487 490 4538 here
510 4489 641 4552 retortum
663 4493 707 4540 od·
1189 4515 1190 4519 ¹
