3196 5226
418 461 554 524 amnas,
577 461 642 510 11).
666 447 844 521 111111.
868 447 896 510 6.
1145 445 1207 510 139

130 632 273 697 «lohannes
293 635 385 698 uenit
407 645 440 700 et
462 635 650 723 recognonit
670 637 702 700 ei
721 643 824 702 totam
844 635 1023 721 predictam
1039 643 1157 699 terram
1172 642 1206 698 et
1218 642 1341 738 §⁰²⁶quOE

129 736 203 800 illam
229 737 257 800 ei
283 739 423 804 reddidit
453 750 492 804 11
522 741 657 804 liberam
687 740 895 804 elemosinam
920 740 1138 826 pertinentem
1165 739 1206 803 ad
1219 736 1342 824 w*

46 865 47 870 ’
128 840 299 922 prebendam
320 865 413 906 suam
436 853 470 907 et
492 843 676 908 Willelmus
697 843 755 908 dat
775 845 807 908 ei
826 867 899 910 xxv.
914 865 1044 920 marces,
1059 851 1109 908 set
1129 843 1207 930 quia
1217 829 1353 916 iffllii

127 943 238 1008 uidetur
250 965 315 1008 esse
329 947 414 1011 infra
428 957 551 1012 etatem
566 949 745 1013 nonhabet
759 949 993 1036 cirographum.
1217 933 1340 1008 ffitl.

1217 1019 1266 1061 nto.
1275 1019 1306 1054 set
1315 1026 1357 1054 1101

1217 1062 1290 1100 habult
1298 1073 1356 1110 cyro·

1216 1109 1325 1157 arapham.

124 1384 293 1452 rmcirn
317 1387 445 1453 APUD
472 1387 936 1455 WESTMONASTERIUM
961 1391 1022 1455 DE
1049 1391 1204 1455 TERMI-

192 1489 251 1556 ΝΟ
280 1491 461 1558 PASOHn
490 1493 623 1558 ANNO
658 1494 802 1558 REGNI
836 1493 971 1560 REGIS
1008 1493 1205 1560 HENRICI

192 1595 298 1660 mn
327 1597 568 1662 JOHANNIS
597 1599 732 1664 REGIS
763 1599 915 1664 SEXTO.

56 1852 88 1916 '.
171 1851 287 1916 ι,111111
309 1852 404 1918 uenit
428 1851 633 1939 recognitura
654 1851 726 1938 quis
747 1851 924 1916 aduncatus
947 1859 1091 1938 tempore
1116 1851 1205 1937 pacis
1234 1877 1346 1918 sumana

121 1956 298 2037 presentauit
320 1956 474 2020 ultimam
498 1977 666 2041 personam
689 1977 752 2040 que
772 1963 965 2020 mortuaest
980 1956 1021 2020 ad
1036 1956 1203 2022 ecclesiam

120 2058 151 2122 de
164 2061 321 2125 Burnham
338 2083 403 2146 que
418 2069 515 2124 uacat
529 2069 598 2136 etc,
613 2060 706 2124 cuius
727 2059 975 2125 aduocacionem
998 2061 1144 2147 Rogerus
1162 2060 1203 2125 de

121 2161 232 2228 Clifford
259 2165 382 2228 clamat
412 2187 523 2228 uersus
552 2163 694 2228 Priorem
721 2163 922 2230 Gloucestn'e
946 2164 1004 2250 qui
1027 2165 1121 2230 uenit
1146 2187 1204 2250 per

119 2275 298 2332 ottomatum
323 2291 421 2332 suum
446 2277 481 2332 et
504 2267 584 2332 dicit
606 2268 692 2353 quod
714 2267 813 2332 assisa
834 2290 899 2332 non
919 2268 1018 2334 debet
1033 2269 1109 2332 inde
1124 2269 1203 2348 fieri,
1216 2285 1350 2331 Anauon·

119 2371 180 2453 qnia
201 2395 312 2438 reuera
338 2373 501 2438 Robertus
527 2372 586 2436 filii
614 2372 748 2437 Roberti
773 2373 814 2438 de
841 2373 955 2460 Eywas
978 2383 1072 2459 pater
1095 2333 1334 2438 1110111ιιάιιοαιωι

118 2473 240 2539 eiusdem
265 2476 389 2562 Rogeri
414 2475 532 2540 ultimo
557 2477 759 2562 presentauit
784 2475 826 2540 ad
852 2477 1019 2540 ecclesiam
1045 2476 1202 2554 1111111111

117 2589 175 2662 post
187 2579 307 2646 donum
322 2580 405 2644 illud
419 2580 510 2644 dedit
525 2579 613 2644 idem
628 2579 790 2644 Robertus
804 2580 971 2644 ecclesiam
986 2580 1075 2644 illam
1091 2580 1202 2646 domui

117 2703 162 2745 sue
184 2705 237 2768 per
264 2695 391 2749 cartam
417 2707 510 2748 suam
535 2705 632 2770 quam
662 2683 783 2768 profert
813 2691 847 2747 et
877 2706 940 2768 que
969 2683 1089 2748 donum
1119 2684 1202 2750 illud

117 2795 237 2852 testatur
250 2790 288 2854 in
303 2797 400 2864 carta
416 2787 560 2865 scilieet¹,
576 2787 662 2874 quod
682 2787 769 2851 idem
787 2787 948 2852 Robertus
963 2787 1054 2851 dedit
1068 2809 1125 2872 pro
1140 2787 1201 2852 deo

117 2898 172 2964 etc,
182 2891 237 2956 deo
252 2901 290 2957 et
305 2893 439 2957 ecclesie
456 2893 487 2958 S.
501 2891 668 2956 Michaelis
683 2899 717 2954 11
734 2891 764 2954 S.
777 2891 799 2954 J
801 2889 891 2954 acobi
906 2889 946 2953 de
961 2889 1075 2975 Ewyas
1090 2913 1201 2956 omnes

117 2993 243 3060 ecclesias
283 2995 436 3060 dominii'
463 2997 514 3060 sui
549 3017 623 3060 cum
654 2993 804 3059 omnibus
833 2992 1040 3079 pertinenciis
1070 2994 1136 3058 suis
1166 3003 1200 3058 et

116 3099 226 3182 capellis
240 3111 303 3165 etc.
319 3101 473 3165 uidelicet
494 3123 574 3185 quas
594 3108 688 3186 pater
706 3121 785 3164 suus
800 3097 966 3162 Harardus
980 3095 1071 3160 dedit
1084 3106 1142 3164 eto.
1159 3099 1201 3164 ad

116 3203 349 3268 anstruendum
371 3206 548 3290 prioratum
572 3205 611 3268 de
638 3205 752 3288 Ewyas
775 3225 833 3288 per
854 3223 985 3266 manum
1009 3209 1043 3266 et
1066 3201 1199 3288 disposi-

115 3304 218 3372 cionem
234 3309 376 3374 Abbatis
390 3317 425 3374 11
439 3317 618 3374 conuentus
634 3307 834 3372 Gloucestrie
854 3307 1031 3371 secundum
1054 3307 1199 3373 ordinem

114 3430 214 3478 eornm
261 3413 334 3478 Hec
355 3421 466 3478 autem
490 3413 632 3478 condicio
654 3413 740 3477 inter
761 3413 925 3478 Abbatem
946 3419 980 3475 11
1001 3421 1198 3476 conuentum

116 3513 298 3584 Gloucestrie
314 3527 348 3582 et
363 3519 470 3603 ipsum
484 3518 663 3582 Robertum
679 3517 858 3582 constituta
872 3523 922 3580 est
938 3513 1023 3600 quod
1039 3514 1149 3578 Abbas
1164 3524 1199 3579 et

113 3631 277 3686 conuentus
292 3621 333 3686 ad
348 3623 467 3686 festum
480 3621 511 3686 S.
524 3621 689 3685 Michaelis
701 3619 845 3706 proximo
861 3627 1036 3682 uenturum
1052 3625 1199 3682 statuent

113 3720 151 3786 ihi
170 3727 306 3811 priorem
332 3749 406 3791 cum
429 3749 495 3790 nno
517 3726 680 3802 monacho,
703 3734 834 3790 etcum
860 3723 1032 3809 contigerit
1055 3722 1198 3807 aliquam

113 3828 199 3894 trium
215 3831 420 3895 ecclesiarum
435 3831 476 3894 de
492 3831 614 3894 Ettona
628 3830 680 3893 uel
696 3829 736 3892 de
758 3827 925 3892 Burnham
941 3828 994 3891 nel
1010 3827 1049 3891 de
1065 3825 1199 3891 Lidiard

113 3953 221 4010 uacare,
236 3935 346 4000 Abbas
362 3943 461 4020 ponet
476 3935 523 4000 ibi
540 3943 736 4000 conuentum
756 3934 812 4019 qui
832 3933 953 3998 ibidem
975 3931 1157 3996 remanebit
1172 3931 1199 3994 si

109 4039 327 4103 conuenienter
340 4038 388 4103 ibi
403 4061 532 4103 manere
547 4037 656 4124 possit,
671 4045 705 4101 et
719 4035 916 4101 sufficienter
930 4035 1113 4098 sustentari
1162 4033 1199 4098 Si

109 4149 207 4206 autem
229 4143 337 4208 minus
360 4143 573 4208 sufficientem
589 4141 695 4206 adhuc
714 4139 985 4204 sustentacionem
1001 4139 1143 4204 habeant
1158 4162 1198 4204 ex

109 4275 219 4349 ‚Urnis
239 4278 330 4329 mord
347 4279 400 4328 will
421 4279 477 4329 also
496 4279 527 4328 be
543 4279 624 4329 found
674 4278 719 4328 the
749 4293 856 4340 passage
886 4275 980 4326 should
1012 4276 1199 4324 rum-donum

107 4343 353 4394 1111111101111111
371 4345 623 4408 Ohartnlarylltolls
673 4346 740 4394 illud
749 4351 862 4392 teototur.
895 4343 1199 4391 Eteontiaeturincnrtc

106 4405 257 4472 8111011101.
271 4412 294 4468 1,
307 4425 331 4473 p.
347 4411 404 4459 210.
673 4411 739 4472 qnod
749 4417 794 4458 etc.

133 4473 247 4526 ²rcr'licet
269 4474 452 4538 interpolated.
495 4475 622 4538 Probably
705 4473 846 4536 ³l'crhaps
858 4473 984 4522 110ιηί1111.
