3212 5230
413 444 556 504 mirer,
578 443 641 492 nn.
668 430 759 504 1231,
781 443 845 492 aa.
871 430 919 492 15.
1152 431 1215 493 383

168 613 279 679 ¹Pracipe
298 615 410 666 Badulio
432 615 465 666 da
487 615 557 678 Bray
579 613 647 678 qnod
668 613 736 664 iusta
758 613 800 666 ei'
820 613 911 664 raddai
932 612 1053 665 iohanne
1075 614 1106 666 de
1133 615 1217 666 Boreo

125 703 217 750 11111111
227 705 321 750 terram
331 713 390 748 eum
401 702 467 761 perh
482 698 569 748 1111111
585 698 649 748 uilla
666 711 745 760 quam
761 697 859 748 clamat
875 712 931 748 ease
946 697 988 746 ina
1004 699 1031 746 ai
1047 696 1217 748 hereditatem

124 779 196 842 ipsius
210 779 330 830 Johanna
344 787 371 829 ei
387 780 417 828 in
435 794 515 841 quam
532 793 586 828 non
599 778 678 828 habat
695 778 842 841 ingressum
860 777 911 826 nisi
926 792 972 840 per
982 777 1094 828 Aliciam
1105 783 1217 828 matrem

124 861 319 924 ipsimJohsnna
326 862 400 911 cuins
411 861 488 911 hares
498 861 556 924 ipsa
566 865 613 922 est,
624 876 673 923 que
685 860 758 910 illam
770 875 825 908 non
835 858 929 908 habuit
940 858 992 908 nisi
1003 859 1037 908 ad
1048 860 1131 910 uitem
1142 875 1217 910 suam

123 947 218 992 tantum
233 959 264 993 eo
281 943 348 1006 quod
364 949 434 994 tarra
451 944 498 994 illa
512 943 573 993 data
590 944 640 992 11111
657 943 685 992 in
701 942 868 1004 maritagium
879 941 1009 992 Willelmo
1021 942 1052 992 de
1063 943 1145 994 Bosco
1157 958 1217 993 cum

123 1024 227 1088 predicta
237 1025 319 1075 Alicia
329 1029 354 1075 et
364 1025 506 1075 heredibus
517 1025 547 1074 da
558 1025 615 1088 ipso
629 1024 757 1074 Willelmo
769 1029 795 1074 et
806 1023 887 1073 Aiieie
899 1025 1054 1074 exeuntibus
1066 1028 1095 1074 ni
1106 1023 1178 1086 dicit,
1191 1027 1218 1074 ai

123 1104 143 1152 ri
159 1120 208 1154 nun
228 1105 315 1154 iecerit
336 1109 384 1154 etc.
418 1105 439 1157 11
450 1105 492 1154 uel
514 1105 552 1156 iia
574 1104 597 1154 si
618 1104 740 1155 dominus
761 1103 881 1167 capitalis
903 1103 1014 1154 donator
1035 1107 1131 1154 terram
1153 1103 1218 1166 petii

123 1189 236 1246 tanquam
246 1185 401 1246 eschaetam,
416 1187 501 1248 Quam
513 1186 609 1235 clamat
621 1189 650 1234 ut
661 1186 702 1234 ius
713 1189 740 1234 ai
750 1184 898 1234 eachaetam
909 1200 985 1234 auam
996 1187 1021 1234 ei
1032 1183 1060 1234 in
1072 1199 1151 1248 quam
1163 1199 1217 1234 non

123 1267 191 1316 habet
206 1267 348 1328 ingressum
364 1267 418 1316 nisi
434 1283 480 1331 per
497 1267 608 1317 Aliciam
626 1266 758 1329 quondam
775 1281 882 1316 uxorem
894 1281 970 1317 auam
981 1271 1007 1318 eb
1019 1281 1067 1329 que
1078 1267 1151 1317 illam
1163 1283 1218 1318 non

123 1349 197 1398 tenuit
207 1349 258 1398 nisi
269 1350 302 1399 ad
314 1351 397 1399 uitam
409 1355 601 1400 adamantum
613 1365 643 1400 eo
655 1351 723 1412 quod
734 1353 804 1400 terra
814 1349 861 1400 illa
872 1349 934 1400 daia
945 1349 1034 1400 11111111
1049 1350 1218 1413 maritaginm

118 1431 214 1480 'cuidam
224 1433 351 1484 Robart0³
361 1449 422 1482 cum
433 1433 549 1496 predicta
562 1433 644 1483 Alicia
654 1439 681 1484 ab
691 1433 829 1484 heredibus
840 1433 872 1483 de
882 1433 947 1496 ipsis
963 1432 1075 1482 Roberio
1091 1437 1119 1484 ab
1134 1432 1218 1484 nlieia

122 1513 271 1574 exeuntibus,
284 1517 311 1562 at
322 1515 366 1576 qui
377 1515 480 1564 nullum
491 1515 639 1564 habuerunt
650 1515 770 1564 heredem
783 1515 863 1564 talem
874 1519 900 1563 et
911 1529 961 1576 qua
971 1513 1004 1564 ad
1021 1513 1107 1577 ipsum
1123 1513 1219 1564 reuerti

123 1592 189 1643 debet
199 1599 322 1658 tanquam
332 1595 453 1646 eschaeta
465 1611 512 1646 sua
523 1611 569 1660 pro
581 1595 682 1646 deiectu
692 1595 817 1646 heredum
828 1599 857 1644 ui
869 1595 932 1645 dicii
943 1600 969 1646 ο1
980 1595 1033 1644 nisi
1044 1593 1134 1646 iecerit
1145 1599 1194 1646 etc.

43 1727 89 1788 458.
180 1726 292 1792 Petrus
307 1728 347 1792 de
364 1729 482 1794 Danes'
494 1729 578 1815 perir
593 1752 706 1794 uersus
721 1728 908 1793 Priorissam
921 1727 962 1792 de
978 1727 1104 1794 Etona⁴
1118 1729 1218 1794 aduo-

125 1825 274 1891 cacionem
298 1829 420 1913 capelle
444 1829 475 1894 S.
499 1829 590 1893 Petri
611 1828 652 1893 de
675 1829 857 1912 Ailesborpe
880 1835 919 1891 ub
940 1827 992 1892 ius
1013 1850 1109 1892 suum
1130 1827 1218 1893 unde

125 1928 244 2011 quidam
268 1931 366 2017 Hugo
381 1931 462 1996 Wac
482 1931 545 1995 fuit
565 1931 694 1996 scisitus
714 1931 749 1995 in
769 1929 929 1994 dominico
944 1951 1002 1996 suo
1016 1939 1055 1994 ut
1070 1930 1110 1994 de
1126 1931 1218 1995 feodo

126 2039 153 2094 et
167 2031 231 2095 iure
246 2041 391 2118 tempore
407 2033 449 2097 H„
466 2032 565 2120 Regis
580 2033 635 2097 aui
651 2033 743 2098 Dorn
760 2031 860 2118 Regis
877 2031 926 2096 ita
945 2033 1032 2118 quod
1054 2043 1217 2118 presenta-

126 2133 169 2196 uir
188 2134 347 2218 quendam
370 2135 570 2200 Herberbum
590 2135 621 2200 le
641 2135 764 2200 Ponere
782 2137 824 2202 ad
842 2137 979 2202 eandem
1000 2139 1167 2204 ecclesiam
1183 2150 1217 2204 et

126 2237 174 2320 qui
186 2237 226 2302 ad
241 2238 514 2323 preseniacionem
529 2261 621 2304 suam
637 2239 700 2304 fuit
719 2239 878 2306 admissus
898 2249 932 2306 ei
952 2241 1009 2327 qui
1030 2243 1118 2328 cepit
1139 2243 1215 2310 inde

126 2340 243 2423 expleta
261 2341 303 2405 ad
323 2341 502 2406 ualenciam
522 2351 581 2406 etc
597 2349 636 2406 ub
656 2343 690 2406 in
710 2343 929 2410 oblacionibus
947 2345 1080 2412 decimis
1094 2356 1129 2412 ei
1143 2349 1216 2414 ahie

126 2443 248 2508 ebidem
269 2446 368 2531 Hugo
388 2445 593 2531 postmodum
615 2447 707 2512 dedii
729 2457 847 2514 terram
869 2449 959 2514 illam
981 2450 1022 2516 de
1044 2451 1215 2538 Alesiorpe

127 2545 236 2613 Thome
249 2549 290 2614 de
306 2549 424 2643 Dapes’
439 2551 525 2637 patri
539 2550 633 2616 istius
648 2552 737 2618 Petri
754 2575 828 2618 cum
843 2553 1056 2620 aduocacione
1071 2555 1215 2642 predicte

127 2653 235 2737 capelia
248 2664 283 2720 et
297 2677 372 2720 cum
387 2655 537 2720 omnibus
550 2655 623 2721 eliis
636 2656 844 2742 pertinenciis
859 2656 926 2722 auis
940 2666 975 2722 et
985 2657 1026 2724 de
1045 2657 1050 2741 Ι
1070 2659 1215 2745 predicto

127 2751 237 2820 Thema
256 2756 424 2821 descendit
446 2756 497 2821 ius
518 2756 620 2843 ipsius
641 2757 863 2823 aduocecionis
886 2759 942 2824 isti
968 2759 1064 2824 Petro
1086 2767 1125 2824 ub
1148 2761 1215 2826 filio

127 2859 272 2926 etheredi
286 2869 321 2926 ei
336 2861 423 2948 quod
438 2861 603 2948 predictus
618 2860 738 2948 Hugo'
752 2871 787 2928 ei
802 2863 887 2949 quod
903 2863 969 2928 tale
989 2863 1033 2929 ait
1053 2863 1104 2930 ius
1118 2886 1214 2930 suum

127 2963 219 3028 offeri.

183 3068 224 3134 Et
237 3069 391 3134 Priorissa
405 3091 464 3155 per
477 3077 678 3134 adornatum
689 3091 786 3134 snum
801 3068 894 3134 uenit
908 3077 944 3133 eb
954 3067 1035 3134 dicit
1050 3069 1137 3156 quod
1151 3092 1216 3136 non

128 3167 214 3236 debet
226 3173 255 3236 ei
269 3171 462 3259 respondere
480 3181 515 3236 et
534 3172 620 3258 petit
641 3171 798 3238 iudicium
820 3171 946 3237 desicub
967 3171 1054 3238 idem
1077 3173 1217 3239 Thomas

156 3349 229 3402 ¹The
248 3353 332 3403 words
354 3353 383 3402 in
405 3353 450 3404 iha
471 3353 552 3403 above
577 3369 636 3404 aare
689 3355 836 3420 Saamingly
847 3355 910 3406 both
921 3356 1036 3406 Bracion
1048 3357 1100 3407 and
1112 3357 1157 3407 ihe
1168 3373 1213 3408 an·

130 3415 222 3478 printed
234 3419 326 3468 within
350 3421 378 3481 []
401 3433 445 3468 are
464 3419 636 3482 interpolated
687 3425 794 3470 notator
805 3421 917 3484 thought
928 3421 1071 3472 otherwise.
1105 3423 1132 3472 11
1145 3423 1213 3472 how-

130 3479 157 3542 by
168 3482 207 3531 the
216 3489 362 3544 annotator,
375 3483 434 3533 who
445 3499 527 3534 seems
536 3491 563 3534 1ο
572 3485 637 3534 heve
687 3500 747 3534 ever
758 3485 831 3536 there
839 3487 862 3536 ia
871 3501 887 3536 a
896 3487 991 3549 special
1000 3487 1140 3538 limitation
1150 3489 1214 3538 then

130 3545 227 3608 thought
242 3549 262 3597 11
278 3564 313 3598 an
330 3549 475 3611 important
489 3549 636 3612 precedent.
687 3549 732 3599 ihc
749 3549 871 3600 husband
888 3551 912 3600 ie
929 3555 976 3600 not
993 3552 1100 3601 entitlad
1117 3553 1158 3602 ior
1169 3553 1213 3603 the

131 3611 269 3663 armenos
280 3615 307 3663 oi
324 3614 369 3662 the
381 3629 445 3676 page
455 3613 489 3663 ha
504 3614 574 3676 gives
592 3614 637 3664 the
687 3615 804 3664 children
815 3617 844 3665 oi
858 3617 904 3665 tha
921 3617 1016 3666 aeoond
1032 3618 1159 3678 marriage
1175 3619 1213 3683 (aa

132 3675 245 3740 following
254 3679 333 3728 111111.
362 3679 417 3727 The
430 3679 637 3730 doctrinaoftha
687 3681 751 3730 both
760 3681 873 3731 Bracton
883 3681 936 3732 and
945 3681 989 3731 the
997 3685 1138 3732 annotator
1146 3684 1212 3748 say),

131 3743 637 3860 111110111110111111111
686 3747 787 3860 im?
805 3750 1212 3862 1111111111111

133 3867 174 3944 has
188 3845 284 3936 cinesy
296 3879 344 3923 1101
361 3873 424 3936 only
443 3874 471 3922 of
492 3873 536 3924 iba
558 3875 636 3924 wife’s
687 3827 766 3924 sihi
780 3827 850 3924 heare·
864 3876 939 3935 given
963 3827 1011 3926 ara0
1028 3827 1149 3940 deysigned
1171 3829 1212 3926 hir

132 3936 276 3987 rubariesnce
287 3938 333 3987 bur
345 3939 401 3988 aleo
412 3938 495 3987 other
506 3939 635 4002 maritagi·
687 3955 759 3990 casas
780 3941 809 3988 in
831 3941 916 3990 which
939 3941 1010 3990 there
1032 3941 1055 3990 is
1078 3957 1093 3992 a
1116 3943 1211 4004 special

132 4002 210 4115 ffihii
223 4003 290 4116 {here
301 4004 480 4118 isfnpthepr'mp
494 4003 636 4080 limitation
688 4005 831 4120 piirmptpiiop
847 4006 875 4120 ip
892 4008 983 4056 favour
999 4007 1028 4056 oi
1041 4007 1112 4058 issue
1123 4007 1157 4070 by
1167 4007 1213 4058 tha

198 4082 322 4119 aarrao
454 4085 466 4117 a
501 4083 637 4119 matriae.
720 4085 882 4120 susan.

133 4129 189 4180 This
202 4133 223 4181 ir
238 4149 265 4182 ao
276 4133 391 4184 whether
404 4149 457 4196 any
468 4133 537 4183 heire
548 4134 577 4183 ο1
592 4085 637 4183 the
720 4135 731 4167 ²
748 4136 846 4198 Supply
856 4139 910 4186 aina
922 4136 1054 4187 dilatione.

133 4194 182 4245 finr
195 4200 314 4261 marriage
329 4213 374 4249 are
389 4198 455 4248 alive
466 4214 495 4248 or
507 4213 548 4250 no.
584 4199 656 4249 Bur·
719 4200 812 4249 ⁸This
829 4201 902 4249 isan
919 4199 1066 4264 imaginary
1083 4199 1140 4251 wrii
1160 4201 1213 4252 and

134 4260 172 4309 ibe
186 4265 252 4324 point
268 4279 318 4314 was
338 4263 492 4326 disputable.
527 4264 637 4326 Segreve
688 4263 785 4314 Robert
797 4281 831 4315 an
844 4265 989 4329 imaginary
999 4267 1057 4316 first
1065 4266 1195 4317 husband.

133 4323 186 4374 held
195 4328 247 4378 111111
257 4329 299 4379 the
310 4329 405 4379 second
415 4329 534 4378 husband
546 4329 594 4378 has
603 4344 637 4378 no
720 4331 731 4363 ⁴
748 4331 897 4380 Nuneaion.

134 4395 252 4454 emresyis
265 4395 336 4444 there
352 4395 376 4443 ia
391 4395 461 4444 issue
477 4395 506 4443 oi
520 4393 565 4444 the
581 4395 637 4444 first
720 4397 731 4429 ⁵
748 4396 848 4460 supply
859 4397 961 4459 irascit
972 4398 1083 4447 reicitur.

134 4459 244 4521 marriage
265 4464 291 4510 tc
312 4459 373 4510 take
395 4459 440 4510 the
461 4459 636 4522 maritagium.
