3360 5236
451 383 686 442 mouentum,
711 383 774 432 nn.
801 370 894 445 1233,
917 385 980 433 ne.
1006 369 1140 438 17-18.
1285 375 1347 438 613

239 555 372 620 ecclesie
400 553 441 618 de
471 553 719 640 Faringefordie.
765 555 809 619 Et
839 555 979 621 Thomas
1008 566 1042 621 et
1071 559 1255 624 Alexandro
1283 583 1347 625 non

239 665 407 724 uenerunt.
453 658 498 722 Et
513 657 708 724 Eustachius
723 659 815 724 uenit
831 668 865 725 et
880 661 960 726 dicit
981 662 1067 748 quod
1087 685 1151 728 non
1171 665 1227 728 wlt
1247 666 1346 751 sequi.

240 763 283 827 Et
302 762 376 828 ideo
390 761 575 828 Willelmus
595 770 629 826 et
650 762 811 848 Mur-geria
830 764 905 829 inde
927 765 1039 851 quieti,
1054 775 1088 832 et
1104 768 1298 833 Eustachius
1313 777 1347 834 et

239 867 339 954 plegii
362 867 403 932 de
425 866 648 953 prosequendo
670 867 705 931 in
727 867 952 934 misericordie,
1000 871 1043 934 Et
1062 893 1160 956 super
1179 871 1239 936 hoe
1255 872 1348 936 uenit

239 973 329 1038 Prior
342 973 383 1038 de
399 971 502 1059 Coges
518 971 575 1058 qui
590 979 640 1036 est
655 970 695 1036 de
716 971 811 1036 domo
832 971 872 1036 de
894 973 1080 1059 Fiscempo¹
1103 983 1136 1038 et
1159 973 1239 1039 dicit
1261 975 1347 1062 quod

238 1076 307 1162 ipse
337 1075 539 1161 presenteuit
570 1075 720 1140 ultimam
749 1097 918 1161 personam
949 1076 990 1141 ed
1017 1077 1154 1142 eundem
1181 1080 1347 1145 ecclesiam

238 1178 400 1264 quendam
415 1178 595 1245 Robertum
612 1179 716 1243 Luuel
737 1180 794 1264 qui
814 1179 856 1245 ed
875 1163 1151 1266 presentationem
1171 1205 1263 1248 suem
1284 1185 1347 1249 fuit

238 1284 405 1362 admissus,
419 1293 453 1350 et
468 1284 548 1350 dicit
570 1283 656 1371 quod
677 1283 840 1349 Robertus
860 1285 890 1349 le
911 1285 1027 1350 Picher
1048 1287 1105 1371 qui
1127 1288 1244 1353 ultimo
1266 1290 1348 1354 obiit

237 1411 374 1474 persone
387 1395 593 1474 presentatus
607 1388 671 1452 fuit
686 1395 834 1474 tempore
849 1388 993 1476 gwerre².
1039 1390 1084 1454 Et
1106 1390 1290 1456 Willelmus
1312 1400 1347 1458 et

238 1490 398 1576 Margeria
411 1491 526 1556 dicunt
546 1490 632 1577 quod
651 1499 924 1577 presenteuerunt
945 1491 1052 1578 ipsum
1073 1493 1253 1559 Robertum
1274 1503 1347 1582 post

236 1619 392 1682 gwemm
421 1619 479 1682 per
509 1597 641 1684 longum
664 1603 795 1682 tempus
817 1597 881 1662 scil.
906 1595 1067 1683 tempore⁸
1090 1620 1153 1683 quo
1175 1599 1346 1664 concilium

236 1699 386 1785 generale
409 1699 608 1763 celebratum
635 1699 698 1764 fuit
723 1705 805 1785 aput
830 1699 989 1764 Oxoniem
1016 1706 1161 1786 tempore
1187 1699 1234 1767 S!
1261 1701 1345 1767 Oen-

238 1803 410 1869 tuerieneis
432 1803 675 1891 Archiepiscopi
697 1813 731 1869 et
755 1813 900 1890 tempore
921 1805 1009 1890 pacis
1029 1813 1064 1869 et
1079 1805 1154 1869 inde
1170 1815 1297 1892 ponunt
1312 1829 1345 1871 se

237 1931 333 1994 super
362 1909 510 1973 iuratam.
560 1909 604 1972 Et
630 1909 720 1972 Prior
745 1908 903 1974 similiter.
950 1908 1009 1974 Set
1032 1909 1131 1974 assisa
1154 1909 1287 1995 ponitur
1311 1911 1345 1975 in

236 2020 418 2098 respectum
440 2033 542 2098 usque
565 2011 606 2076 ed
628 2011 715 2076 diem
738 2019 800 2076 ete.
816 2033 873 2097 pro
896 2011 1025 2076 defectu
1049 2013 1296 2100 recognitorum,
1312 2024 1346 2079 et

238 2116 314 2202 quia
329 2137 440 2179 omnes
455 2114 589 2179 inutiles
604 2124 682 2180 sunt
956 2114 974 2180 ⁶.
1021 2117 1065 2180 Et
1079 2116 1152 2182 ideo
1168 2117 1346 2183 uieeeomes

236 2221 333 2286 faciat
348 2220 460 2285 uenire
475 2219 517 2284 ed
531 2219 618 2284 diem
634 2220 727 2284 illum
743 2242 853 2285 omnes
868 2221 940 2285 illos
961 2243 1098 2307 quorum
1118 2223 1251 2286 nomine
1265 2223 1345 2286 Milo

238 2324 381 2390 Clericus
399 2323 499 2389 hebet
518 2323 560 2388 ad
578 2323 636 2388 fec'
652 2331 721 2402 etc„
737 2332 771 2388 et
790 2324 867 2389 hine
886 2324 962 2390 inde
982 2347 1166 2390 concessum
1188 2335 1238 2390 est
1259 2327 1345 2412 quod

237 2431 337 2496 assisa
350 2429 498 2517 capiatur
512 2429 582 2494 siue
597 2430 749 2493 uenerint
764 2429 834 2494 siue
849 2453 921 2495 non.
966 2429 1019 2495 Ad
1035 2430 1122 2494 diem
1143 2431 1236 2495 illum
1251 2433 1346 2496 uenit

237 2535 336 2600 assisa
365 2540 424 2598 etc.
469 2533 638 2598 Juretores
668 2533 781 2597 dicunt
811 2533 897 2619 quod
927 2533 1065 2618 quedam
1094 2534 1256 2621 Mergeria
1282 2558 1345 2620 que

237 2637 460 2702 terramillam
477 2636 585 2702 tenuit
600 2636 635 2700 in
650 2634 759 2700 dotem
775 2635 978 2721 presenteuit
990 2636 1152 2722 quendam
1165 2637 1344 2702 Robertum

237 2743 341 2807 Luuel
355 2743 396 2806 xl.
412 2741 505 2806 annis
520 2739 637 2826 elapsis
653 2747 687 2804 et
708 2761 746 2803 eo
766 2739 915 2825 emplius,
930 2748 965 2803 et
987 2748 1058 2826 post
1078 2748 1216 2804 mortem
1239 2742 1344 2806 cuius-

236 2847 311 2912 dam
326 2845 461 2910 Roberti
475 2845 592 2910 Pieher
606 2845 670 2909 uiri
685 2843 788 2930 ipsius
803 2844 963 2930 Mergerie
979 2844 1073 2909 uenit
1093 2844 1164 2928 ipse
1185 2845 1346 2932 Margeria

235 2959 270 3015 et
300 2950 404 3015 mouit
439 2949 678 3014 contentionem
708 2969 822 3012 uersus
850 2946 990 3012 eundem
1021 2947 1201 3011 Robertum
1231 2949 1345 3026 Luuel,

233 3053 282 3118 ite
295 3052 382 3139 quod
396 3052 551 3117 concessit
567 3051 710 3116 Roberto
731 3049 847 3114 Picher
867 3049 934 3113 filio
954 3048 1057 3134 ipsius
1081 3049 1241 3136 Margerie
1264 3049 1345 3116 duos

232 3159 285 3223 sol.
302 3157 431 3222 nomine
446 3157 616 3243 pensionis,
632 3163 667 3220 et
681 3162 809 3220 mortuo
824 3155 894 3240 ipso
905 3153 1050 3219 Roberto
1062 3153 1166 3218 Luuel
1180 3163 1343 3220 uenerunt

233 3261 296 3349 ipsi
317 3261 501 3326 Willelmus
524 3267 558 3326 et
582 3260 744 3348 Mergerie
770 3267 805 3324 et
831 3265 1103 3345 presenteuerunt
1125 3257 1166 3322 ud
1189 3258 1344 3324 uieeriem

233 3375 267 3431 et
286 3366 329 3431 ed
348 3366 621 3452 presentationem
643 3365 786 3451 ipsorum
809 3365 873 3429 fuit
894 3363 1062 3430 admissus.
1108 3363 1152 3428 Et
1174 3363 1248 3429 ideo
1270 3389 1344 3430 eon-

231 3469 409 3535 sideratum
424 3477 474 3534 est
488 3469 574 3554 quod
588 3469 773 3534 Willelmus
793 3467 998 3552 recuperauit
1019 3467 1170 3532 seisinam
1193 3491 1295 3546 suam,
1310 3479 1344 3534 et

233 3573 324 3637 Prior
335 3573 369 3637 in
381 3571 604 3650 misericordie,
613 3581 648 3636 et
657 3571 841 3636 Willelmus
852 3570 973 3636 hebeat
983 3571 1083 3636 breue
1095 3572 1137 3636 ed
1148 3573 1343 3660 Episcopum

235 3675 509 3743 Lincoiniensem⁶
522 3684 582 3742 etc.
604 3675 610 3762 Ι

179 3850 186 3863 ‚
299 3779 472 3868 'Magister
493 3779 688 3846 Vincencius
714 3779 755 3845 de
781 3779 848 3844 Bec
873 3779 1022 3844 uedieuit
1049 3779 1212 3865 quendam
1239 3781 1343 3866 legem

235 3906 348 3951 uersus
361 3884 501 3950 Alieiem
516 3883 556 3949 de
572 3883 771 3949 Trubleuilla
785 3883 826 3948 de
841 3883 961 3969 placito
982 3883 1210 3969 prohibiciouis
1228 3883 1268 3948 de
1284 3885 1344 3950 hoc

268 4089 278 4121 ¹
294 4087 386 4151 Priory
396 4088 425 4138 oi
439 4087 530 4152 ooggs.
551 4087 728 4147 oxfordshim
745 4103 762 4139 o
812 4087 912 4140 burned
924 4088 969 4139 the
981 4090 1099 4152 epostete
1111 4085 1216 4140 deeoon.

236 4154 321 4205 cellos
327 4153 372 4204 the
380 4153 467 4216 Abbey
474 4153 503 4202 of
508 4153 630 4216 Feeomp.
648 4153 762 4205 Monost.
846 4153 989 4217 ‘Stephon
1000 4155 1129 4215 Leugtou.

235 4220 286 4270 vol.
298 4219 322 4278 6,
333 4233 359 4282 p.
373 4219 445 4270 1003.
474 4218 542 4269 Gall.
554 4217 650 4270 Christ.
661 4219 712 4270 vol.
723 4219 762 4279 11,
846 4219 856 4251 ⁵
872 4220 896 4268 A
907 4234 982 4282 space
993 4219 1016 4268 is
1027 4219 1090 4281 left;
1107 4225 1261 4280 amnentur,
1273 4220 1304 4269 A.

235 4283 284 4335 eol.
295 4285 353 4333 sol.
847 4283 857 4315 ⁸
874 4283 930 4334 The
946 4283 1041 4334 Prior’s
1058 4286 1231 4334 umeroement
1251 4283 1274 4333 is
1295 4285 1344 4336 five

267 4350 279 4381 ²
296 4349 417 4400 1215-7.
814 4349 912 4409 marks,
923 4350 954 4399 A.

268 4415 279 4449 ³
297 4415 327 4466 17
337 4415 383 4476 Ap.
397 4415 468 4462 1222.
502 4413 763 4463 Thecouneilwhich
847 4415 858 4448 ⁷
875 4414 905 4462 A.
918 4429 953 4462 m.
967 4414 997 4462 14
1006 4412 1031 4462 d.

1395 3771 1438 3821 [116
1445 3771 1474 3820 tul

1404 3835 1462 3876 Nom
