3360 5236
331 401 393 463 522
634 411 772 472 11911111,
794 411 860 463 an.
885 399 979 475 1232,
1001 413 1064 462 111
1090 401 1139 464 16.

329 586 436 650 uisum
453 584 493 650 de
510 585 619 650 franco
634 584 742 671 plegio
758 592 792 650 et
812 607 886 650 cum
907 586 1029 671 pluries
1050 587 1173 672 ceperit
1195 587 1307 652 aucria
1327 609 1387 652 sua
1409 595 1445 652 et

329 691 387 754 illa
412 689 583 754 deliberari
609 690 722 754 lecerit
747 713 806 775 per
831 690 1055 756 uicecomitem
1082 691 1170 755 idem
1194 691 1378 757 Willelmus
1404 715 1445 756 ea

330 795 449 858 iterum
479 793 551 878 capi
576 793 655 858 facit
679 801 713 858 et
736 795 857 858 iniuste
882 795 1009 860 detinet
1032 795 1081 859 ita
1104 795 1191 880 quod
1215 796 1331 860 ultimo
1356 796 1444 882 cepit

330 900 410 964 duas
425 921 539 964 uaccas
554 906 589 962 et
603 898 676 962 illas
690 898 834 963 detinuit
850 898 898 962 ita
913 899 999 984 quod
1014 922 1081 963 una
1100 899 1229 963 illarum
1251 908 1379 964 mortua
1393 908 1445 964 est

331 1002 490 1066 etaltera
512 1000 618 1066 adhuc
641 1001 776 1065 detenta
800 1010 849 1064 est
871 1009 984 1064 contra
1009 1000 1144 1066 uadium
1170 1010 1205 1064 et
1227 1001 1373 1088 plegium
1396 1002 1445 1065 ita

331 1105 417 1192 quod
440 1105 654 1169 deterioratus
677 1113 726 1169 est
749 1113 860 1168 91991
882 1104 957 1168 iude
980 1105 1130 1189 producit
1152 1115 1338 1182 99919111,91
1360 1106 1444 1170 bene

330 1209 477 1276 defendit
493 1208 578 1294 quod
594 1207 694 1272 nichil
709 1207 750 1272 de
766 1231 804 1272 eo
819 1217 912 1272 tenet
927 1231 987 1272 nec
1008 1220 1129 1274 sectam
1146 1210 1177 1274 ei
1192 1210 1300 1288 debet,
1316 1219 1350 1274 et
1365 1210 1446 1274 dicit

332 1312 418 1399 quod
440 1312 509 1397 ipse
532 1319 566 1374 ct
588 1309 720 1396 quidam
743 1312 843 1376 frater
864 1335 942 1376 suus
964 1311 1102 1377 habent¹
1125 1313 1206 1378 duas
1232 1336 1353 1378 sorores
1375 1314 1444 1399 ipse

332 1423 517 1501 postuatam
547 1422 581 1478 et
611 1415 710 1478 frater
740 1437 817 1480 suus
846 1415 1097 1501 primogenitam
1121 1425 1155 1480 91
1182 1417 1250 1502 ipse
1275 1416 1445 1482 acheuiare

332 1517 446 1582 debet¹
468 1517 683 1604 primogenite
706 1525 739 1581 et
762 1517 793 1582 ei
815 1517 893 1582 facit
917 1526 1039 1582 sectam
1061 1526 1096 1582 et
1117 1519 1291 1583 seruicium
1318 1527 1352 1583 et
1375 1519 1445 1605 ipsc

333 1647 408 1688 eum
423 1623 590 1708 aquietare
605 1622 728 1688 debet⁸.
872 1699 874 1704 ι

399 1727 442 1790 Ε1
473 1726 656 1790 Willelmus
685 1725 779 1790 uenit
808 1734 842 1790 et
872 1725 1018 1790 defendit
1047 1725 1232 1811 capcionem
1261 1725 1383 1790 iniuste
1410 1735 1444 1789 et

333 1829 557 1893 detaucicnem
573 1837 606 1892 et
622 1837 738 1904 totum,
754 1836 788 1891 et
803 1827 883 1892 dicit
898 1828 984 1913 quod
999 1826 1097 1891 debet
1113 1828 1144 1890 ei
1158 1836 1281 1891 sectam
1300 1827 1389 1891 illam
1411 1835 1445 1890 et

170 1941 322 2036 ffiffi„
335 1932 421 2018 quod
443 1940 493 1996 est
515 1931 550 1995 in
572 1930 690 1994 saisina
711 1930 752 1994 de
775 1939 870 1996 secta
917 1931 960 1994 Et
982 1929 1056 1994 ideo
1078 1938 1268 2016 preceptum
1288 1937 1338 1994 est
1359 1929 1445 1994 11199-

170 2035 323 2130 {2¹33th
335 2035 447 2100 comiti
472 2035 560 2120 quod
585 2057 691 2100 comm
715 2057 754 2100 eo
780 2042 814 2098 91
840 2057 946 2099 9919111
972 2034 1160 2099 custodibus
1186 2044 1245 2099 etc.
1273 2033 1445 2099 conuenire

170 2127 323 2222 ffillffilssli'
336 2139 434 2203 faciat
456 2139 509 2224 xij.
526 2146 560 2202 et
582 2159 641 2223 per
662 2161 772 2202 eorum
795 2146 1034 2203 sacramentum
1056 2137 1230 2222 diligenter
1251 2137 1396 2223 inquirat
1417 2136 1445 2200 si

170 2223 323 2353 iili'iil'liliii
335 2243 499 2329 predictus
515 2243 698 2308 Willelmus
717 2243 828 2306 aueria
849 2265 908 2306 sua
926 2242 1014 2327 cepit
1037 2251 1071 2306 et
1093 2243 1121 2305 si
1142 2241 1254 2306 aueria
1275 2242 1361 2326 cepit
1384 2263 1446 2326 que

171 2321 323 2447 {lnhfflii
334 2349 445 2414 suerio
466 2349 553 2433 cepit
576 2356 610 2412 et
632 2347 660 2411 si
682 2347 739 2412 illa
760 2347 866 2412 adhuc
888 2347 1035 2411 detineat
1057 2369 1114 2431 pro
1136 2355 1225 2410 secta
1247 2354 1281 2410 et
1303 2346 1448 2410 seruiciis

330 2476 398 2538 que
420 2453 507 2518 idem
530 2453 630 2538 Hugo
652 2475 716 2516 non
739 2451 908 2536 cognoscit,
924 2460 958 2515 et
980 2451 1093 2516 ueniat
1115 2451 1285 2536 inquisicio
1307 2459 1368 2514 etc.
1388 2473 1447 2536 per

336 2557 445 2622 literas
461 2564 495 2620 ct
509 2578 567 2641 per
581 2556 661 2620 duos
676 2564 736 2620 etc.

215 2655 286 2724 678.
401 2657 655 2724 Archidiaconus
675 2655 804 2721 Totton’
819 2656 1027 2721 athachiatus
1047 2657 1110 2721 fuit
1131 2656 1172 2721 ad
1188 2656 1446 2743 respondendum

209 2760 289 2799 ΒΜ
337 2760 495 2825 Nicholao
532 2759 572 2823 de
609 2759 799 2823 Blahedona
835 2781 933 2844 quare
970 2759 1079 2823 tenuit
1108 2759 1266 2844 placitum
1296 2759 1331 2823 in
1360 2759 1450 2822 curia

337 2861 560 2927 cristianitatis
575 2861 615 2925 de
631 2861 756 2925 catallis
771 2883 835 2945 que
850 2883 914 2924 nou
934 2868 1012 2924 sunt
1033 2869 1091 2925 etc.
1108 2869 1221 2925 contra
1235 2871 1295 2926 etc.
1311 2870 1346 2925 et
1361 2861 1447 2925 unde

337 2965 425 3030 idem
455 2958 636 3028 111911919119Ι
660 2964 808 3049 queritur
833 2963 918 3048 quod
944 2963 1031 3028 idem
1059 2964 1314 3028 Archidiaconus
1340 2964 1448 3028 tenuit

337 3070 494 3156 placitum
511 3069 551 3133 de
567 3068 706 3154 quadam
722 3090 850 3132 summa
864 3067 1000 3152 pecunie
1016 3068 1081 3132 scil.
1097 3069 1137 3132 de
1153 3069 1216 3153 xvj.
1232 3069 1356 3132 marcis

405 3173 448 3236 Et
464 3171 716 3236 Archidiacouus
731 3171 824 3234 uenit
838 3180 873 3234 et
889 3170 1070 3255 dicitquod
1090 3193 1203 3235 reuera
1220 3171 1262 3234 ad
1283 3171 1447 3256 querelam

219 3291 283 3342 [9111]
340 3275 477 3340 Galfridi
508 3275 647 3360 strange
677 3281 711 3336 91
742 3271 862 3336 Ε1111119
892 3273 957 3336 filie
984 3272 1104 3358 Rogeri
1123 3272 1127 3358 Ι
1149 3272 1226 3338 Coei
1252 3273 1330 3336 fecit
1355 3273 1449 3336 citari

339 3379 480 3443 eundem
502 3377 696 3441 Nicholoum
720 3377 806 3462 quod
828 3386 914 3441 esset
936 3400 1145 3462 responsurus
1167 3377 1207 3440 dc
1230 3377 1349 3441 lesione
1372 3376 1450 3440 fidei

339 3504 396 3546 sue
427 3502 484 3567 per
513 3503 611 3566 quam
648 3503 682 3544 sc
720 3481 880 3567 obligauit
916 3481 958 3546 ad
995 3481 1193 3546 solucionem
1230 3480 1448 3566 predictorum

339 3585 543 3650 denariorum
559 3583 746 3660 faciendam,
758 3593 792 3647 91
807 3585 847 3648 de
863 3584 1026 3669 aliquibus
1041 3585 1161 3648 debitis
1177 3584 1229 3648 uel
1245 3583 1369 3647 catallis
1385 3605 1450 3646 non

177 3719 248 3758 infor.
340 3690 448 3754 tenuit
463 3687 593 3773 aliquod
608 3687 774 3772 placitum,
789 3697 823 3752 ct
838 3689 925 3774 quod
940 3699 1050 3753 tenere
1066 3688 1186 3773 poterit
1197 3687 1354 3772 placitum
1366 3685 1450 3750 illud

340 3793 380 3857 de
396 3793 506 3856 debito
522 3792 576 3855 illo
592 3792 712 3876 profert
727 3799 848 3855 cartam
867 3791 969 3876 ipsius
990 3791 1141 3854 Nicholai
1162 3791 1340 3854 conlectam
1363 3787 1451 3852 inter

339 3899 448 3984 ipsum
468 3905 502 3960 et
522 3896 682 3982 predictos
698 3895 880 3960 Galhidum
899 3904 933 3960 et
954 3895 1109 3960 Editham
1128 3917 1190 3980 que
1207 3901 1348 3958 testatur
1362 3892 1450 3978 quod

374 4103 383 4136 ¹
402 4105 499 4160 tutent,
510 4102 577 4152 hove
588 4105 622 4152 as'
629 4103 713 4151 wives.
918 4099 973 4149 The
985 4099 1068 4150 oldest
1079 4114 1203 4162 parccner
1212 4098 1274 4148 does
1284 4097 1329 4147 the
1337 4097 1449 4159 homngo

344 4179 346 4184 '
374 4169 385 4201 ²
401 4171 471 4217 119191
483 4167 623 4216 interlined
634 4167 667 4230 by
679 4170 826 4216 annotator.
918 4165 970 4214 und
983 4165 1117 4214 9911119919
1133 4163 1261 4214 1119911191
1277 4163 1333 4211 lord
1349 4163 1389 4236 191
1404 4161 1448 4211 the

374 4233 504 4295 8Hugh's
527 4233 631 4282 brother
658 4232 753 4281 should
780 4229 868 4291 sequit
918 4230 1001 4278 whole
1024 4230 1076 4288 lee;
1109 4229 1156 4278 her
1184 4229 1273 4277 sisters
1300 4228 1446 4276 contributa

342 4298 430 4360 Hugh.
919 4295 987 4346 their
998 4299 1078 4355 quoto
1095 4299 1121 4344 to
1138 4295 1184 4344 her
1200 4295 1253 4343 ond
1270 4307 1351 4342 sweor
1368 4292 1447 4353 lcolty

375 4366 385 4396 ⁴
402 4364 445 4476 Btr.
459 4363 476 4411 f,
490 4365 528 4412 78.
560 4364 705 4476 Ι,4911911111119
719 4377 751 4476 pr
767 4363 867 4474 ocfiopg·
920 4360 1014 4408 191191.

343 4437 405 4486 turc,
433 4443 597 4489 orccognrzc
615 4443 673 4476 asc
694 4443 716 4475 19
746 4442 774 4475 91
810 4442 867 4474 ea.
