3314 5238
441 419 580 483 msrnn,
602 419 666 469 no.
691 405 784 480 1231,
806 419 868 470 nn
894 409 942 470 15.
1179 409 1242 472 429

142 595 271 660 Petrum
292 592 398 656 filium
421 591 543 678 Rogeri
564 591 645 656 duas
665 597 774 676 partes
793 589 891 655 unius
910 589 1038 677 gardini
1058 599 1092 656 et
1107 614 1134 656 v.
1151 591 1242 656 mes'²

144 721 215 763 cnm
234 705 313 784 pert.
336 695 372 760 in
394 695 470 760 uico
491 694 532 759 de
553 693 718 759 Aldewico
741 705 780 758 ut
801 692 853 758 ius
874 715 980 768 suum,
1001 693 1088 758 unde
1111 694 1241 780 quidum

145 803 254 867 Petrus
267 800 354 865 filius
369 799 470 864 Alani
484 820 567 864 uuus
586 797 689 884 ipsius
708 797 798 862 Petri
812 797 877 862 fuit
891 798 1021 863 seisitus
1035 799 1070 864 in
1084 799 1244 864 dominico

148 930 202 972 suo
221 913 257 972 ut
277 905 317 970 de
339 904 434 969 feodo
456 911 491 968 et
513 903 584 967 iure
607 911 752 988 tempore
778 902 915 967 Henrici
942 901 1042 990 Regis
1067 903 1123 968 eui
1149 903 1242 968 Dom.

149 1011 241 1098 Regis
258 1008 414 1096 cupiendo
434 1007 511 1072 inde
526 1007 659 1096 explete
671 1005 713 1070 ad
727 1006 908 1072 uclenciem
923 1007 998 1071 dim
1015 1029 1108 1072 merc
1125 1015 1194 1086 etc,
1209 1013 1244 1072 et

150 1116 187 1180 de
199 1111 337 1200 predicto
352 1111 450 1176 Petro
465 1109 698 1204 descenditius
713 1117 798 1174 terre
818 1109 907 1174 illius
928 1109 1057 1174 cuidem
1077 1110 1184 1174 Aleno
1203 1119 1242 1176 ut

149 1215 211 1280 filio
224 1223 256 1279 et
269 1212 380 1278 heredi
395 1235 462 1289 suo,
478 1220 512 1276 et
526 1211 567 1276 de
582 1211 727 1297 predicto
745 1211 851 1276 Aiano
869 1211 926 1276 isti
946 1212 1043 1278 Petro
1063 1221 1102 1276 ut
1121 1213 1188 1278 filio
1208 1223 1243 1278 et

147 1318 259 1396 heredi,
278 1326 313 1382 et
334 1317 421 1404 quod
444 1317 560 1382 Petrus
582 1316 631 1380 ite
652 1317 716 1382 fuit
736 1317 867 1382 seisitus
887 1326 922 1382 et
937 1317 1023 1404 quod
1043 1317 1109 1382 tsle
1129 1317 1244 1383 eitius

144 1445 234 1488 suum
248 1423 342 1487 offert
357 1429 416 1486 etc

203 1527 247 1592 Et
270 1527 388 1592 Petrus
406 1525 494 1590 filius
514 1525 633 1612 Rogeri
653 1525 747 1590 uenit
765 1533 799 1590 et
814 1524 960 1590 defendit
976 1526 1027 1592 ius
1041 1549 1137 1592 suurn
1157 1551 1243 1594 nunc

139 1638 172 1695 et
186 1631 266 1696 nlius
285 1631 345 1696 ubi
365 1638 399 1695 et
418 1629 563 1716 quando*
579 1637 614 1694 et
634 1629 787 1694 seisinam
806 1627 946 1714 predicti
968 1630 1059 1695 Petri
1081 1639 1115 1696 et
1134 1639 1243 1697 totum

137 1757 325 1822 percorpus
344 1734 512 1801 cuiusdam
533 1733 627 1798 liberi
646 1732 786 1797 hominis
805 1733 857 1798 sui
877 1733 1037 1800 Johannis
1060 1733 1101 1800 de
1126 1735 1244 1801 Stokes

137 1837 268 1902 nomine
283 1837 341 1922 qui
355 1837 415 1901 hoc
429 1835 523 1900 offert
538 1834 709 1900 defendere
724 1856 782 1921 per
802 1857 917 1920 corpus
936 1858 1032 1901 sunm
1050 1836 1135 1902 sicut
1154 1838 1244 1904 curie

137 1939 399 2006 considere-uerit.

202 2043 247 2108 Et
267 2043 385 2108 Petrus
404 2043 491 2108 filius
509 2042 609 2108 Alani
627 2041 713 2129 petit
733 2041 796 2107 sibi
818 2041 948 2107 allocuti
969 2043 1056 2129 quod
1078 2067 1153 2110 cum
1173 2045 1242 2132 ipse

136 2145 218 2210 aiios
250 2145 287 2209 in
316 2146 474 2212 comitatu
503 2154 631 2233 peteret
660 2167 773 2210 uersus
802 2145 942 2210 eundem
973 2147 1108 2212 Petrum
1137 2149 1241 2214 filium

136 2249 258 2337 Rogeri
277 2257 397 2314 terrum
417 2250 506 2315 illam
526 2258 566 2315 ut
585 2249 636 2314 ius
658 2272 754 2314 suum
776 2248 861 2314 sicut
882 2250 1031 2336 superius
1053 2259 1088 2316 et
1109 2261 1242 2338 paratus

136 2362 222 2420 esset
236 2355 298 2419 hoc
313 2353 526 2420 disrecionsre
541 2376 727 2441 percorpus
743 2353 910 2418 cuiusdam
926 2354 1021 2419 liberi
1036 2355 1175 2420 hominis
1190 2356 1241 2422 sui
1253 2341 1368 2434 diffidi?

140 2459 293 2547 Hugonis
324 2459 364 2524 de
396 2459 537 2536 Suwilla,
563 2467 598 2524 et
625 2458 682 2544 qui
711 2458 771 2524 hoc
800 2457 922 2544 optulit
947 2458 1159 2524 disrecionere
1185 2436 1392 2546 perggfflp

1252 2528 1318 2567 miss
1325 2529 1388 2568 neure

135 2586 250 2650 corpus
280 2586 377 2628 suum
406 2564 490 2629 sicut
519 2563 608 2640 curia
637 2563 862 2640 consideraret,
891 2563 978 2628 idem
1009 2563 1126 2628 Petrus
1155 2563 1240 2628 filius
1252 2575 1387 2670 pffleepno

135 2667 254 2754 Rogeri
278 2667 372 2732 uenit
392 2667 427 2732 in
447 2666 560 2732 eedem
582 2667 672 2731 curie
692 2674 725 2732 et
745 2665 891 2731 defendit
906 2665 957 2730 ius
972 2689 1067 2732 suum
1083 2676 1117 2733 et
1132 2676 1240 2734 totum
1253 2673 1404 2754 ξξζῗζῶῑξῡῑ·
1429 2675 1432 2682 ’

1252 2761 1309 2809 quod
1317 2765 1376 2800 ante·

135 2781 169 2836 et
189 2770 301 2858 posuit
323 2794 358 2836 se
380 2770 415 2834 in
436 2792 589 2857 magnam
611 2769 744 2834 assisam
767 2769 860 2834 Doni
883 2769 992 2856 Regis,
1015 2779 1049 2836 et
1071 2771 1169 2858 petiit
1190 2793 1239 2836 re·
1252 2808 1391 2896 mm

136 2877 355 2964 cognicionem
376 2875 445 2941 fieri
465 2875 537 2962 quis
557 2897 668 2940 eorum
689 2875 795 2940 meins
809 2875 861 2940 ius
875 2877 1010 2942 heberet
1025 2878 1060 2942 in
1074 2887 1162 2944 terre
1175 2878 1240 2958 ille,
1252 2901 1399 2989 fflopprppon

137 2983 222 3048 unde
242 2982 329 3068 petit
348 2980 506 3047 iudicium
525 2979 553 3045 si
568 2979 669 3066 possit
684 3003 718 3045 se
733 2980 906 3046 defendere
921 3005 1008 3047 nunc
1022 3004 1080 3068 per
1093 2981 1240 3048 ducllum
1252 2994 1403 3083 flffliggg

137 3083 263 3150 desicut
287 3083 413 3170 posuit⁸
434 3091 514 3148 tunc
535 3083 570 3147 in
593 3105 745 3170 magnam
771 3081 913 3160 assisam,
938 3093 973 3148 et
996 3083 1082 3170 quod
1105 3084 1154 3149 ite
1177 3084 1240 3150 fuit
1253 3088 1359 3182 gom

137 3209 321 3273 processum
343 3186 378 3251 in
400 3185 558 3252 comitatu
574 3186 669 3250 offert
684 3185 778 3250 Dom.
793 3185 877 3271 Regi
892 3185 933 3250 xl.
949 3186 1003 3252 sol.
1019 3208 1077 3272 pro
1092 3185 1240 3252 habendo
1253 3182 1400 3278 {fssg'ffiffi

138 3289 266 3356 recordo
288 3289 471 3368 comitatus,
486 3297 520 3353 et
540 3288 567 3354 si
591 3288 651 3354 hoc
671 3309 736 3352 non
758 3287 878 3352 sufficit
898 3286 903 3374 l
922 3295 1000 3354 tunc
1016 3289 1110 3353 offert
1125 3287 1240 3354 dissre·
1253 3290 1399 3397 nmfflum

139 3393 263 3458 cionare
278 3392 330 3458 ius
344 3415 439 3458 suum
454 3414 641 3479 percorpus
655 3391 794 3478 predicti
814 3392 965 3479 Hugonis
984 3392 1025 3458 de
1046 3393 1187 3458 Suwella
1207 3401 1241 3458 et
1253 3413 1405 3497 Ἤρ

140 3495 195 3582 qui
215 3495 277 3561 hoc
299 3495 394 3561 offert
415 3503 474 3560 etc
520 3494 610 3560 Dicit
636 3494 739 3560 eciem
766 3494 851 3580 quod
880 3495 1046 3581 predictus
1074 3496 1241 3562 Johannes
1254 3497 1383 3591 {mm

139 3623 202 3666 non
225 3608 335 3686 potest
358 3599 409 3664 ius
428 3599 531 3685 ipsius
550 3598 641 3664 Petri
660 3599 842 3677 defendere,
856 3623 916 3665 nec
936 3600 1240 3668 disrecionecionem
1253 3590 1386 3685 &13⁸⁰

139 3703 241 3768 fecere
262 3725 322 3789 pro
343 3702 461 3788 ulique,
482 3702 560 3788 quia
582 3702 650 3788 ipse
673 3702 834 3788 apellatus
856 3711 906 3768 est
928 3703 969 3768 de
991 3704 1144 3770 membris
1166 3704 1239 3769 suis
1253 3683 1406 3788 mpur-

139 3807 228 3873 nice
247 3807 349 3872 ecam
370 3805 456 3892 quod
475 3829 540 3871 non
554 3806 687 3872 uretur
708 3807 739 3872 s
761 3807 848 3894 quod
870 3807 1015 3872 duonum
1033 3808 1152 3874 sessu
1171 3809 1241 3874 fies
1253 3781 1405 3920 ffifss

140 3913 224 3978 inter
247 3934 302 3976 eos
321 3910 400 3998 quis
419 3911 482 3997 ipsi
501 3919 579 3976 sunt
598 3911 639 3976 de
658 3935 724 3976 uno
739 3911 861 3998 stipite,
877 3911 954 3998 quia
968 3913 1101 3999 quidem
1116 3914 1224 3978 Alenu
1253 3929 1393 4005 „22¹⁸”ssoe

140 4016 254 4082 hebuit
288 4023 355 4080 tres
389 4013 481 4091 filios,
511 4013 575 4079 scil.
611 4015 773 4101 quendem
809 4015 943 4080 Petrum
979 4015 1241 4104 primogenitum,
1253 4011 1399 4146 {ssgd'w

1308 4163 1334 4193 m.

141 4119 310 4208 Rogemm,
325 4129 360 4184 et
375 4119 574 4185 Willelmum
590 4127 789 4206 postnatum,
804 4127 839 4185 et
854 4119 894 4185 de
914 4120 1011 4186 Petro
1025 4119 1241 4210 primogenito
1253 4109 1311 4202 if&

169 4331 177 4365 ¹
194 4332 323 4396 Probably
333 4335 522 4392 mensionem.
715 4329 788 4382 when
800 4331 853 4382 und
864 4331 947 4384 where
957 4332 980 4383 it
991 4332 1059 4384 shall
1070 4333 1167 4385 behove
1177 4334 1240 4387 him.

169 4397 180 4430 ⁸
194 4400 265 4448 debet
275 4397 436 4461 expuncted;
453 4397 498 4447 the
508 4397 556 4447 full
570 4397 664 4460 phrase
746 4397 757 4430 ³
775 4397 872 4460 Supply
882 4415 915 4451 se.

142 4463 162 4512 is
176 4465 218 4512 uti
237 4472 261 4513 et
280 4464 383 4527 picando
403 4464 531 4526 defendere
549 4465 662 4519 debebit,-
747 4461 758 4495 ⁴
775 4462 832 4512 Om.
845 4471 877 4513 et.
