3196 5226
303 461 422 512 musar
444 459 519 508 sun
541 457 678 520 nisena,
700 456 765 507 sn.
789 445 882 522 1220,
904 459 967 509 aa
991 447 1019 508 ι.
1166 445 1206 509 95

188 631 228 698 Et
251 631 333 698 Prior
351 631 434 697 bene
458 629 611 718 cognouit
634 628 720 715 quod
743 629 927 694 Willelmus
951 628 1115 716 predictus
1137 651 1208 716 pre-

131 737 258 802 sentanit
282 757 441 822 personam
465 735 550 800 sicut
573 733 755 820 predictum
781 741 831 799 est
855 743 889 800 et
913 735 1000 821 quod
1028 735 1080 799 ius
1109 735 1207 800 aduo-

130 839 250 906 cacionis
271 839 351 904 illius
373 839 540 904 descendit
563 838 700 924 Hugoni
723 838 816 902 fratri
839 861 898 902 suo
921 846 971 904 set
995 838 1082 904 idern
1108 839 1209 926 Hugo

129 943 206 1008 dedit
227 944 256 1008 ei
279 943 520 1010 aduooacionem
542 942 632 1008 illam
652 963 711 1027 per
730 949 852 1008 cartam
872 964 965 1008 suam
984 942 1069 1008 sicut
1085 941 1209 1028 predic·

130 1056 188 1110 turn
201 1045 270 1111 esti

182 1151 221 1215 Et
240 1151 300 1236 ipsi
319 1151 433 1216 dicunt
453 1149 540 1236 quod
559 1158 648 1215 carta
668 1149 726 1214 illa
743 1171 809 1214 non
823 1148 921 1214 debet
935 1149 982 1214 eis
996 1171 1118 1226 nocere,
1133 1149 1210 1236 quia

128 1253 184 1340 ipso
206 1255 298 1342 Hugo
319 1255 397 1320 fecit
416 1255 448 1320 ei
467 1263 590 1320 cartam
609 1255 699 1319 illam
719 1253 754 1319 in
774 1253 958 1340 egritudine
978 1253 1064 1319 unde
1079 1253 1160 1319 obiit
1175 1261 1210 1318 et

127 1355 155 1418 in
172 1355 249 1420 lecto
270 1356 405 1433 mortali,
425 1364 460 1420 et
481 1355 542 1420 tali
562 1363 709 1441 tempore
731 1377 795 1440 quo
816 1377 882 1419 non
902 1355 1011 1441 potuit
1032 1353 1153 1433 uidere,
1175 1363 1210 1420 et

126 1455 186 1521 ideo
197 1457 321 1522 uidetur
334 1458 366 1522 ei
380 1456 468 1544 quod
482 1457 603 1522 donum
618 1457 699 1522 illud
714 1479 779 1522 non
794 1456 893 1522 debet
907 1457 954 1522 eis
969 1479 1091 1523 nocere.

179 1561 218 1625 Et
245 1561 333 1627 Prior
361 1561 442 1627 dicit
471 1559 557 1647 quod
582 1561 617 1626 in
646 1561 725 1646 ligia
753 1567 916 1646 potestate
942 1583 1001 1626 sua
1021 1561 1209 1647 priusquam

126 1662 295 1728 reddidisset
323 1686 358 1729 se
383 1663 496 1728 domui
525 1684 582 1728 sue
612 1663 647 1727 in
668 1662 857 1748 religionem
878 1662 969 1728 dedit
991 1663 1022 1728 ei
1043 1663 1209 1728 ecclesiam

126 1765 199 1830 iiiam
212 1775 245 1830 et
261 1767 315 1832 din
330 1775 446 1852 postea
459 1765 544 1830 uixit
564 1773 598 1830 et
618 1765 739 1830 donum
759 1764 841 1830 illud
863 1775 897 1830 et
916 1773 1038 1832 cartam
1057 1766 1104 1830 eis
1124 1766 1209 1844 fecit,
1222 1778 1362 1822 sinuum

125 1868 152 1932 in
164 1869 236 1933 uilla
249 1869 287 1934 de
302 1868 514 1956 cantebrigia
528 1889 635 1932 coram
649 1867 762 1932 multis
777 1867 962 1933 horninibus
976 1867 1053 1932 uilla
1068 1867 1177 1934 illius&

74 1971 91 2032 '.
178 1969 352 2036 'Henricus
373 1971 415 2037 de
436 1971 533 2057 Oylly
547 1970 633 2055 petit
652 1991 766 2034 uersus
785 1969 978 2034 Mauricium
998 1969 1038 2034 de
1054 1969 1166 2036 Gaunt
1180 1992 1208 2037 v.
1264 1984 1331 2026 0102

125 2082 270 2138 ramentas
285 2081 370 2138 terre
385 2095 460 2137 cnm
474 2071 683 2158 pertinenciis
697 2071 732 2136 in
747 2071 903 2136 Westona
916 2081 955 2136 ut
970 2073 1021 2138 ius
1038 2095 1134 2138 suum
1149 2080 1209 2140 etc.

124 2183 152 2240 et
176 2177 257 2242 unde
285 2177 373 2244 idem
403 2177 579 2242 Mauricius
607 2199 673 2240 non
702 2175 802 2242 habet
835 2175 1024 2262 ingressum,
1053 2176 1116 2242 nisi
1152 2199 1210 2263 per

123 2280 299 2347 Matillidem
321 2304 456 2347 uxorem
480 2282 549 2347 eius
573 2303 637 2367 qua
660 2281 724 2345 fuit
747 2280 816 2345 filia
844 2281 946 2367 ipsius
975 2281 1110 2346 Henrici
1134 2304 1208 2346 curn

124 2405 177 2467 qua
196 2384 283 2452 dedit
304 2395 426 2450 terram
446 2385 536 2450 illam
557 2384 593 2449 in
610 2384 818 2470 maritagium
833 2393 867 2449 et
882 2385 959 2471 quia
972 2385 1043 2471 ipsa
1057 2386 1211 2452 defuncta

124 2495 167 2551 est
192 2488 257 2553 sine
285 2489 405 2554 herede
435 2488 476 2553 de
502 2511 536 2553 se
558 2489 644 2574 petit
666 2497 787 2554 terram
808 2489 899 2555 illam
920 2490 1070 2556 atillam
1094 2513 1157 2577 que
1180 2491 1211 2556 ei

124 2591 228 2656 reuerti
241 2591 341 2657 debet
355 2600 395 2656 ut
409 2590 565 2656 donatori.

174 2691 217 2758 Ει
236 2694 414 2759 Mauricius
436 2694 530 2758 uenit
552 2701 586 2758 et
608 2693 755 2758 defendit
780 2694 831 2760 ius
857 2717 963 2773 suum,
983 2717 1069 2760 nunc
1093 2705 1151 2761 etc.
1175 2705 1210 2761 et

125 2794 197 2875 dicit,
217 2799 302 2886 quod
325 2821 392 2864 non
415 2797 514 2863 debet
537 2797 578 2863 ad
600 2798 660 2863 hoc
679 2799 778 2864 breue
800 2799 990 2885 respondere
1012 2800 1090 2886 quia
1110 2800 1209 2865 breue

126 2898 247 2984 loquitur
271 2903 313 2968 de
337 2902 481 2968 manerio
505 2901 545 2968 de
569 2901 724 2968 Westona
752 2926 827 2968 cum
856 2904 1063 2990 pertinenciis
1084 2913 1119 2968 et
1140 2904 1209 2990 ipse

125 3003 193 3084 petit
210 3027 235 3070 v.
250 3015 419 3071 camnatas
439 3013 524 3069 terre
543 3005 579 3070 in
597 3005 782 3070 narracione
798 3015 913 3084 suaet
935 3005 1060 3072 desicut
1082 3015 1210 3093 separat

125 3102 157 3168 de
176 3105 260 3173 breui
280 3130 349 3186 suo,
368 3129 435 3172 non
459 3109 532 3174 uult
554 3108 746 3194 respondere
765 3109 807 3174 ad
832 3109 891 3176 hoc
914 3109 1013 3176 breue
1036 3110 1099 3176 nisi
1120 3110 1255 3176 auriarro
1236 3137 1332 3229 0ιιιιιιβπ
1300 3135 1354 3222 ιιι

126 3209 364 3276 considerauerit.
1221 3192 1301 3277 siria
1295 3186 1369 3270 niis

1233 3275 1353 3324 imsipetat

176 3311 214 3375 Et
237 3312 404 3378 Henricus
425 3314 588 3400 cognoscit
610 3314 787 3401 quodi
716 3323 802 3402 petrt
824 3339 852 3382 v.
875 3325 1039 3382 carucatas
1060 3324 1153 3394 terre,
1175 3286 1297 3408 etiggg,
1289 3323 1338 3408 ιξυ·
1338 3371 1361 3409 ι

125 3411 203 3480 illev.
217 3425 365 3482 carucata
384 3426 469 3482 terre
489 3427 567 3484 sunt
588 3427 660 3485 tota
680 3420 768 3487 uilla
812 3421 857 3486 Et
878 3421 952 3486 ideo
973 3415 1373 3548 considerationum

1221 3520 1235 3557 (1

125 3521 253 3604 estquod
267 3520 464 3606 respondeat
479 3521 556 3607 quia
569 3545 634 3587 non
648 3531 776 3608 separat
791 3523 831 3587 de
846 3522 946 3588 breui
1236 3556 1375 3597 saarim

175 3622 214 3688 Et
227 3625 406 3690 Mauricius
421 3626 514 3690 uenit
528 3633 564 3690 et
577 3627 663 3712 petit
678 3627 796 3704 uisum,
811 3627 939 3694 habeat.
1277 3604 1340 3645 ”mi

43 3727 91 3794 ut.
175 3726 399 3794 ‘Bosamunda
427 3751 491 3816 quc
517 3731 581 3795 fuit
603 3753 685 3796 uxor
708 3731 853 3819 Philippi
881 3732 922 3798 de
952 3733 1097 3799 Ginmde
1125 3735 1211 3821 petit

126 3845 218 3894 uersus
246 3831 430 3896 Robertum
460 3831 635 3898 Passelewe
665 3835 846 3912 manerium
871 3835 912 3900 de
935 3836 1145 3925 Dodingtona
1173 3847 1212 3904 ut

125 3929 215 3998 dotem
232 3957 336 4012 suam,
355 3937 442 4002 unde
462 3937 626 4022 predictus
646 3939 818 4025 Philippus
839 3940 891 4005 uir
912 3963 990 4006 suus
1010 3964 1082 4008 eam
1108 3945 1212 4009 nomi·

125 4037 210 4101 satim
222 4038 354 4104 dotauit
368 4039 421 4104 die
436 4048 495 4105 etc
512 4049 547 4104 et
561 4039 637 4106 inde
653 4041 802 4127 producit
817 4051 938 4108 sectam
952 4053 1012 4110 etc

176 4140 214 4206 Et
227 4141 393 4206 Robertus
407 4141 500 4206 uenit
514 4151 549 4207 et
564 4144 726 4230 cognoscit
737 4143 820 4210 bene
836 4145 922 4231 quod
936 4147 1116 4212 manerium
1130 4148 1212 4216 illud

149 4271 356 4327 ¹fleeGasa103.
718 4279 1095 4343 ⁸s..;m16d13...mlad

149 4337 315 4392 ‘comoranti
345 4349 406 4392 ιιιιιι
431 4357 478 4405 per
505 4345 637 4394 nomm
718 4345 1213 4410 ‘am.17;13.m.1auhecount

126 4403 307 4524 {pegaseo-iorum
317 4414 343 4458 et
352 4409 444 4459 habeat
452 4410 635 4475 cirographum,
687 4410 781 4462 should
792 4411 822 4463 bs
833 4383 1022 4474 Bdolringham.
