<?xml version="1.0" encoding="UTF-8"?>
<!DOCTYPE html PUBLIC "-//W3C//DTD XHTML 1.0 Transitional//EN"
    "http://www.w3.org/TR/xhtml1/DTD/xhtml1-transitional.dtd">
<html xmlns="http://www.w3.org/1999/xhtml" xml:lang="en" lang="en">
 <head>
  <title>
</title>
<meta http-equiv="Content-Type" content="text/html;charset=utf-8" />
  <meta name='ocr-system' content='tesseract 3.04.00' />
  <meta name='ocr-capabilities' content='ocr_page ocr_carea ocr_par ocr_line ocrx_word'/>
</head>
<body>
  <div class='ocr_page' id='page_1' title='image "./bractonsnoteboo04bracgoog_0603.png"; bbox 0 0 3360 5236; ppageno 0'>
   <div class='ocr_carea' id='block_1_1' title="bbox 484 442 1292 520">
    <p class='ocr_par' dir='ltr' id='par_1_1' title="bbox 484 442 1292 520">
     <span class='ocr_line' id='line_1_1' title="bbox 484 442 1292 520; baseline 0.007 -17"><span class='ocrx_word' id='word_1_1' title='bbox 484 457 634 518; x_wconf 72' lang='lat' dir='ltr'>remur,</span> <span class='ocrx_word' id='word_1_2' title='bbox 657 455 723 506; x_wconf 70' lang='lat' dir='ltr'>sn.</span> <span class='ocrx_word' id='word_1_3' title='bbox 748 443 840 520; x_wconf 79' lang='lat'>1233,</span> <span class='ocrx_word' id='word_1_4' title='bbox 863 457 927 506; x_wconf 68' lang='lat' dir='ltr'>aa</span> <span class='ocrx_word' id='word_1_5' title='bbox 952 442 1001 510; x_wconf 87' lang='grc'>17.</span> <span class='ocrx_word' id='word_1_6' title='bbox 1230 447 1292 511; x_wconf 81' lang='lat'>595</span> 
     </span>
    </p>
   </div>
   <div class='ocr_carea' id='block_1_2' title="bbox 183 629 1294 2692">
    <p class='ocr_par' dir='ltr' id='par_1_2' title="bbox 184 629 1294 1129">
     <span class='ocr_line' id='line_1_2' title="bbox 187 629 1293 718; baseline 0.004 -24"><span class='ocrx_word' id='word_1_7' title='bbox 187 629 287 718; x_wconf 86' lang='lat' dir='ltr'>Regis</span> <span class='ocrx_word' id='word_1_8' title='bbox 312 631 370 716; x_wconf 92' lang='lat' dir='ltr'>qui</span> <span class='ocrx_word' id='word_1_9' title='bbox 394 653 481 696; x_wconf 90' lang='lat' dir='ltr'>nunc</span> <span class='ocrx_word' id='word_1_10' title='bbox 505 637 555 695; x_wconf 91' lang='lat' dir='ltr'>est</span> <span class='ocrx_word' id='word_1_11' title='bbox 580 639 662 717; x_wconf 87' lang='lat' dir='ltr'>aput</span> <span class='ocrx_word' id='word_1_12' title='bbox 687 630 1027 696; x_wconf 81' lang='lat' dir='ltr'>westmonasterium1</span> <span class='ocrx_word' id='word_1_13' title='bbox 1053 639 1123 710; x_wconf 85' lang='lat' dir='ltr'>etc,</span> <span class='ocrx_word' id='word_1_14' title='bbox 1146 640 1180 698; x_wconf 92' lang='lat' dir='ltr'>et</span> <span class='ocrx_word' id='word_1_15' title='bbox 1206 633 1293 698; x_wconf 89' lang='lat' dir='ltr'>unde</span> 
     </span>
     <span class='ocr_line' id='line_1_3' title="bbox 185 729 1294 819; baseline 0.005 -24"><span class='ocrx_word' id='word_1_16' title='bbox 185 729 272 795; x_wconf 91' lang='lat' dir='ltr'>idem</span> <span class='ocrx_word' id='word_1_17' title='bbox 299 731 464 798; x_wconf 86' lang='lat' dir='ltr'>Walterns</span> <span class='ocrx_word' id='word_1_18' title='bbox 489 731 638 819; x_wconf 88' lang='lat' dir='ltr'>queritur</span> <span class='ocrx_word' id='word_1_19' title='bbox 663 732 749 818; x_wconf 90' lang='lat' dir='ltr'>quod</span> <span class='ocrx_word' id='word_1_20' title='bbox 770 733 909 818; x_wconf 76' lang='lat' dir='ltr'>predicti</span> <span class='ocrx_word' id='word_1_21' title='bbox 930 733 984 819; x_wconf 82' lang='lat' dir='ltr'>xij.</span> <span class='ocrx_word' id='word_1_22' title='bbox 1008 734 1125 798; x_wconf 87' lang='lat' dir='ltr'>falsum</span> <span class='ocrx_word' id='word_1_23' title='bbox 1148 735 1294 800; x_wconf 86' lang='lat' dir='ltr'>fecerunt</span> 
     </span>
     <span class='ocr_line' id='line_1_4' title="bbox 185 835 1294 926; baseline 0.005 -27"><span class='ocrx_word' id='word_1_24' title='bbox 185 844 423 900; x_wconf 84' lang='lat' dir='ltr'>sacramentum</span> <span class='ocrx_word' id='word_1_25' title='bbox 449 858 555 900; x_wconf 89' lang='lat' dir='ltr'>eoram</span> <span class='ocrx_word' id='word_1_26' title='bbox 581 835 766 901; x_wconf 86' lang='lat' dir='ltr'>iusticiariis</span> <span class='ocrx_word' id='word_1_27' title='bbox 788 844 870 923; x_wconf 87' lang='lat' dir='ltr'>aput</span> <span class='ocrx_word' id='word_1_28' title='bbox 892 836 1120 902; x_wconf 81' lang='lat' dir='ltr'>Oolecestriam</span> <span class='ocrx_word' id='word_1_29' title='bbox 1147 861 1185 904; x_wconf 88' lang='lat' dir='ltr'>eo</span> <span class='ocrx_word' id='word_1_30' title='bbox 1208 839 1294 926; x_wconf 89' lang='lat' dir='ltr'>quod</span> 
     </span>
     <span class='ocr_line' id='line_1_5' title="bbox 185 936 1294 1025; baseline 0.005 -23"><span class='ocrx_word' id='word_1_31' title='bbox 185 936 338 1003; x_wconf 82' lang='lat' dir='ltr'>dixerunt</span> <span class='ocrx_word' id='word_1_32' title='bbox 366 938 452 1025; x_wconf 93' lang='lat' dir='ltr'>quod</span> <span class='ocrx_word' id='word_1_33' title='bbox 480 938 645 1025; x_wconf 88' lang='lat' dir='ltr'>predictus</span> <span class='ocrx_word' id='word_1_34' title='bbox 673 939 838 1005; x_wconf 86' lang='lat' dir='ltr'>Walterus</span> <span class='ocrx_word' id='word_1_35' title='bbox 867 940 988 1005; x_wconf 89' lang='lat' dir='ltr'>iniuste</span> <span class='ocrx_word' id='word_1_36' title='bbox 1018 949 1053 1006; x_wconf 91' lang='lat' dir='ltr'>et</span> <span class='ocrx_word' id='word_1_37' title='bbox 1078 941 1148 1007; x_wconf 89' lang='lat' dir='ltr'>sine</span> <span class='ocrx_word' id='word_1_38' title='bbox 1174 941 1294 1008; x_wconf 90' lang='lat' dir='ltr'>iudicio</span> 
     </span>
     <span class='ocr_line' id='line_1_6' title="bbox 184 1040 667 1129; baseline 0.002 -22"><span class='ocrx_word' id='word_1_39' title='bbox 184 1040 361 1108; x_wconf 86' lang='lat' dir='ltr'>disseisiuit</span> <span class='ocrx_word' id='word_1_40' title='bbox 374 1044 478 1129; x_wconf 92' lang='lat' dir='ltr'>ipsam</span> <span class='ocrx_word' id='word_1_41' title='bbox 493 1043 517 1108; x_wconf 88' lang='lat' dir='ltr'><strong>J</strong></span> <span class='ocrx_word' id='word_1_42' title='bbox 516 1043 667 1108; x_wconf 89' lang='lat' dir='ltr'>ulianam.</span> 
     </span>
    </p>

    <p class='ocr_par' dir='ltr' id='par_1_3' title="bbox 183 1145 1294 2692">
     <span class='ocr_line' id='line_1_7' title="bbox 250 1145 1293 1233; baseline 0.004 -24"><span class='ocrx_word' id='word_1_43' title='bbox 250 1145 294 1210; x_wconf 86' lang='lat' dir='ltr'>Et</span> <span class='ocrx_word' id='word_1_44' title='bbox 308 1147 331 1210; x_wconf 80' lang='lat' dir='ltr'>‚J</span> <span class='ocrx_word' id='word_1_45' title='bbox 332 1145 442 1211; x_wconf 83' lang='lat' dir='ltr'>uliano</span> <span class='ocrx_word' id='word_1_46' title='bbox 455 1145 549 1211; x_wconf 90' lang='lat' dir='ltr'>uenit</span> <span class='ocrx_word' id='word_1_47' title='bbox 564 1154 598 1211; x_wconf 88' lang='lat' dir='ltr'>et</span> <span class='ocrx_word' id='word_1_48' title='bbox 613 1145 693 1211; x_wconf 90' lang='lat' dir='ltr'>dicit</span> <span class='ocrx_word' id='word_1_49' title='bbox 708 1145 794 1233; x_wconf 91' lang='lat' dir='ltr'>quod</span> <span class='ocrx_word' id='word_1_50' title='bbox 809 1147 909 1212; x_wconf 83' lang='lat' dir='ltr'>assisa</span> <span class='ocrx_word' id='word_1_51' title='bbox 924 1168 989 1211; x_wconf 92' lang='lat' dir='ltr'>non</span> <span class='ocrx_word' id='word_1_52' title='bbox 1008 1146 1107 1213; x_wconf 90' lang='lat' dir='ltr'>debet</span> <span class='ocrx_word' id='word_1_53' title='bbox 1122 1147 1198 1214; x_wconf 91' lang='lat' dir='ltr'>inde</span> <span class='ocrx_word' id='word_1_54' title='bbox 1214 1148 1293 1229; x_wconf 89' lang='lat' dir='ltr'>fieri,</span> 
     </span>
     <span class='ocr_line' id='line_1_8' title="bbox 185 1249 1294 1340; baseline 0.005 -27"><span class='ocrx_word' id='word_1_55' title='bbox 185 1249 262 1334; x_wconf 87' lang='lat' dir='ltr'>quia</span> <span class='ocrx_word' id='word_1_56' title='bbox 282 1272 396 1314; x_wconf 83' lang='lat' dir='ltr'>reuera</span> <span class='ocrx_word' id='word_1_57' title='bbox 417 1250 580 1314; x_wconf 85' lang='lat' dir='ltr'>Robertus</span> <span class='ocrx_word' id='word_1_58' title='bbox 602 1251 689 1315; x_wconf 90' lang='lat' dir='ltr'>filius</span> <span class='ocrx_word' id='word_1_59' title='bbox 711 1250 855 1336; x_wconf 89' lang='lat' dir='ltr'>Philippi</span> <span class='ocrx_word' id='word_1_60' title='bbox 877 1251 1040 1336; x_wconf 89' lang='lat' dir='ltr'>quondam</span> <span class='ocrx_word' id='word_1_61' title='bbox 1062 1253 1114 1316; x_wconf 91' lang='lat' dir='ltr'>uir</span> <span class='ocrx_word' id='word_1_62' title='bbox 1136 1277 1214 1318; x_wconf 90' lang='lat' dir='ltr'>suns</span> <span class='ocrx_word' id='word_1_63' title='bbox 1236 1277 1294 1340; x_wconf 88' lang='lat' dir='ltr'>per</span> 
     </span>
     <span class='ocr_line' id='line_1_9' title="bbox 184 1354 1293 1442; baseline 0.003 -22"><span class='ocrx_word' id='word_1_64' title='bbox 184 1362 249 1420; x_wconf 86' lang='lat' dir='ltr'>tres</span> <span class='ocrx_word' id='word_1_65' title='bbox 263 1376 364 1419; x_wconf 86' lang='lat' dir='ltr'>annos</span> <span class='ocrx_word' id='word_1_66' title='bbox 378 1362 554 1441; x_wconf 77' lang='lat' dir='ltr'>antequam</span> <span class='ocrx_word' id='word_1_67' title='bbox 574 1354 661 1419; x_wconf 89' lang='lat' dir='ltr'>idem</span> <span class='ocrx_word' id='word_1_68' title='bbox 682 1354 844 1419; x_wconf 87' lang='lat' dir='ltr'>Robertus</span> <span class='ocrx_word' id='word_1_69' title='bbox 865 1377 937 1420; x_wconf 88' lang='lat' dir='ltr'>eam</span> <span class='ocrx_word' id='word_1_70' title='bbox 957 1355 1182 1442; x_wconf 73' lang='lat' dir='ltr'>desponsasset</span> <span class='ocrx_word' id='word_1_71' title='bbox 1201 1357 1293 1423; x_wconf 92' lang='lat' dir='ltr'>dedit</span> 
     </span>
     <span class='ocr_line' id='line_1_10' title="bbox 183 1457 1293 1526; baseline 0.004 -4"><span class='ocrx_word' id='word_1_72' title='bbox 183 1457 270 1523; x_wconf 91' lang='lat' dir='ltr'>idem</span> <span class='ocrx_word' id='word_1_73' title='bbox 301 1459 462 1523; x_wconf 85' lang='lat' dir='ltr'>Robertus</span> <span class='ocrx_word' id='word_1_74' title='bbox 492 1459 673 1523; x_wconf 83' lang='lat' dir='ltr'>manerium</span> <span class='ocrx_word' id='word_1_75' title='bbox 708 1459 749 1523; x_wconf 94' lang='lat' dir='ltr'>de</span> <span class='ocrx_word' id='word_1_76' title='bbox 780 1459 936 1526; x_wconf 89' lang='lat' dir='ltr'>Boostede</span> <span class='ocrx_word' id='word_1_77' title='bbox 966 1460 1130 1526; x_wconf 90' lang='lat' dir='ltr'>Willelmo</span> <span class='ocrx_word' id='word_1_78' title='bbox 1166 1461 1293 1526; x_wconf 90' lang='lat' dir='ltr'>Britoni</span> 
     </span>
     <span class='ocr_line' id='line_1_11' title="bbox 183 1562 1293 1651; baseline 0.003 -24"><span class='ocrx_word' id='word_1_79' title='bbox 183 1563 275 1628; x_wconf 82' lang='lat' dir='ltr'>fratri</span> <span class='ocrx_word' id='word_1_80' title='bbox 289 1563 363 1628; x_wconf 82' lang='lat' dir='ltr'>suo&#39;</span> <span class='ocrx_word' id='word_1_81' title='bbox 374 1563 423 1628; x_wconf 87' lang='lat' dir='ltr'>ite</span> <span class='ocrx_word' id='word_1_82' title='bbox 437 1563 524 1649; x_wconf 90' lang='lat' dir='ltr'>quod</span> <span class='ocrx_word' id='word_1_83' title='bbox 538 1562 773 1650; x_wconf 78' lang='lat' dir='ltr'>cyrographum</span> <span class='ocrx_word' id='word_1_84' title='bbox 793 1563 869 1628; x_wconf 91' lang='lat' dir='ltr'>inde</span> <span class='ocrx_word' id='word_1_85' title='bbox 890 1565 1012 1629; x_wconf 87' lang='lat' dir='ltr'>factum</span> <span class='ocrx_word' id='word_1_86' title='bbox 1032 1565 1096 1630; x_wconf 85' lang='lat' dir='ltr'>fuit</span> <span class='ocrx_word' id='word_1_87' title='bbox 1115 1587 1174 1651; x_wconf 91' lang='lat' dir='ltr'>per</span> <span class='ocrx_word' id='word_1_88' title='bbox 1193 1566 1293 1630; x_wconf 88' lang='lat' dir='ltr'>breue</span> 
     </span>
     <span class='ocr_line' id='line_1_12' title="bbox 183 1665 1294 1756; baseline 0.003 -25"><span class='ocrx_word' id='word_1_89' title='bbox 183 1665 224 1732; x_wconf 90' lang='lat' dir='ltr'>de</span> <span class='ocrx_word' id='word_1_90' title='bbox 250 1668 409 1732; x_wconf 81' lang='lat' dir='ltr'>warancis</span> <span class='ocrx_word' id='word_1_91' title='bbox 434 1675 530 1744; x_wconf 87' lang='lat' dir='ltr'>carte,</span> <span class='ocrx_word' id='word_1_92' title='bbox 554 1691 613 1754; x_wconf 92' lang='lat' dir='ltr'>per</span> <span class='ocrx_word' id='word_1_93' title='bbox 638 1667 724 1754; x_wconf 91' lang='lat' dir='ltr'>quod</span> <span class='ocrx_word' id='word_1_94' title='bbox 750 1675 909 1732; x_wconf 87' lang='lat' dir='ltr'>testatum</span> <span class='ocrx_word' id='word_1_95' title='bbox 935 1677 985 1733; x_wconf 88' lang='lat' dir='ltr'>est</span> <span class='ocrx_word' id='word_1_96' title='bbox 1014 1668 1100 1755; x_wconf 90' lang='lat' dir='ltr'>quod</span> <span class='ocrx_word' id='word_1_97' title='bbox 1129 1669 1294 1756; x_wconf 90' lang='lat' dir='ltr'>predictus</span> 
     </span>
     <span class='ocr_line' id='line_1_13' title="bbox 184 1770 1292 1859; baseline 0.004 -25"><span class='ocrx_word' id='word_1_98' title='bbox 184 1770 346 1835; x_wconf 88' lang='lat' dir='ltr'>Robertus</span> <span class='ocrx_word' id='word_1_99' title='bbox 368 1771 556 1858; x_wconf 90' lang='lat' dir='ltr'>recognouit</span> <span class='ocrx_word' id='word_1_100' title='bbox 578 1779 684 1836; x_wconf 88' lang='lat' dir='ltr'>totum</span> <span class='ocrx_word' id='word_1_101' title='bbox 708 1771 890 1857; x_wconf 91' lang='lat' dir='ltr'>predictum</span> <span class='ocrx_word' id='word_1_102' title='bbox 914 1774 1093 1838; x_wconf 85' lang='lat' dir='ltr'>manerium</span> <span class='ocrx_word' id='word_1_103' title='bbox 1114 1797 1188 1838; x_wconf 86' lang='lat' dir='ltr'>curn</span> <span class='ocrx_word' id='word_1_104' title='bbox 1211 1781 1292 1859; x_wconf 84' lang='lat' dir='ltr'>pert.</span> 
     </span>
     <span class='ocr_line' id='line_1_14' title="bbox 184 1875 1293 1963; baseline 0.002 -24"><span class='ocrx_word' id='word_1_105' title='bbox 184 1896 252 1939; x_wconf 89' lang='lat' dir='ltr'>esse</span> <span class='ocrx_word' id='word_1_106' title='bbox 268 1875 334 1940; x_wconf 72' lang='lat' dir='ltr'>ius’</span> <span class='ocrx_word' id='word_1_107' title='bbox 348 1877 450 1962; x_wconf 90' lang='lat' dir='ltr'>ipsius</span> <span class='ocrx_word' id='word_1_108' title='bbox 465 1876 622 1940; x_wconf 91' lang='lat' dir='ltr'>Willelmi</span> <span class='ocrx_word' id='word_1_109' title='bbox 637 1877 773 1942; x_wconf 88' lang='lat' dir='ltr'>utillud</span> <span class='ocrx_word' id='word_1_110' title='bbox 788 1878 874 1963; x_wconf 91' lang='lat' dir='ltr'>quod</span> <span class='ocrx_word' id='word_1_111' title='bbox 890 1878 1006 1943; x_wconf 89' lang='lat' dir='ltr'>habuit</span> <span class='ocrx_word' id='word_1_112' title='bbox 1021 1878 1061 1942; x_wconf 91' lang='lat' dir='ltr'>de</span> <span class='ocrx_word' id='word_1_113' title='bbox 1082 1878 1165 1942; x_wconf 92' lang='lat' dir='ltr'>dono</span> <span class='ocrx_word' id='word_1_114' title='bbox 1186 1901 1244 1942; x_wconf 93' lang='lat' dir='ltr'>suo</span> <span class='ocrx_word' id='word_1_115' title='bbox 1258 1878 1293 1941; x_wconf 93' lang='lat' dir='ltr'>in</span> 
     </span>
     <span class='ocr_line' id='line_1_15' title="bbox 183 1981 1293 2069; baseline 0.003 -24"><span class='ocrx_word' id='word_1_116' title='bbox 183 1981 333 2046; x_wconf 88' lang='lat' dir='ltr'>omnibus</span> <span class='ocrx_word' id='word_1_117' title='bbox 347 1982 451 2060; x_wconf 73' lang='lat' dir='ltr'>rebus</span> <span class='ocrx_word' id='word_1_118' title='bbox 467 1991 501 2047; x_wconf 91' lang='lat' dir='ltr'>et</span> <span class='ocrx_word' id='word_1_119' title='bbox 515 2005 573 2068; x_wconf 89' lang='lat' dir='ltr'>pro</span> <span class='ocrx_word' id='word_1_120' title='bbox 588 1982 664 2048; x_wconf 87' lang='lat' dir='ltr'>hac⁴</span> <span class='ocrx_word' id='word_1_121' title='bbox 679 1991 740 2048; x_wconf 85' lang='lat' dir='ltr'>etc.</span> <span class='ocrx_word' id='word_1_122' title='bbox 755 1982 840 2048; x_wconf 91' lang='lat' dir='ltr'>idem</span> <span class='ocrx_word' id='word_1_123' title='bbox 859 1983 1042 2048; x_wconf 87' lang='lat' dir='ltr'>Willelmus</span> <span class='ocrx_word' id='word_1_124' title='bbox 1057 1984 1213 2048; x_wconf 71' lang='lat' dir='ltr'>concessit</span> <span class='ocrx_word' id='word_1_125' title='bbox 1230 1984 1293 2069; x_wconf 91' lang='lat' dir='ltr'>ipsi</span> 
     </span>
     <span class='ocr_line' id='line_1_16' title="bbox 183 2083 1293 2173; baseline 0.004 -25"><span class='ocrx_word' id='word_1_126' title='bbox 183 2083 326 2149; x_wconf 89' lang='lat' dir='ltr'>Roberto</span> <span class='ocrx_word' id='word_1_127' title='bbox 341 2092 376 2149; x_wconf 89' lang='lat' dir='ltr'>et</span> <span class='ocrx_word' id='word_1_128' title='bbox 390 2085 413 2150; x_wconf 87' lang='lat' dir='ltr'><strong>J</strong></span> <span class='ocrx_word' id='word_1_129' title='bbox 414 2085 522 2151; x_wconf 89' lang='lat' dir='ltr'>uliane</span> <span class='ocrx_word' id='word_1_130' title='bbox 538 2087 631 2151; x_wconf 84' lang='lat' dir='ltr'>uxori</span> <span class='ocrx_word' id='word_1_131' title='bbox 649 2109 706 2152; x_wconf 89' lang='lat' dir='ltr'>sue</span> <span class='ocrx_word' id='word_1_132' title='bbox 727 2095 762 2152; x_wconf 91' lang='lat' dir='ltr'>et</span> <span class='ocrx_word' id='word_1_133' title='bbox 782 2087 880 2152; x_wconf 89' lang='lat' dir='ltr'>sorori</span> <span class='ocrx_word' id='word_1_134' title='bbox 895 2087 997 2173; x_wconf 87' lang='lat' dir='ltr'>ipsius</span> <span class='ocrx_word' id='word_1_135' title='bbox 1013 2087 1170 2152; x_wconf 89' lang='lat' dir='ltr'>Willelmi</span> <span class='ocrx_word' id='word_1_136' title='bbox 1184 2095 1293 2152; x_wconf 90' lang='lat' dir='ltr'>totum</span> 
     </span>
     <span class='ocr_line' id='line_1_17' title="bbox 184 2185 1293 2278; baseline 0.005 -29"><span class='ocrx_word' id='word_1_137' title='bbox 184 2185 367 2271; x_wconf 91' lang='lat' dir='ltr'>predictum</span> <span class='ocrx_word' id='word_1_138' title='bbox 382 2189 562 2254; x_wconf 87' lang='lat' dir='ltr'>manerium</span> <span class='ocrx_word' id='word_1_139' title='bbox 578 2213 652 2254; x_wconf 89' lang='lat' dir='ltr'>cum</span> <span class='ocrx_word' id='word_1_140' title='bbox 667 2199 747 2276; x_wconf 91' lang='lat' dir='ltr'>pert.</span> <span class='ocrx_word' id='word_1_141' title='bbox 764 2190 950 2255; x_wconf 88' lang='lat' dir='ltr'>habendum</span> <span class='ocrx_word' id='word_1_142' title='bbox 971 2199 1005 2256; x_wconf 88' lang='lat' dir='ltr'>et</span> <span class='ocrx_word' id='word_1_143' title='bbox 1020 2191 1199 2256; x_wconf 90' lang='lat' dir='ltr'>tenendum</span> <span class='ocrx_word' id='word_1_144' title='bbox 1214 2191 1293 2278; x_wconf 90' lang='lat' dir='ltr'>ipsis</span> 
     </span>
     <span class='ocr_line' id='line_1_18' title="bbox 184 2287 1293 2379; baseline 0.005 -27"><span class='ocrx_word' id='word_1_145' title='bbox 184 2287 326 2353; x_wconf 87' lang='lat' dir='ltr'>Roberto</span> <span class='ocrx_word' id='word_1_146' title='bbox 351 2299 385 2354; x_wconf 89' lang='lat' dir='ltr'>et</span> <span class='ocrx_word' id='word_1_147' title='bbox 408 2291 540 2356; x_wconf 82' lang='lat' dir='ltr'>Juliane</span> <span class='ocrx_word' id='word_1_148' title='bbox 568 2293 660 2357; x_wconf 82' lang='lat' dir='ltr'>uxori</span> <span class='ocrx_word' id='word_1_149' title='bbox 686 2315 743 2358; x_wconf 90' lang='lat' dir='ltr'>sue</span> <span class='ocrx_word' id='word_1_150' title='bbox 770 2301 804 2358; x_wconf 90' lang='lat' dir='ltr'>et</span> <span class='ocrx_word' id='word_1_151' title='bbox 828 2293 927 2358; x_wconf 88' lang='lat' dir='ltr'>sorori</span> <span class='ocrx_word' id='word_1_152' title='bbox 949 2293 1051 2379; x_wconf 86' lang='lat' dir='ltr'>ipsius</span> <span class='ocrx_word' id='word_1_153' title='bbox 1075 2295 1233 2360; x_wconf 89' lang='lat' dir='ltr'>Willelmi</span> <span class='ocrx_word' id='word_1_154' title='bbox 1259 2302 1293 2359; x_wconf 89' lang='lat' dir='ltr'>et</span> 
     </span>
     <span class='ocr_line' id='line_1_19' title="bbox 184 2391 1293 2485; baseline 0.005 -28"><span class='ocrx_word' id='word_1_155' title='bbox 184 2391 357 2459; x_wconf 85' lang='lat' dir='ltr'>heredibus</span> <span class='ocrx_word' id='word_1_156' title='bbox 378 2395 480 2482; x_wconf 89' lang='lat' dir='ltr'>ipsius</span> <span class='ocrx_word' id='word_1_157' title='bbox 506 2397 637 2462; x_wconf 85' lang='lat' dir='ltr'>Juliane</span> <span class='ocrx_word' id='word_1_158' title='bbox 664 2405 723 2461; x_wconf 90' lang='lat' dir='ltr'>etc.</span> <span class='ocrx_word' id='word_1_159' title='bbox 769 2397 813 2461; x_wconf 88' lang='lat' dir='ltr'>Et</span> <span class='ocrx_word' id='word_1_160' title='bbox 837 2397 1021 2462; x_wconf 88' lang='lat' dir='ltr'>Willelmus</span> <span class='ocrx_word' id='word_1_161' title='bbox 1045 2398 1137 2463; x_wconf 91' lang='lat' dir='ltr'>Brito</span> <span class='ocrx_word' id='word_1_162' title='bbox 1162 2420 1293 2485; x_wconf 81' lang='lat' dir='ltr'>presens</span> 
     </span>
     <span class='ocr_line' id='line_1_20' title="bbox 184 2495 1293 2588; baseline 0.006 -28"><span class='ocrx_word' id='word_1_163' title='bbox 184 2503 234 2560; x_wconf 89' lang='lat' dir='ltr'>est</span> <span class='ocrx_word' id='word_1_164' title='bbox 252 2495 258 2580; x_wconf 89' lang='grc'>1</span> <span class='ocrx_word' id='word_1_165' title='bbox 278 2505 313 2562; x_wconf 89' lang='lat' dir='ltr'>et</span> <span class='ocrx_word' id='word_1_166' title='bbox 327 2498 407 2563; x_wconf 90' lang='lat' dir='ltr'>dicit</span> <span class='ocrx_word' id='word_1_167' title='bbox 422 2500 508 2585; x_wconf 91' lang='lat' dir='ltr'>quod</span> <span class='ocrx_word' id='word_1_168' title='bbox 524 2508 610 2565; x_wconf 89' lang='lat' dir='ltr'>terra</span> <span class='ocrx_word' id='word_1_169' title='bbox 623 2501 681 2566; x_wconf 87' lang='lat' dir='ltr'>illa</span> <span class='ocrx_word' id='word_1_170' title='bbox 695 2501 726 2564; x_wconf 88' lang='lat' dir='ltr'>ei</span> <span class='ocrx_word' id='word_1_171' title='bbox 746 2500 824 2566; x_wconf 87' lang='lat' dir='ltr'>data</span> <span class='ocrx_word' id='word_1_172' title='bbox 844 2501 916 2578; x_wconf 85' lang='lat' dir='ltr'>fuit,</span> <span class='ocrx_word' id='word_1_173' title='bbox 932 2509 966 2566; x_wconf 89' lang='lat' dir='ltr'>et</span> <span class='ocrx_word' id='word_1_174' title='bbox 987 2502 1057 2588; x_wconf 91' lang='lat' dir='ltr'>ipse</span> <span class='ocrx_word' id='word_1_175' title='bbox 1077 2502 1142 2566; x_wconf 87' lang='lat' dir='ltr'>fuit</span> <span class='ocrx_word' id='word_1_176' title='bbox 1163 2502 1237 2567; x_wconf 90' lang='lat' dir='ltr'>inde</span> <span class='ocrx_word' id='word_1_177' title='bbox 1257 2502 1293 2566; x_wconf 90' lang='lat' dir='ltr'>in</span> 
     </span>
     <span class='ocr_line' id='line_1_21' title="bbox 183 2599 1293 2692; baseline 0.005 -28"><span class='ocrx_word' id='word_1_178' title='bbox 183 2599 302 2665; x_wconf 87' lang='lat' dir='ltr'>seisina</span> <span class='ocrx_word' id='word_1_179' title='bbox 323 2624 381 2688; x_wconf 90' lang='lat' dir='ltr'>per</span> <span class='ocrx_word' id='word_1_180' title='bbox 400 2611 466 2668; x_wconf 89' lang='lat' dir='ltr'>tres</span> <span class='ocrx_word' id='word_1_181' title='bbox 485 2626 585 2669; x_wconf 87' lang='lat' dir='ltr'>annos</span> <span class='ocrx_word' id='word_1_182' title='bbox 607 2613 782 2690; x_wconf 85' lang='lat' dir='ltr'>antequam</span> <span class='ocrx_word' id='word_1_183' title='bbox 806 2605 1039 2692; x_wconf 79' lang='lat' dir='ltr'>cyrographum</span> <span class='ocrx_word' id='word_1_184' title='bbox 1062 2607 1184 2671; x_wconf 75' lang='lat' dir='ltr'>fectum</span> <span class='ocrx_word' id='word_1_185' title='bbox 1208 2614 1293 2671; x_wconf 88' lang='lat' dir='ltr'>esset</span> 
     </span>
    </p>
   </div>
   <div class='ocr_carea' id='block_1_3' title="bbox 184 2703 1294 2875">
    <p class='ocr_par' dir='ltr' id='par_1_4' title="bbox 184 2703 1294 2875">
     <span class='ocr_line' id='line_1_22' title="bbox 184 2703 1294 2795; baseline 0.006 -28"><span class='ocrx_word' id='word_1_186' title='bbox 184 2710 218 2768; x_wconf 88' lang='lat' dir='ltr'>et</span> <span class='ocrx_word' id='word_1_187' title='bbox 241 2703 343 2769; x_wconf 88' lang='lat' dir='ltr'>donec</span> <span class='ocrx_word' id='word_1_188' title='bbox 369 2727 441 2771; x_wconf 87' lang='lat' dir='ltr'>eam</span> <span class='ocrx_word' id='word_1_189' title='bbox 466 2707 557 2773; x_wconf 90' lang='lat' dir='ltr'>dedit</span> <span class='ocrx_word' id='word_1_190' title='bbox 583 2709 618 2772; x_wconf 90' lang='lat' dir='ltr'>in</span> <span class='ocrx_word' id='word_1_191' title='bbox 643 2709 851 2795; x_wconf 88' lang='lat' dir='ltr'>maritagium</span> <span class='ocrx_word' id='word_1_192' title='bbox 882 2731 955 2774; x_wconf 90' lang='lat' dir='ltr'>cum</span> <span class='ocrx_word' id='word_1_193' title='bbox 986 2709 1132 2795; x_wconf 86' lang='lat' dir='ltr'>predicta</span> <span class='ocrx_word' id='word_1_194' title='bbox 1160 2709 1294 2774; x_wconf 86' lang='lat' dir='ltr'>Juliana</span> 
     </span>
     <span class='ocr_line' id='line_1_23' title="bbox 184 2827 369 2875; baseline 0.022 -5"><span class='ocrx_word' id='word_1_195' title='bbox 184 2827 288 2872; x_wconf 88' lang='lat' dir='ltr'>sorore</span> <span class='ocrx_word' id='word_1_196' title='bbox 303 2831 369 2875; x_wconf 89' lang='lat' dir='ltr'>sua.</span> 
     </span>
    </p>
   </div>
   <div class='ocr_carea' id='block_1_4' title="bbox 250 2910 1293 3000">
    <p class='ocr_par' dir='ltr' id='par_1_5' title="bbox 250 2910 1293 3000">
     <span class='ocr_line' id='line_1_24' title="bbox 250 2910 1293 3000; baseline 0.004 -26"><span class='ocrx_word' id='word_1_197' title='bbox 250 2910 294 2974; x_wconf 86' lang='lat' dir='ltr'>Et</span> <span class='ocrx_word' id='word_1_198' title='bbox 315 2911 480 2977; x_wconf 88' lang='lat' dir='ltr'>Walterus</span> <span class='ocrx_word' id='word_1_199' title='bbox 501 2912 581 2978; x_wconf 88' lang='lat' dir='ltr'>dicit</span> <span class='ocrx_word' id='word_1_200' title='bbox 603 2913 690 3000; x_wconf 92' lang='lat' dir='ltr'>quod</span> <span class='ocrx_word' id='word_1_201' title='bbox 715 2914 802 2980; x_wconf 89' lang='lat' dir='ltr'>idem</span> <span class='ocrx_word' id='word_1_202' title='bbox 825 2914 1010 2979; x_wconf 89' lang='lat' dir='ltr'>Willelmus</span> <span class='ocrx_word' id='word_1_203' title='bbox 1035 2935 1202 2999; x_wconf 89' lang='lat' dir='ltr'>nunquam</span> <span class='ocrx_word' id='word_1_204' title='bbox 1229 2913 1293 2978; x_wconf 83' lang='lat' dir='ltr'>fuit</span> 
     </span>
    </p>
   </div>
   <div class='ocr_carea' id='block_1_5' title="bbox 13 3013 1291 3103">
    <p class='ocr_par' dir='ltr' id='par_1_6' title="bbox 13 3013 1291 3103">
     <span class='ocr_line' id='line_1_25' title="bbox 13 3013 1291 3103; baseline 0.002 -27"><span class='ocrx_word' id='word_1_205' title='bbox 13 3031 14 3076; x_wconf 59' lang='grc' dir='ltr'><em>ὲ</em></span> <span class='ocrx_word' id='word_1_206' title='bbox 99 3093 104 3102; x_wconf 28' lang='grc' dir='ltr'>ι</span> <span class='ocrx_word' id='word_1_207' title='bbox 184 3013 260 3078; x_wconf 91' lang='lat' dir='ltr'>inde</span> <span class='ocrx_word' id='word_1_208' title='bbox 275 3013 308 3078; x_wconf 91' lang='lat' dir='ltr'>in</span> <span class='ocrx_word' id='word_1_209' title='bbox 325 3015 450 3093; x_wconf 73' lang='lat' dir='ltr'>semina,</span> <span class='ocrx_word' id='word_1_210' title='bbox 462 3025 512 3080; x_wconf 89' lang='lat' dir='ltr'>set</span> <span class='ocrx_word' id='word_1_211' title='bbox 528 3016 580 3080; x_wconf 90' lang='lat' dir='ltr'>die</span> <span class='ocrx_word' id='word_1_212' title='bbox 596 3038 660 3103; x_wconf 92' lang='lat' dir='ltr'>quo</span> <span class='ocrx_word' id='word_1_213' title='bbox 670 3017 792 3082; x_wconf 89' lang='lat' dir='ltr'>donum</span> <span class='ocrx_word' id='word_1_214' title='bbox 807 3017 889 3082; x_wconf 89' lang='lat' dir='ltr'>illud</span> <span class='ocrx_word' id='word_1_215' title='bbox 904 3017 974 3081; x_wconf 90' lang='lat' dir='ltr'>fieri</span> <span class='ocrx_word' id='word_1_216' title='bbox 989 3017 1112 3094; x_wconf 90' lang='lat' dir='ltr'>debuit,</span> <span class='ocrx_word' id='word_1_217' title='bbox 1127 3015 1155 3080; x_wconf 89' lang='lat' dir='ltr'>si</span> <span class='ocrx_word' id='word_1_218' title='bbox 1170 3015 1291 3080; x_wconf 92' lang='lat' dir='ltr'>donum</span> 
     </span>
    </p>
   </div>
   <div class='ocr_carea' id='block_1_6' title="bbox 182 3117 1293 4033">
    <p class='ocr_par' dir='ltr' id='par_1_7' title="bbox 183 3117 1292 3413">
     <span class='ocr_line' id='line_1_26' title="bbox 184 3117 1292 3196; baseline 0.001 -15"><span class='ocrx_word' id='word_1_219' title='bbox 184 3117 255 3196; x_wconf 84' lang='lat' dir='ltr'>luit,</span> <span class='ocrx_word' id='word_1_220' title='bbox 271 3119 383 3183; x_wconf 88' lang='lat' dir='ltr'>statim</span> <span class='ocrx_word' id='word_1_221' title='bbox 399 3128 484 3184; x_wconf 90' lang='lat' dir='ltr'>esset</span> <span class='ocrx_word' id='word_1_222' title='bbox 499 3121 585 3185; x_wconf 87' lang='lat' dir='ltr'>facta</span> <span class='ocrx_word' id='word_1_223' title='bbox 599 3120 731 3185; x_wconf 89' lang='lat' dir='ltr'>donatio</span> <span class='ocrx_word' id='word_1_224' title='bbox 752 3121 792 3187; x_wconf 89' lang='lat' dir='ltr'>de</span> <span class='ocrx_word' id='word_1_225' title='bbox 813 3121 925 3186; x_wconf 87' lang='lat' dir='ltr'>eodem</span> <span class='ocrx_word' id='word_1_226' title='bbox 947 3120 1090 3186; x_wconf 87' lang='lat' dir='ltr'>manerio</span> <span class='ocrx_word' id='word_1_227' title='bbox 1109 3119 1145 3184; x_wconf 91' lang='lat' dir='ltr'>in</span> <span class='ocrx_word' id='word_1_228' title='bbox 1160 3119 1292 3183; x_wconf 87' lang='lat' dir='ltr'>marita-</span> 
     </span>
     <span class='ocr_line' id='line_1_27' title="bbox 183 3221 1292 3310; baseline 0.003 -25"><span class='ocrx_word' id='word_1_229' title='bbox 183 3221 272 3306; x_wconf 86' lang='lat' dir='ltr'>gium</span> <span class='ocrx_word' id='word_1_230' title='bbox 297 3244 372 3286; x_wconf 88' lang='lat' dir='ltr'>oum</span> <span class='ocrx_word' id='word_1_231' title='bbox 394 3222 464 3308; x_wconf 86' lang='lat' dir='ltr'>ipsa</span> <span class='ocrx_word' id='word_1_232' title='bbox 485 3223 619 3288; x_wconf 88' lang='lat' dir='ltr'>Juliana</span> <span class='ocrx_word' id='word_1_233' title='bbox 641 3231 675 3288; x_wconf 89' lang='lat' dir='ltr'>et</span> <span class='ocrx_word' id='word_1_234' title='bbox 698 3223 811 3289; x_wconf 90' lang='lat' dir='ltr'>eodem</span> <span class='ocrx_word' id='word_1_235' title='bbox 833 3224 894 3290; x_wconf 92' lang='lat' dir='ltr'>die.</span> <span class='ocrx_word' id='word_1_236' title='bbox 941 3224 984 3287; x_wconf 88' lang='lat' dir='ltr'>Et</span> <span class='ocrx_word' id='word_1_237' title='bbox 1009 3223 1089 3288; x_wconf 90' lang='lat' dir='ltr'>dicit</span> <span class='ocrx_word' id='word_1_238' title='bbox 1113 3222 1200 3310; x_wconf 92' lang='lat' dir='ltr'>quod</span> <span class='ocrx_word' id='word_1_239' title='bbox 1222 3222 1292 3308; x_wconf 87' lang='lat' dir='ltr'>ipse</span> 
     </span>
     <span class='ocr_line' id='line_1_28' title="bbox 184 3325 809 3413; baseline 0.006 -25"><span class='ocrx_word' id='word_1_240' title='bbox 184 3325 247 3389; x_wconf 86' lang='lat' dir='ltr'>fuit</span> <span class='ocrx_word' id='word_1_241' title='bbox 262 3333 342 3390; x_wconf 89' lang='lat' dir='ltr'>tunc</span> <span class='ocrx_word' id='word_1_242' title='bbox 355 3325 390 3389; x_wconf 92' lang='lat' dir='ltr'>in</span> <span class='ocrx_word' id='word_1_243' title='bbox 406 3325 523 3390; x_wconf 88' lang='lat' dir='ltr'>seisina</span> <span class='ocrx_word' id='word_1_244' title='bbox 537 3335 572 3390; x_wconf 92' lang='lat' dir='ltr'>et</span> <span class='ocrx_word' id='word_1_245' title='bbox 587 3335 664 3392; x_wconf 90' lang='lat' dir='ltr'>ante</span> <span class='ocrx_word' id='word_1_246' title='bbox 680 3337 714 3392; x_wconf 88' lang='lat' dir='ltr'>et</span> <span class='ocrx_word' id='word_1_247' title='bbox 729 3337 809 3413; x_wconf 91' lang='lat' dir='ltr'>post.</span> 
     </span>
    </p>

    <p class='ocr_par' dir='ltr' id='par_1_8' title="bbox 182 3428 1293 4033">
     <span class='ocr_line' id='line_1_29' title="bbox 249 3428 1293 3518; baseline 0.001 -25"><span class='ocrx_word' id='word_1_248' title='bbox 249 3430 326 3494; x_wconf 91' lang='lat' dir='ltr'>Post</span> <span class='ocrx_word' id='word_1_249' title='bbox 341 3429 434 3494; x_wconf 90' lang='lat' dir='ltr'>uenit</span> <span class='ocrx_word' id='word_1_250' title='bbox 449 3430 472 3494; x_wconf 89' lang='lat' dir='ltr'><strong>J</strong></span> <span class='ocrx_word' id='word_1_251' title='bbox 473 3430 583 3495; x_wconf 81' lang='lat' dir='ltr'>uliano</span> <span class='ocrx_word' id='word_1_252' title='bbox 597 3439 631 3495; x_wconf 88' lang='lat' dir='ltr'>et</span> <span class='ocrx_word' id='word_1_253' title='bbox 652 3431 815 3518; x_wconf 73' lang='lat' dir='ltr'>cognoscit</span> <span class='ocrx_word' id='word_1_254' title='bbox 835 3429 921 3516; x_wconf 93' lang='lat' dir='ltr'>quod</span> <span class='ocrx_word' id='word_1_255' title='bbox 941 3428 995 3494; x_wconf 91' lang='lat' dir='ltr'>die</span> <span class='ocrx_word' id='word_1_256' title='bbox 1015 3452 1079 3516; x_wconf 91' lang='lat' dir='ltr'>quo</span> <span class='ocrx_word' id='word_1_257' title='bbox 1099 3429 1293 3515; x_wconf 74' lang='lat' dir='ltr'>desponsata</span> 
     </span>
     <span class='ocr_line' id='line_1_30' title="bbox 184 3533 1293 3621; baseline 0.001 -24"><span class='ocrx_word' id='word_1_258' title='bbox 184 3533 255 3610; x_wconf 85' lang='lat' dir='ltr'>fuit,</span> <span class='ocrx_word' id='word_1_259' title='bbox 270 3533 334 3597; x_wconf 83' lang='lat' dir='ltr'>fuit</span> <span class='ocrx_word' id='word_1_260' title='bbox 348 3533 417 3620; x_wconf 89' lang='lat' dir='ltr'>ipse</span> <span class='ocrx_word' id='word_1_261' title='bbox 433 3533 597 3599; x_wconf 84' lang='lat' dir='ltr'>Walterus</span> <span class='ocrx_word' id='word_1_262' title='bbox 618 3544 652 3600; x_wconf 92' lang='lat' dir='ltr'>et</span> <span class='ocrx_word' id='word_1_263' title='bbox 672 3535 804 3621; x_wconf 88' lang='lat' dir='ltr'>quidam</span> <span class='ocrx_word' id='word_1_264' title='bbox 824 3535 950 3599; x_wconf 88' lang='lat' dir='ltr'>Alanus</span> <span class='ocrx_word' id='word_1_265' title='bbox 970 3533 1105 3599; x_wconf 81' lang='lat' dir='ltr'>Gubant</span> <span class='ocrx_word' id='word_1_266' title='bbox 1123 3533 1159 3598; x_wconf 91' lang='lat' dir='ltr'>in</span> <span class='ocrx_word' id='word_1_267' title='bbox 1174 3533 1293 3598; x_wconf 88' lang='lat' dir='ltr'>seisina</span> 
     </span>
     <span class='ocr_line' id='line_1_31' title="bbox 183 3635 1291 3723; baseline 0.001 -24"><span class='ocrx_word' id='word_1_268' title='bbox 183 3635 312 3700; x_wconf 90' lang='lat' dir='ltr'>nomine</span> <span class='ocrx_word' id='word_1_269' title='bbox 335 3637 426 3700; x_wconf 88' lang='lat' dir='ltr'>firme</span> <span class='ocrx_word' id='word_1_270' title='bbox 449 3644 483 3702; x_wconf 94' lang='lat' dir='ltr'>et</span> <span class='ocrx_word' id='word_1_271' title='bbox 504 3645 618 3722; x_wconf 83' lang='lat' dir='ltr'>postea</span> <span class='ocrx_word' id='word_1_272' title='bbox 639 3638 727 3723; x_wconf 76' lang='lat' dir='ltr'>post⁵</span> <span class='ocrx_word' id='word_1_273' title='bbox 747 3636 877 3723; x_wconf 81' lang='lat' dir='ltr'>aliquod</span> <span class='ocrx_word' id='word_1_274' title='bbox 898 3644 1037 3722; x_wconf 89' lang='lat' dir='ltr'>tempus,</span> <span class='ocrx_word' id='word_1_275' title='bbox 1054 3645 1089 3702; x_wconf 90' lang='lat' dir='ltr'>et</span> <span class='ocrx_word' id='word_1_276' title='bbox 1109 3636 1186 3722; x_wconf 86' lang='lat' dir='ltr'>quia</span> <span class='ocrx_word' id='word_1_277' title='bbox 1205 3635 1291 3701; x_wconf 90' lang='lat' dir='ltr'>idem</span> 
     </span>
     <span class='ocr_line' id='line_1_32' title="bbox 183 3738 1293 3826; baseline 0.002 -24"><span class='ocrx_word' id='word_1_278' title='bbox 183 3738 345 3803; x_wconf 86' lang='lat' dir='ltr'>Robertus</span> <span class='ocrx_word' id='word_1_279' title='bbox 360 3739 522 3826; x_wconf 87' lang='lat' dir='ltr'>obligatus</span> <span class='ocrx_word' id='word_1_280' title='bbox 537 3741 601 3804; x_wconf 89' lang='lat' dir='ltr'>fuit</span> <span class='ocrx_word' id='word_1_281' title='bbox 615 3741 638 3805; x_wconf 87' lang='lat' dir='ltr'><strong>J</strong></span> <span class='ocrx_word' id='word_1_282' title='bbox 639 3741 731 3806; x_wconf 91' lang='lat' dir='ltr'>udeis</span> <span class='ocrx_word' id='word_1_283' title='bbox 745 3741 780 3804; x_wconf 92' lang='lat' dir='ltr'>in</span> <span class='ocrx_word' id='word_1_284' title='bbox 795 3739 895 3805; x_wconf 87' lang='lat' dir='ltr'>debit&#39;</span> <span class='ocrx_word' id='word_1_285' title='bbox 910 3740 1004 3805; x_wconf 89' lang='lat' dir='ltr'>uenit</span> <span class='ocrx_word' id='word_1_286' title='bbox 1023 3740 1110 3804; x_wconf 90' lang='lat' dir='ltr'>idem</span> <span class='ocrx_word' id='word_1_287' title='bbox 1131 3740 1293 3804; x_wconf 89' lang='lat' dir='ltr'>Robertus</span> 
     </span>
     <span class='ocr_line' id='line_1_33' title="bbox 183 3843 1293 3930; baseline 0.001 -23"><span class='ocrx_word' id='word_1_288' title='bbox 183 3851 217 3907; x_wconf 90' lang='lat' dir='ltr'>et</span> <span class='ocrx_word' id='word_1_289' title='bbox 237 3843 387 3908; x_wconf 89' lang='lat' dir='ltr'>uendidit</span> <span class='ocrx_word' id='word_1_290' title='bbox 405 3845 467 3930; x_wconf 90' lang='lat' dir='ltr'>ipsi</span> <span class='ocrx_word' id='word_1_291' title='bbox 481 3845 646 3910; x_wconf 89' lang='lat' dir='ltr'>Willelmo</span> <span class='ocrx_word' id='word_1_292' title='bbox 667 3843 847 3909; x_wconf 87' lang='lat' dir='ltr'>manerium</span> <span class='ocrx_word' id='word_1_293' title='bbox 868 3844 950 3909; x_wconf 91' lang='lat' dir='ltr'>illud</span> <span class='ocrx_word' id='word_1_294' title='bbox 970 3844 1093 3930; x_wconf 89' lang='lat' dir='ltr'>etipse</span> <span class='ocrx_word' id='word_1_295' title='bbox 1110 3844 1293 3908; x_wconf 85' lang='lat' dir='ltr'>Willelmus</span> 
     </span>
     <span class='ocr_line' id='line_1_34' title="bbox 182 3945 1292 4033; baseline -0.002 -22"><span class='ocrx_word' id='word_1_296' title='bbox 182 3947 338 4012; x_wconf 85' lang='lat' dir='ltr'>satisfecit</span> <span class='ocrx_word' id='word_1_297' title='bbox 352 3947 431 4033; x_wconf 88' lang='lat' dir='ltr'>ipsis</span> <span class='ocrx_word' id='word_1_298' title='bbox 446 3948 590 4013; x_wconf 84' lang='lat' dir='ltr'>Waltero</span> <span class='ocrx_word' id='word_1_299' title='bbox 605 3957 640 4013; x_wconf 92' lang='lat' dir='ltr'>et</span> <span class='ocrx_word' id='word_1_300' title='bbox 655 3948 760 4012; x_wconf 85' lang='lat' dir='ltr'>Alano</span> <span class='ocrx_word' id='word_1_301' title='bbox 775 3947 815 4012; x_wconf 90' lang='lat' dir='ltr'>de</span> <span class='ocrx_word' id='word_1_302' title='bbox 831 3947 970 4012; x_wconf 88' lang='lat' dir='ltr'>termino</span> <span class='ocrx_word' id='word_1_303' title='bbox 985 3969 1051 4024; x_wconf 86' lang='lat' dir='ltr'>suo,</span> <span class='ocrx_word' id='word_1_304' title='bbox 1063 3955 1097 4011; x_wconf 88' lang='lat' dir='ltr'>et</span> <span class='ocrx_word' id='word_1_305' title='bbox 1111 3945 1292 4011; x_wconf 87' lang='lat' dir='ltr'>manerium</span> 
     </span>
    </p>
   </div>
   <div class='ocr_carea' id='block_1_7' title="bbox 183 4153 1291 4546">
    <p class='ocr_par' dir='ltr' id='par_1_9' title="bbox 183 4153 1291 4350">
     <span class='ocr_line' id='line_1_35' title="bbox 214 4153 1291 4218; baseline -0.004 -11"><span class='ocrx_word' id='word_1_306' title='bbox 214 4157 306 4207; x_wconf 78' lang='lat' dir='ltr'>¹This</span> <span class='ocrx_word' id='word_1_307' title='bbox 329 4157 341 4206; x_wconf 95' lang='lat' dir='ltr'>I</span> <span class='ocrx_word' id='word_1_308' title='bbox 363 4156 441 4207; x_wconf 84' lang='lat' dir='ltr'>think</span> <span class='ocrx_word' id='word_1_309' title='bbox 462 4160 534 4207; x_wconf 85' lang='lat' dir='ltr'>must</span> <span class='ocrx_word' id='word_1_310' title='bbox 556 4171 634 4208; x_wconf 82' lang='lat' dir='ltr'>mean</span> <span class='ocrx_word' id='word_1_311' title='bbox 652 4157 711 4208; x_wconf 78' lang='lat' dir='ltr'>that</span> <span class='ocrx_word' id='word_1_312' title='bbox 761 4161 789 4208; x_wconf 88' lang='lat' dir='ltr'>to</span> <span class='ocrx_word' id='word_1_313' title='bbox 807 4171 823 4207; x_wconf 85' lang='lat' dir='ltr'>s</span> <span class='ocrx_word' id='word_1_314' title='bbox 840 4155 990 4206; x_wconf 85' lang='lat' dir='ltr'>settlement</span> <span class='ocrx_word' id='word_1_315' title='bbox 1006 4155 1082 4205; x_wconf 81' lang='lat' dir='ltr'>mede</span> <span class='ocrx_word' id='word_1_316' title='bbox 1099 4154 1133 4218; x_wconf 81' lang='lat' dir='ltr'>by</span> <span class='ocrx_word' id='word_1_317' title='bbox 1148 4153 1245 4204; x_wconf 83' lang='lat' dir='ltr'>Robert</span> <span class='ocrx_word' id='word_1_318' title='bbox 1262 4153 1291 4203; x_wconf 91' lang='lat' dir='ltr'>in</span> 
     </span>
     <span class='ocr_line' id='line_1_36' title="bbox 183 4221 1104 4287; baseline -0.002 -15"><span class='ocrx_word' id='word_1_319' title='bbox 183 4221 228 4272; x_wconf 79' lang='lat' dir='ltr'>the</span> <span class='ocrx_word' id='word_1_320' title='bbox 260 4223 319 4287; x_wconf 77' lang='lat' dir='ltr'>jury</span> <span class='ocrx_word' id='word_1_321' title='bbox 346 4237 432 4272; x_wconf 88' lang='lat' dir='ltr'>comes</span> <span class='ocrx_word' id='word_1_322' title='bbox 460 4225 488 4272; x_wconf 89' lang='lat' dir='ltr'>to</span> <span class='ocrx_word' id='word_1_323' title='bbox 518 4223 709 4273; x_wconf 87' lang='lat' dir='ltr'>Westminster.</span> <span class='ocrx_word' id='word_1_324' title='bbox 762 4222 853 4272; x_wconf 79' lang='lat' dir='ltr'>favour</span> <span class='ocrx_word' id='word_1_325' title='bbox 865 4221 1026 4272; x_wconf 87' lang='lat' dir='ltr'>ofasecond</span> <span class='ocrx_word' id='word_1_326' title='bbox 1037 4221 1104 4270; x_wconf 78' lang='lat' dir='ltr'>wile.</span> 
     </span>
     <span class='ocr_line' id='line_1_37' title="bbox 184 4286 1002 4350; baseline -0.001 -14"><span class='ocrx_word' id='word_1_327' title='bbox 184 4287 710 4350; x_wconf 83' lang='lat' dir='ltr'>HenrywasfirstcrownedatGlouoester.</span> <span class='ocrx_word' id='word_1_328' title='bbox 794 4287 805 4320; x_wconf 78' lang='lat'>³</span> <span class='ocrx_word' id='word_1_329' title='bbox 821 4291 861 4337; x_wconf 78' lang='lat' dir='ltr'>iar</span> <span class='ocrx_word' id='word_1_330' title='bbox 873 4286 1002 4350; x_wconf 81' lang='lat' dir='ltr'>repeated.</span> 
     </span>
    </p>

    <p class='ocr_par' dir='ltr' id='par_1_10' title="bbox 183 4349 1274 4546">
     <span class='ocr_line' id='line_1_38' title="bbox 216 4349 1274 4416; baseline -0.003 -14"><span class='ocrx_word' id='word_1_331' title='bbox 216 4353 354 4403; x_wconf 83' lang='lat' dir='ltr'>¹Brother</span> <span class='ocrx_word' id='word_1_332' title='bbox 376 4354 403 4402; x_wconf 82' lang='lat' dir='ltr'>ol</span> <span class='ocrx_word' id='word_1_333' title='bbox 430 4353 546 4403; x_wconf 81' lang='lat' dir='ltr'>Juliana.</span> <span class='ocrx_word' id='word_1_334' title='bbox 580 4354 606 4403; x_wconf 88' lang='lat' dir='ltr'>It</span> <span class='ocrx_word' id='word_1_335' title='bbox 628 4367 710 4402; x_wconf 86' lang='lat' dir='ltr'>seems</span> <span class='ocrx_word' id='word_1_336' title='bbox 794 4352 805 4384; x_wconf 86' lang='lat'><strong>⁴</strong></span> <span class='ocrx_word' id='word_1_337' title='bbox 817 4353 1107 4416; x_wconf 70' lang='lat' dir='ltr'>protocrecoyatcioroe</span> <span class='ocrx_word' id='word_1_338' title='bbox 1119 4365 1148 4400; x_wconf 89' lang='lat' dir='ltr'>or</span> <span class='ocrx_word' id='word_1_339' title='bbox 1158 4349 1204 4400; x_wconf 84' lang='lat' dir='ltr'>the</span> <span class='ocrx_word' id='word_1_340' title='bbox 1215 4350 1274 4400; x_wconf 84' lang='lat' dir='ltr'>like.</span> 
     </span>
     <span class='ocr_line' id='line_1_39' title="bbox 183 4407 1004 4482; baseline -0.001 -16"><span class='ocrx_word' id='word_1_341' title='bbox 183 4417 261 4481; x_wconf 82' lang='lat' dir='ltr'>likely</span> <span class='ocrx_word' id='word_1_342' title='bbox 273 4419 331 4469; x_wconf 77' lang='lat' dir='ltr'>thet</span> <span class='ocrx_word' id='word_1_343' title='bbox 345 4418 453 4468; x_wconf 70' lang='lat' dir='ltr'>tuliano</span> <span class='ocrx_word' id='word_1_344' title='bbox 468 4419 491 4468; x_wconf 84' lang='lat' dir='ltr'>is</span> <span class='ocrx_word' id='word_1_345' title='bbox 507 4407 668 4481; x_wconf 76' lang='lat' dir='ltr'>slepmother</span> <span class='ocrx_word' id='word_1_346' title='bbox 684 4417 713 4468; x_wconf 83' lang='lat' dir='ltr'>of</span> <span class='ocrx_word' id='word_1_347' title='bbox 794 4417 805 4450; x_wconf 76' lang='lat'><strong><em>⁵</em></strong></span> <span class='ocrx_word' id='word_1_348' title='bbox 821 4417 893 4467; x_wconf 82' lang='lat' dir='ltr'>Oorr.</span> <span class='ocrx_word' id='word_1_349' title='bbox 902 4433 950 4480; x_wconf 81' lang='lat' dir='ltr'>per</span> <span class='ocrx_word' id='word_1_350' title='bbox 963 4417 1004 4482; x_wconf 74' lang='lat' dir='ltr'>(l).</span> 
     </span>
     <span class='ocr_line' id='line_1_40' title="bbox 184 4483 711 4546; baseline -0.004 -12"><span class='ocrx_word' id='word_1_351' title='bbox 184 4483 282 4534; x_wconf 81' lang='lat' dir='ltr'>Walter</span> <span class='ocrx_word' id='word_1_352' title='bbox 298 4483 352 4534; x_wconf 79' lang='lat' dir='ltr'>and</span> <span class='ocrx_word' id='word_1_353' title='bbox 368 4483 427 4534; x_wconf 73' lang='lat' dir='ltr'>thet</span> <span class='ocrx_word' id='word_1_354' title='bbox 444 4483 489 4533; x_wconf 88' lang='lat' dir='ltr'>the</span> <span class='ocrx_word' id='word_1_355' title='bbox 503 4483 625 4546; x_wconf 84' lang='lat' dir='ltr'>question</span> <span class='ocrx_word' id='word_1_356' title='bbox 642 4483 665 4532; x_wconf 87' lang='lat' dir='ltr'>is</span> <span class='ocrx_word' id='word_1_357' title='bbox 681 4497 711 4532; x_wconf 84' lang='lat' dir='ltr'>ss</span> 
     </span>
    </p>
   </div>
   <div class='ocr_carea' id='block_1_8' title="bbox 1096 4581 1204 4645">
    <p class='ocr_par' dir='ltr' id='par_1_11' title="bbox 1096 4581 1204 4645">
     <span class='ocr_line' id='line_1_41' title="bbox 1096 4581 1204 4645; baseline -0.028 0"><span class='ocrx_word' id='word_1_358' title='bbox 1096 4581 1204 4645; x_wconf 69' lang='lat' dir='ltr'>stt-2</span> 
     </span>
    </p>
   </div>
   <div class='ocr_carea' id='block_1_9' title="bbox 1353 2509 1425 2582">
    <p class='ocr_par' dir='ltr' id='par_1_12' title="bbox 1353 2509 1425 2582">
     <span class='ocr_line' id='line_1_42' title="bbox 1353 2509 1425 2582; baseline 0 -22"><span class='ocrx_word' id='word_1_359' title='bbox 1353 2509 1410 2560; x_wconf 62' lang='lat' dir='ltr'>[Ut]</span> <span class='ocrx_word' id='word_1_360' title='bbox 1420 2573 1425 2582; x_wconf 90' lang='lat'><em>.</em></span> 
     </span>
    </p>
   </div>
   <div class='ocr_carea' id='block_1_10' title="bbox 0 0 1684 5236">
    <p class='ocr_par' dir='ltr' id='par_1_13' title="bbox 0 0 1684 5236">
     <span class='ocr_line' id='line_1_43' title="bbox 0 0 1684 5236; baseline 0 0"><span class='ocrx_word' id='word_1_361' title='bbox 0 0 1684 5236; x_wconf 95' lang='lat' dir='ltr'> </span> 
     </span>
    </p>
   </div>
  </div>
 </body>
</html>
