3212 5230
469 461 610 520 urerer,
632 460 695 509 en.
722 448 814 522 1230,
837 463 900 512 nu.
926 452 974 512 l-t.
1207 453 1271 520 317

226 633 274 696 Et
290 632 389 718 Hugo
400 630 571 696 Graundin
586 651 644 716 per
655 638 857 696 attometum
867 655 963 698 suum
976 634 1068 698 uenit
1080 643 1114 700 ot
1126 622 1271 702 defendit
1284 651 1436 738 {imm
1516 671 1518 678 ·

153 737 211 802 ius
226 759 327 802 suum
342 744 376 801 et
390 735 493 800 talem
512 735 691 823 ingressum
708 743 742 800 et
762 735 841 800 dicit
861 736 948 823 quod
969 737 1070 802 hebet
1091 737 1271 825 ingressum
1284 748 1421 838 ggffiffi

154 841 194 907 in
224 850 348 910 terram
377 841 466 906 illam
497 863 557 926 per
579 840 740 926 quendam
763 841 943 906 Henrieum
964 842 1005 908 de
1028 842 1217 908 Glaunuille
1238 851 1272 908 et
1284 837 1409 924 ‚⁶332th

154 946 243 1012 urere
275 945 362 1034 quod
391 944 468 1010 inde
490 945 590 1010 habe
612 953 734 1010 seam
756 953 791 1010 et
812 968 885 1010 eam
907 946 1042 1011 habebit
1064 946 1106 1012 ad
1128 946 1215 1012 nem
1238 934 1424 1018 etttutm

1284 1024 1305 1062 di
1312 1035 1338 1063 rm
1347 1029 1369 1064 tri
1377 1029 1418 1064 101·-

156 1052 349 1116 terminnm
386 1050 432 1114 Et
443 1050 523 1135 quia
535 1049 662 1114 nullum
678 1057 773 1114 uocat
788 1049 864 1114 inde
880 1058 1060 1116 warantum
1074 1073 1135 1116 neo
1149 1058 1271 1116 certam
1284 1075 1416 1165 papum

156 1155 286 1240 profert
301 1176 359 1241 per
372 1152 460 1239 quod
480 1153 593 1218 docere
612 1161 720 1238 potest
740 1153 781 1217 de
801 1153 865 1218 elio
886 1153 1032 1240 ingressu
1055 1161 1089 1219 et
1112 1153 1272 1220 Radulfns
1284 1164 1416 1251 guum?

158 1257 315 1342 producit
326 1264 447 1321 sectam
459 1255 682 1332 sufficientem,
694 1255 941 1322 consideratum
953 1265 1003 1322 est
1015 1257 1100 1344 quod
1112 1257 1272 1323 Radulsus
1284 1259 1411 1346 fflssf‘

159 1370 336 1447 recuperat
349 1360 502 1424 seisinam
517 1382 608 1424 suam
624 1368 658 1424 et
674 1360 774 1446 Hugo
788 1359 823 1424 in
838 1359 1062 1426 misericordia
1422 1399 1434 1440 ι,

98 1525 105 1535 ,
227 1463 429 1528 'willelmus
444 1463 530 1528 filius
544 1463 616 1528 Ade
631 1463 716 1550 petit
730 1485 843 1528 uersus
858 1463 1038 1528 Robertum
1053 1463 1157 1530 filium
1176 1465 1272 1530 Eme·
1323 1467 1396 1508 ‘³¹⁰¹‘ss

159 1565 227 1631 line
246 1567 272 1652 j.
288 1567 369 1654 uirg.
385 1576 470 1633 terre
489 1590 563 1633 cum
578 1575 659 1654 pert.
674 1567 710 1632 in
725 1567 967 1654 Melgeresbiria
981 1575 1020 1632 ut
1034 1568 1086 1634 ius
1100 1591 1195 1634 suum
1211 1579 1270 1636 eto.
1284 1581 1418 1668 ffimp

159 1670 250 1735 unde
288 1671 422 1758 quidem
454 1671 641 1736 Burnardus
670 1679 852 1736 antecessor
880 1695 957 1736 suus
986 1673 1050 1737 fuit
1079 1673 1208 1740 seisitus
1237 1674 1271 1740 in
1284 1679 1413 1772 {gfflnffif

158 1772 325 1838 dominico
342 1797 402 1839 suo
422 1783 461 1838 ut
481 1775 521 1839 de
541 1773 634 1839 feodo
654 1783 689 1839 et
709 1773 779 1840 iure
798 1783 943 1861 tempore
964 1776 1006 1842 H.
1023 1775 1124 1864 Regis
1144 1777 1200 1842 aui
1213 1777 1271 1863 qui
1283 1769 1435 1903 ἓξὲξ

158 1876 226 1940 fuit
241 1899 334 1954 auus,
349 1899 435 1941 anno
450 1885 484 1942 et
499 1877 561 1954 die,
573 1877 728 1963 capiendo
743 1877 819 1942 inde
835 1885 907 1955 etc„
918 1886 952 1942 et
967 1878 1007 1942 de
1022 1879 1093 1965 ipso
1108 1880 1271 1946 Bemardo
1283 1873 1434 1996 ffigr'ffm

158 1979 331 2046 descendit
361 1981 490 2046 cuidam
512 1981 676 2046 Willelmo
705 1989 744 2046 ut
774 1981 842 2046 filio
871 1989 905 2046 et
934 1981 1046 2048 heredi
1076 1993 1110 2048 et
1139 1983 1180 2049 de
1202 1985 1423 2070 ipsorummet..

160 2083 329 2148 wilelmo
354 2083 484 2148 cuidam
506 2082 578 2148 Aue
600 2093 639 2149 ut
661 2085 728 2150 fluo
750 2095 809 2151 es
832 2093 867 2150 e
889 2085 930 2150 ue
953 2086 1098 2171 predicto
1119 2087 1194 2152 Ada
1215 2053 1432 2191 ntiffiggguffgt

157 2186 328 2252 Willelmo
348 2196 388 2251 ut
409 2186 476 2252 filio
496 2196 531 2252 et
551 2187 662 2252 heredi
682 2198 716 2254 et
731 2187 818 2274 quod
838 2189 903 2254 tale
925 2189 968 2253 sit
988 2189 1039 2254 ius
1059 2213 1154 2256 suum
1176 2191 1271 2258 offert
1283 2191 1406 2286 ffiffif·

159 2301 222 2356 ee„
1283 2247 1406 2324 „mr

224 2395 270 2460 Et
284 2395 449 2461 Robertus
463 2396 556 2461 uenit
570 2405 605 2461 et
619 2395 765 2462 defendit
779 2396 831 2462 ius
845 2420 941 2463 suum
964 2408 998 2464 et
1018 2400 1101 2466 bene
1123 2400 1270 2466 coneedit
1283 2332 1434 2470 ffiffi

157 2498 248 2585 q¹¹⁰d
262 2499 430 2584 predictus
445 2499 628 2564 Bernartius
645 2499 694 2564 ita
714 2499 778 2564 fuit
798 2501 929 2566 seisitus
950 2509 985 2566 et
1005 2503 1090 2588 quod
1112 2503 1164 2568 ius
1186 2513 1270 2569 terre
1282 2472 1404 2560 ttt‘t'*

157 2603 251 2668 illius
274 2603 324 2668 ita
349 2603 517 2668 descendit
546 2603 691 2689 predicto
715 2604 787 2670 Ade
817 2613 867 2670 set
896 2605 983 2670 idem
1013 2607 1087 2670 Ada
1115 2604 1207 2672 dedit
1236 2617 1271 2671 et

158 2709 320 2773 concessit
335 2708 368 2773 ei
382 2717 491 2773 totum
510 2708 562 2772 ius
581 2717 615 2772 et
635 2709 787 2773 clamium
808 2709 894 2796 quod
916 2710 1033 2775 hebuit
1052 2711 1088 2775 in
1108 2719 1195 2776 tona
1215 2711 1273 2776 ille

158 2835 219 2898 pro
242 2835 276 2878 se
299 2822 335 2878 et
357 2813 531 2878 heredibus
551 2813 617 2877 suis
638 2835 696 2899 per
717 2822 839 2879 cartam
860 2837 952 2880 suam
975 2837 1072 2901 quern
1094 2816 1215 2902 profert
1237 2825 1272 2880 et

159 2938 225 3001 que
241 2915 303 2980 hoc
318 2923 467 2980 testatur.

227 3019 273 3082 Et
287 3019 474 3083 Willelmus
492 3019 572 3084 dicit
592 3020 678 3106 quod
700 3020 800 3086 nichil
820 3023 882 3087 scit
902 3023 942 3088 de
965 3033 1054 3089 carta
1075 3025 1132 3090 illa
1151 3034 1185 3090 et
1207 3048 1271 3090 non

159 3121 311 3188 defendit
341 3123 421 3208 quin
447 3131 639 3209 paterenus
661 3125 710 3189 ita
731 3127 879 3212 quietum
902 3129 1072 3194 clamasset
1093 3129 1145 3194 ius
1166 3151 1272 3195 suum.

160 3225 205 3290 Et
220 3225 297 3292 ideo
312 3225 559 3292 Consideratum
574 3236 624 3292 est
639 3227 725 3314 quod
741 3230 906 3315 predictus
920 3231 1082 3297 Robertus
1093 3240 1127 3296 et
1138 3231 1272 3297 heredes

160 3330 213 3395 sui
227 3337 365 3394 teneant
379 3329 415 3394 in
429 3351 507 3416 paee
523 3332 748 3398 terramillam
766 3334 878 3420 quiete
898 3334 939 3400 de
961 3335 1031 3422 ipso
1051 3336 1215 3402 Willelmo
1237 3347 1271 3402 et

160 3431 337 3498 heredibus
352 3432 420 3496 suis
433 3431 664 3518 inperpetuum
680 3443 713 3498 et
728 3434 912 3518 Willelmus
927 3437 962 3500 in
977 3437 1204 3503 misericordie.

84 3552 110 3612 ·,
227 3534 357 3601 'Asdsa
386 3535 480 3600 uenit
509 3537 715 3624 recognitum
743 3539 771 3603 si
800 3538 979 3606 Gaufridus
1008 3540 1152 3606 Clericus
1177 3549 1272 3627 pater
1374 3572 1393 3602 ι.

161 3639 325 3705 Gileberti
339 3637 381 3704 de
396 3638 640 3706 Wetherefeuld
656 3641 719 3705 fnit
733 3641 864 3706 seisitus
878 3641 912 3706 in
928 3642 1087 3708 dominico
1101 3665 1159 3708 suo
1176 3652 1215 3708 ut
1230 3643 1270 3709 de

161 3744 256 3810 feodo
277 3744 321 3809 de
342 3767 395 3809 xx.
413 3765 474 3809 eor.
496 3752 581 3808 terre
603 3767 677 3810 curn
697 3747 829 3832 pertin
848 3747 1036 3833 Heingham
1050 3747 1103 3812 die
1119 3755 1178 3812 etc
1194 3755 1229 3812 et
1243 3748 1271 3812 si

159 3857 222 3915 etc
237 3871 337 3934 quem
351 3857 471 3913 terram
487 3848 578 3913 Prior
596 3848 637 3913 de
659 3849 796 3915 Oulum⁴
810 3859 903 3915 tenet
923 3850 980 3936 qui
1002 3851 1095 3916 uenit
1118 3859 1153 3916 et
1175 3861 1270 3916 uocet

159 3952 238 4017 inde
253 3951 296 4016 ad
311 3961 491 4016 warantum
506 3951 709 4018 Willelmum
724 3952 765 4018 de
785 3953 898 4018 Monte
921 3953 1047 4032 Criniso,
1062 3955 1119 4041 qui
1140 3978 1271 4042 presens

159 4065 212 4122 eet
241 4065 277 4120 et
302 4054 491 4142 dicitquod
519 4077 584 4119 non
606 4055 704 4120 debet
727 4055 757 4120 ei
781 4058 986 4124 warentizere
1009 4059 1086 4146 quie
1107 4059 1271 4145 predictus

177 4211 204 4288 '¹
223 4212 271 4262 fleo
293 4211 337 4262 Br.
361 4211 379 4264 i.
400 4212 457 4262 820.
489 4211 603 4261 Bracton
619 4211 692 4261 there
774 4211 879 4262 ’inm
893 4213 925 4262 10
935 4211 960 4263 d.

161 4275 487 4392 ffedootmtliairiirniddii
492 4279 692 4392 orlrpoxutmtpffiogp
774 4277 786 4375 i
801 4277 991 4405 timiiesldoiire,
1003 4343 1170 4394 Benedictine
1182 4345 1271 4408 Priory

161 4406 313 4522 {petffit
327 4421 390 4470 may
400 4407 467 4464 bere
484 4421 500 4456 a
516 4406 606 4470 deyto
623 4407 692 4456 ietoh
743 4407 874 4458 inum.
908 4409 1216 4473 Monast.v01.4‚p.95.

192 4485 233 4520 se
309 4485 344 4522 rs.
381 4491 384 4498 ¹
