3212 5230
338 423 402 490 372
547 435 866 494 111111111111.
892 420 985 494 1230,
1008 433 1071 484 na
1096 423 1232 488 14-15.

337 612 567 700 possessionem
596 611 756 678 Johannis
779 610 839 676 filii
868 609 999 677 Ricardi
1025 612 1153 701 Reinig’
1183 615 1291 682 clerici
1320 615 1372 681 sui
1401 613 1443 680 de

337 716 471 782 ecclesia
500 716 541 782 de
576 715 726 781 Wicham
763 737 826 801 que
855 715 1022 800 pertinens
1051 725 1101 782 est
1130 719 1173 784 ad
1202 720 1370 785 ecclesiam
1400 719 1442 784 de

338 817 525 884 Plumstede
541 825 599 882 etc

270 973 275 980 .
403 920 448 986 Et
462 919 645 984 Willelmus
664 940 724 1004 per
741 925 944 982 attomatum
964 939 1060 982 suum
1080 919 1174 984 uenit
1195 927 1230 985 et
1251 920 1331 986 dicit
1354 921 1444 1008 quod

338 1047 404 1089 non
433 1023 570 1110 impedit
599 1045 658 1086 neo
687 1021 846 1108 impediet
867 1022 1099 1108 possessionem
1120 1047 1213 1090 suam
1233 1025 1274 1091 de
1296 1027 1445 1112 predicta

338 1127 472 1193 ecclesia
500 1127 540 1192 de
567 1125 717 1190 Wicham
739 1147 799 1189 nec
821 1124 862 1190 de
883 1125 992 1212 aliquo
1014 1127 1100 1213 quod
1122 1129 1284 1214 pertineat
1306 1129 1348 1194 sd
1369 1151 1443 1214 pre-

337 1230 458 1296 dictam
480 1230 647 1296 eeclesiam
667 1229 708 1294 de
731 1229 927 1294 Plumstede.
972 1230 1017 1294 Et
1038 1229 1111 1296 ideo
1133 1231 1202 1297 sine
1224 1233 1286 1312 die,
1307 1241 1343 1298 91
1365 1233 1444 1320 quia

337 1335 520 1400 Willelmus
549 1333 589 1398 de
617 1333 647 1398 S.
671 1329 823 1397 Johanne
849 1331 906 1418 qui
927 1354 962 1398 se
985 1333 1138 1419 opposuit
1159 1335 1305 1419 predicto
1325 1334 1443 1399 clerieo

336 1439 436 1504 nichil
451 1439 551 1504 habet
565 1436 628 1502 nisi
643 1435 842 1500 solummodo
857 1437 1065 1523 marilegium
1080 1438 1207 1504 heredis
1222 1438 1380 1503 Willelmi
1400 1437 1443 1502 de

337 1543 403 1608 Ros
416 1565 475 1629 per
488 1541 670 1628 predictum
691 1539 891 1604 Willelmum
907 1540 947 1605 de
971 1541 1172 1628 Eynefordia,
1190 1541 1443 1608 Consideratum

337 1645 487 1733 estquod
502 1645 589 1710 idem
605 1642 789 1709 Willelmus
802 1643 844 1708 de
861 1645 892 1710 S.
908 1645 1058 1712 Johanna
1069 1645 1169 1712 nichil
1180 1645 1317 1710 clamare
1332 1653 1444 1730 potest

336 1751 371 1816 in
386 1747 598 1815 aduooacione
613 1746 677 1812 illa
715 1746 758 1810 Et
769 1745 842 1810 ideo
853 1747 1045 1812 mandatum
1057 1756 1108 1813 est
1123 1748 1282 1834 Episcopo
1297 1748 1444 1812 Roffensi

337 1853 423 1940 quod
448 1875 512 1918 nou
538 1851 688 1916 obstante
718 1849 947 1914 reclamacione
974 1849 1193 1935 predictomm
1222 1851 1380 1916 Willelmi
1407 1861 1444 1915 et

336 1957 508 2024 Willelmi¹
532 1956 666 2020 omittat
696 1953 776 2040 quin
805 1954 977 2039 permittat
1000 1955 1183 2040 predictum
1211 1953 1423 2038 Johanneml

336 2083 505 2148 personam
528 2059 669 2148 gaudere
692 2057 827 2144 pacifica
847 2057 1045 2144 possessione
1074 2059 1218 2144 predicte
1247 2059 1371 2145 capelle
1400 2058 1443 2124 ds

337 2166 485 2230 Wioham
516 2173 554 2230 ut
582 2161 777 2250 pertinentis
800 2161 842 2226 ad
868 2162 1037 2228 aeclesiam
1066 2162 1107 2228 de
1137 2163 1325 2228 Plumstede
1348 2163 1444 2228 ouius

335 2269 581 2335 aduooaoionem
617 2267 730 2332 Abbas
767 2267 800 2332 S.
836 2267 1015 2354 Augustini
1051 2267 1229 2335 Cantuarie
1258 2291 1362 2355 nuper
1391 2291 1442 2334 re-

336 2375 505 2462 cuperauit
519 2397 578 2460 per
591 2373 723 2438 assisam
739 2380 798 2438 eto.

400 2479 445 2542 Et
456 2479 633 2564 Episcopus
649 2475 808 2540 Roffensis
822 2497 887 2540 non
903 2476 996 2542 uenit
1011 2485 1072 2543 ete
1093 2485 1128 2543 et
1142 2476 1360 2542 summonitus
1380 2485 1442 2544 etc

334 2589 370 2646 et
395 2581 467 2647 ideo
490 2581 697 2647 athachietur
719 2579 805 2667 quod
830 2580 874 2645 sit
896 2589 956 2646 eto.
982 2580 1025 2646 ad
1047 2581 1308 2668 respondendum
1331 2581 1441 2646 eidem

333 2685 457 2751 Abbati
466 2707 564 2771 quare
575 2706 640 2748 non
649 2683 780 2749 admisit
791 2684 942 2748 clericum
953 2707 1049 2749 suum
1061 2684 1103 2749 ad
1112 2683 1249 2749 eandem
1262 2683 1440 2749 ecelesiam.

214 2799 285 2868 475,
400 2789 604 2876 'Margareta
618 2811 680 2874 que
699 2788 763 2853 fuit
782 2811 864 2852 uxor
883 2788 1015 2854 Unfridi
1030 2789 1211 2853 Maresoalli
1227 2787 1312 2874 petit
1327 2811 1442 2854 uersus

197 2901 303 2943 Helm
336 2892 524 2979 Philippum
539 2893 580 2957 de
595 2891 795 2958 Oesterhunt
809 2913 906 2976 quem
923 2891 1109 2976 Stephanus
1123 2891 1331 2955 Marescallus
1346 2913 1442 2956 uoca-

172 2967 301 3100 ffilffi
336 2999 387 3062 uit
409 2997 451 3062 ad
472 3005 666 3062 warrantum
689 3003 724 3061 et
744 2995 801 3081 qui
820 2995 851 3060 ei
871 2995 1094 3059 warentizauit
1114 2993 1325 3059 medietatem
1338 2993 1363 3080 j.
1379 3017 1440 3061 111.

173 3107 297 3202 ffigggffi
336 3109 370 3166 et
392 3101 473 3166 med
492 3101 516 3187 J'.
531 3099 607 3165 rode
630 3098 716 3185 prati
737 3106 771 3162 et
789 3098 812 3184 j.
834 3097 910 3162 mes'
931 3119 1005 3162 oum
1028 3106 1109 3184 pert.
1123 3097 1159 3162 in
1181 3097 1382 3172 Oesterhunt
1403 3107 1443 3164 ut

266 3201 296 3239 ⁸¹·
336 3204 445 3268 dotem
460 3227 552 3268 suam
567 3201 653 3267 unde
668 3201 832 3288 predictus
844 3200 1002 3266 Unhidus
1015 3223 1087 3266 eam
1098 3201 1226 3266 dotauit
1241 3201 1283 3266 ad
1297 3201 1442 3267 hostium

172 3247 237 3286 191111
259 3257 308 3286 nam

173 3293 312 3380 1111111
336 3307 470 3396 ecclesie,
481 3307 551 3392 ipso
566 3306 717 3391 Philippo
731 3313 881 3391 presente
897 3313 931 3370 91
946 3328 1078 3370 assensu
1092 3307 1248 3392 prebente
1263 3314 1322 3370 etc

173 3386 315 3519 ἓξὲξ
401 3411 444 3476 st
467 3410 636 3495 Philippus
658 3409 750 3473 uena
772 3417 807 3473 es
829 3409 1015 3496 dicitquod
1035 3407 1442 3474 1111111111

173 3515 453 3622 Jggppffishabera
483 3514 560 3601 quia
588 3514 640 3578 die
671 3535 744 3600 quo,
765 3513 924 3579 Unfridus
949 3535 1022 3579 eam
1047 3513 1256 3599 desponsauit
1282 3513 1346 3578 fuit
1371 3514 1442 3601 ipsc

173 3629 316 3751 ffssgfffflg
335 3618 507 3684 Unlridus⁴
531 3617 671 3682 nillanus
694 3625 728 3681 91
754 3617 986 3682 terramillam
1012 3617 1121 3682 tenuit
1146 3617 1181 3681 in
1207 3617 1384 3703 uillenagio
1408 3627 1445 3684 et

173 3713 301 3800 llhffill'h.
335 3723 417 3788 bene
432 3721 577 3786 defendit
592 3721 677 3807 quod
692 3721 760 3807 ipse
776 3743 943 3808 nunquam
962 3743 1093 3808 presens
1113 3722 1176 3786 fuit
1195 3745 1255 3786 neo
1274 3743 1444 3788 assensum

173 3805 282 3893 hubiw'
335 3823 474 3910 prebuit,
503 3831 538 3887 et
567 3824 648 3887 bene
678 3823 825 3887 concedit
854 3823 940 3909 quod
970 3824 997 3888 si
1027 3823 1114 3888 idem
1144 3823 1302 3888 Unfridus
1331 3825 1446 3889 tenuit

335 3936 454 3992 terram
469 3927 558 3991 illam
573 3925 672 3990 libere
688 3925 772 4012 quod
788 3925 859 4011 ipsa
876 3934 1045 4012 recuperet
1064 3925 1141 3992 inde
1161 3925 1272 3991 dotem
1291 3925 1444 4012 petitam,

367 4128 493 4192 ¹Supply
504 4143 567 4186 111,Ι
585 4128 632 4177 but
644 4127 730 4186 sich
912 4143 965 4178 was
988 4143 1004 4179 1
1027 4127 1119 4178 villain
1145 4126 1199 4177 and
1225 4125 1284 4177 that
1311 4124 1356 4176 tha
1385 4126 1445 4178 lord

368 4195 425 4242 ¹A.
443 4209 479 4242 m.
497 4195 537 4242 25.
571 4192 679 4242 Ithinlr
700 4193 860 4244 1111111111
911 4194 1014 4256 against
1028 4193 1114 4243 whom
1132 4191 1180 4242 she
1198 4191 1274 4242 meda
1295 4189 1343 4242 har
1362 4192 1444 4243 elsim

335 4259 408 4309 hand
422 4259 506 4308 1111111
523 4256 577 4307 this
594 4272 652 4308 oasa
666 4257 719 4308 and
737 4257 781 4308 the
796 4261 860 4308 next
910 4257 964 4308 had
975 4263 1024 4309 not
1036 4257 1157 4308 assentad
1168 4261 1196 4307 to
1207 4255 1252 4307 tho
1262 4255 1440 4309 sudomant.

336 4322 575 4376 inthanote-bools
942 4325 1103 4386 ‘Uest-idos,
1126 4323 1211 4375 interl.
1232 4321 1266 4386 by
1284 4325 1442 4386 annotator;

367 4389 378 4422 ⁸
395 4389 460 4438 Note
471 4390 492 4437 11
503 4403 554 4437 was
565 4389 712 4450 olp'cctedto
727 4403 743 4438 a
757 4403 858 4438 woman
910 4389 996 4440 notin
1008 4389 1039 4439 Δ.

334 4453 458 4516 olaiming
480 4453 563 4503 (lower
584 4453 642 4504 that
664 4452 711 4504 1111
738 4453 858 4505 husband
