3212 5230
389 455 533 517 nursi,
555 453 619 504 sn.
643 441 736 516 1231,
759 456 820 506 aa.
846 442 896 508 15.
1128 443 1189 507 381

107 627 266 694 nicecomcs
278 628 450 694 mandauit
465 627 552 714 quod
566 649 630 692 non
641 628 774 692 fuerunt
787 627 917 694 inuenti
927 635 962 693 et
973 627 1046 694 ideo
1060 649 1191 714 precep
1205 641 1336 736 mm

106 739 167 794 tum
177 737 223 794 est
234 729 416 796 uicecomiti
431 729 518 817 quod
527 730 700 818 distringat
711 730 893 796 Galhidum
906 730 999 798 cnud
1011 739 1045 796 et
1055 731 1192 796 Bartho-
1205 738 1325 820 mla*

106 831 228 898 lonreum
243 833 283 898 dc
297 835 482 900 Alrefordia
502 834 580 920 quia
596 841 754 898 testatum
769 843 819 899 est
834 835 920 921 quod
934 834 1058 900 habent
1072 843 1192 900 terram
1205 828 1341 914 ’,ῗῗξᾞέῗ

1183 938 1190 952 ·
1205 921 1272 960 xcrlnt
1282 921 1311 960 lta

105 960 154 1023 per
165 947 259 1002 terras
274 946 309 1002 et
322 938 444 1002 catalla
458 937 544 1024 quod
558 936 625 1002 sint
639 959 660 1001 a
674 937 727 1002 dic
747 945 807 1002 etc
823 946 857 1002 et
877 937 956 1002 alios
978 937 1145 1003 athachiet
1165 961 1357 1016 siquominus

105 1041 215 1106 inuenti
235 1042 358 1106 fuerint
378 1050 413 1107 et
431 1041 538 1106 sinon
553 1041 674 1106 fuerint
688 1041 816 1106 inuenti
831 1050 910 1108 tunc
925 1042 1023 1108 faciat
1037 1065 1091 1108 eos
1105 1041 1193 1130 exigi
1205 1014 1350 1156 ᾗῇ

104 1146 137 1210 de
149 1145 298 1210 comitatu
313 1146 350 1210 in
363 1145 557 1211 comitatum
572 1145 673 1211 donec
687 1145 885 1234 utlogentur.

29 1259 70 1318 485.
157 1247 314 1314 Hendcns
329 1249 466 1314 Gubiuo
479 1248 686 1314 athachiatus
702 1248 766 1312 fuit
781 1248 822 1312 ad
837 1247 1096 1335 respondendum
1111 1248 1192 1314 Wil·
1225 1254 1332 1296 fflfflm

104 1352 186 1416 lelnro
212 1351 251 1417 de
282 1351 484 1439 Eldingtona
513 1361 547 1418 et
577 1351 736 1439 Margerie
766 1352 859 1418 uxori
887 1352 958 1418 eius
987 1375 1085 1439 quare
1115 1353 1194 1418 lecit

104 1465 217 1519 uastum
231 1463 266 1520 et
280 1455 419 1520 exilium
434 1455 474 1519 dc
491 1454 586 1520 terris
606 1454 755 1520 domibus
774 1463 809 1519 et
828 1455 932 1520 boscis
951 1463 986 1520 et
1008 1455 1193 1520 hominibus

103 1579 155 1643 que
174 1557 271 1622 habet
291 1558 327 1622 in
347 1557 497 1628 custodia
511 1580 585 1622 cum
600 1557 763 1643 Margeria
777 1557 938 1622 Matillide
954 1566 988 1622 et
1003 1557 1144 1622 Isabella
1157 1566 1193 1624 et

103 1661 237 1725 Jobanna
251 1661 384 1726 filiabus
395 1669 431 1725 et
441 1660 614 1725 heredibus
623 1659 781 1724 Willelmi
791 1660 832 1725 de
847 1661 1017 1726 Merstuna
1030 1661 1193 1748 quondam

103 1763 154 1826 uiri
176 1763 276 1848 ipsius
306 1763 468 1850 Margerie
493 1763 535 1827 ad
560 1762 874 1828 exhereditacionem
898 1763 1040 1850 ipsarum
1064 1773 1135 1842 etc,
1158 1772 1193 1830 et

104 1867 175 1930 unde
194 1868 256 1953 ipsi
273 1867 462 1933 willelmus
481 1875 516 1932 et
536 1867 697 1955 blangeria
718 1875 900 1954 queruntur
921 1868 1008 1954 quod
1027 1867 1193 1954 predictus

104 1969 247 2034 Henricus
261 1970 520 2036 destruccionem
535 1978 569 2035 et
584 1979 715 2034 uastum
730 1969 808 2035 lecit
821 1969 857 2034 in
868 1971 962 2036 bosco
974 1970 1014 2036 de
1026 1971 1192 2036 Burstowe

104 2075 256 2140 uendendo
270 2085 309 2141 et
322 2075 429 2141 dando
444 2074 571 2140 circiter
582 2073 622 2138 lx.
634 2096 779 2161 quercus,
790 2081 825 2138 et
839 2082 987 2159 preterea
1001 2073 1087 2159 quod
1101 2073 1193 2139 dedit
1205 2086 1338 2174 2}pr

103 2179 208 2244 lbome
230 2180 358 2246 homini
373 2179 512 2245 Abbatis
527 2179 558 2245 S
574 2178 697 2244 Albani
711 2177 791 2242 dues
805 2201 865 2242 acr.
882 2178 969 2263 prati
983 2186 1017 2244 et
1031 2177 1100 2264 ipse
1115 2177 1191 2244 inde
1204 2179 1340 2276 ffffiffl

103 2286 166 2348 lecit
179 2295 299 2350 terram
314 2286 478 2362 arabilem,
492 2293 527 2350 et
541 2292 689 2370 preterca
706 2283 867 2348 destruxit
882 2283 1019 2348 uillsnos
1033 2304 1092 2368 per
1105 2281 1191 2346 talli-
1204 2274 1336 2360 llssllffl

102 2387 208 2473 agiaet
222 2388 306 2452 alias
326 2388 506 2454 occasiones
527 2395 562 2451 et
582 2385 777 2462 exacciones,
791 2393 826 2448 et
846 2393 994 2470 preterea
1014 2385 1099 2471 quod
1121 2385 1191 2472 ipse
1203 2366 1293 2416 ‘¹¹‘¹¹¹⁰¹'

101 2490 260 2572 prostrauit
275 2489 439 2576 quandam
454 2511 613 2553 cameram
629 2498 663 2552 et
680 2487 887 2552 marremium
908 2495 1016 2552 totum
1035 2489 1192 2575 asportari

102 2591 165 2657 lecit
178 2593 216 2658 ad
237 2602 360 2658 terram
380 2615 472 2658 suam
493 2593 533 2658 de
555 2593 578 2657 J
579 2591 752 2678 erdelegha
773 2591 807 2656 in
827 2591 985 2658 comitatu
1008 2593 1191 2681 Norhamp·

101 2705 165 2762 tone
179 2705 212 2761 et
226 2697 305 2762 inde
320 2697 470 2782 producit
484 2705 606 2762 sectam
621 2705 680 2762 etc.

155 2801 196 2866 Et
217 2801 382 2866 Henricus
403 2799 496 2865 uenit
518 2807 552 2864 et
575 2798 722 2864 defendit
745 2807 858 2864 contra
880 2799 987 2886 ipsum
1011 2809 1046 2866 et
1069 2809 1190 2867 sectam

100 2925 179 2968 suam
193 2912 302 2969 totum
316 2903 358 2968 de
373 2902 474 2967 uerbo
488 2902 523 2966 in
542 2903 680 2967 uerbum
700 2910 735 2967 et
754 2903 835 2968 dicit
857 2903 943 2989 quod
965 2903 1092 2968 nullum
1115 2903 1192 2969 fecit

101 3017 216 3072 uastum
230 3007 286 3072 uel
302 3005 564 3072 destruccionem
603 3005 646 3070 Et
658 3005 730 3070 ideo
739 3016 932 3092 preceptum
944 3015 994 3072 est
1009 3006 1192 3072 uicecomiti

100 3111 173 3196 quod
200 3107 377 3196 assumptis
405 3129 514 3172 secum
538 3106 592 3192 xij.
617 3107 734 3172 liberos
757 3107 893 3196 legales'
921 3118 980 3174 etc
1005 3109 1040 3174 in
1063 3109 1193 3195 propria

100 3235 222 3300 persona
249 3235 310 3278 sua
338 3209 471 3276 accedat
502 3208 590 3296 apud
619 3209 786 3274 Burstowe
812 3219 847 3276 et
872 3233 930 3296 per
954 3222 1191 3278 sacramentum

100 3315 229 3400 ipsomm
255 3315 430 3402 diligenter
454 3312 599 3400 inquirat
621 3313 709 3400 quod
733 3322 865 3379 uastum
889 3323 924 3380 et
947 3315 1034 3402 quod
1057 3317 1191 3383 exilium

99 3420 251 3504 predictus
265 3417 426 3484 Henricus
441 3417 517 3482 fecit
528 3417 564 3481 in
575 3417 669 3482 terris
683 3417 832 3483 domibus
847 3418 950 3484 boscis
961 3427 996 3484 et
1007 3419 1191 3486 hominibus

99 3531 129 3586 et
149 3523 232 3589 unde
257 3521 397 3610 predicti
419 3521 604 3586 Willelmus
630 3529 665 3586 et
688 3521 851 3608 Margeria
873 3523 987 3588 dicunt
1013 3523 1099 3610 quod
1121 3525 1191 3612 ipse

99 3626 180 3692 dedit
193 3635 228 3693 et
242 3625 392 3692 uendidit
405 3623 446 3691 de
461 3625 556 3690 bosco
571 3633 606 3690 et
626 3625 712 3712 quod
732 3625 824 3690 dedit
842 3635 972 3712 pratum
991 3635 1027 3692 et
1046 3629 1192 3694 feoffauit

99 3727 234 3796 homines
259 3739 293 3795 et
318 3730 405 3816 quod
433 3739 584 3794 tenentes
608 3729 770 3795 destruxit
801 3738 836 3794 et
865 3730 975 3795 domos
1003 3733 1191 3818 asportauit‚

99 3841 129 3896 et
151 3833 392 3920 inquisicionem
414 3833 494 3898 sciro
520 3833 617 3898 faciat
646 3841 705 3900 etc
736 3855 794 3920 per
823 3833 904 3900 duos
934 3842 969 3900 et
994 3857 1052 3922 per
1081 3836 1191 3902 literas

100 3943 152 4000 etc

21 4037 63 4104 sc.
157 4039 311 4106 Radulfus
337 4040 378 4107 de
401 4041 643 4107 Freschenuilla
665 4041 872 4108 athachiatus
894 4041 959 4106 luit
980 4041 1022 4107 ad
1042 4044 1189 4109 warenti-
1233 4051 1322 4101 ”mbo

101 4141 228 4207 randum
249 4142 355 4208 Fratri
377 4141 540 4208 Roberto⁸
560 4142 716 4229 Magistro
737 4141 857 4208 Militie
877 4142 1006 4229 Templi
1020 4141 1055 4209 in
1070 4145 1191 4232 Anglia

130 4393 216 4512 :grip-l
225 4398 269 4449 tlt
279 4397 305 4448 b.
339 4397 408 4449 riu.
424 4397 501 4456 Wast,
514 4399 569 4448 131.
697 4399 708 4432 ¹
725 4399 822 4450 Robert
833 4399 864 4450 de
877 4397 1013 4449 Sandlord.
