3212 5230
345 464 408 528 312
650 472 790 534 suist,
813 471 878 521 an.
901 457 997 532 1230,
1020 469 1082 518 aa.
1107 455 1156 517 14.

411 647 454 712 Et
477 668 578 733 quum
601 645 654 730 xij.
677 644 836 709 iuratores
858 640 1058 708 unanimiter
1086 640 1201 705 dicunt
1226 637 1313 726 qnod
1342 636 1462 702 Abbas

347 751 379 816 S.
394 748 573 838 Augustini
588 747 705 813 ultimo
719 745 922 834 presentauit
936 744 979 810 ad
1003 743 1139 810 eandem
1159 743 1327 809 eeclesiam
1342 765 1461 828 quem-

345 854 421 918 dam
443 851 551 916 Adam
573 851 631 938 qui
652 851 695 915 ed
720 849 997 937 presentacionem
1021 871 1114 914 suam
1137 848 1200 914 fuit
1225 847 1384 912 admissus
1415 845 1463 910 ad

345 956 482 1022 eandem
498 963 620 1041 etpost
640 953 747 1040 ipsum
763 953 870 1018 Adam
887 953 992 1018 Lucas
1012 951 1198 1038 capellanus
1217 951 1377 1016 admissus
1391 949 1462 1015 fuit

345 1059 387 1125 ad
410 1057 686 1145 presentacionem
709 1056 849 1121 Abbatis
871 1055 912 1120 de
935 1077 1067 1120 assensn
1089 1053 1247 1119 Willelmi
1269 1053 1310 1118 de
1331 1053 1399 1118 Ros
1423 1061 1463 1117 et

345 1187 404 1250 per
432 1185 598 1228 assensum
624 1161 717 1226 illum
744 1183 809 1224 non
832 1159 931 1224 exiit¹
954 1159 1008 1223 uel
1030 1157 1225 1224 recessit-de
1247 1155 1366 1223 saisina
1387 1179 1462 1234 ssia,

347 1265 596 1332 Consideratum
612 1273 663 1328 est
678 1263 763 1350 quod
778 1263 891 1327 Abbas
905 1270 1073 1326 remaneat
1087 1260 1122 1324 in
1137 1260 1264 1338 saisina,
1279 1268 1314 1326 et
1329 1259 1462 1324 willel-

345 1391 419 1433 mus
440 1368 480 1433 de
498 1366 662 1454 Eyneford
681 1374 790 1430 custos
809 1364 938 1429 heredis
951 1363 1109 1428 willelmi
1131 1363 1171 1428 de
1192 1364 1258 1428 Ros
1277 1362 1312 1427 in
1331 1361 1463 1426 miseri·
1567 1355 1570 1364 '

297 1551 300 1556 Δ
346 1471 462 1547 cordia,
483 1479 518 1536 et
540 1469 613 1534 ideo
633 1467 825 1534 mandatum
848 1476 898 1533 est
923 1467 1082 1553 Episcopo
1109 1467 1253 1532 Roffensi
1278 1465 1365 1552 quod
1390 1487 1463 1529 ηοη

346 1577 496 1641 obstante
511 1573 741 1640 reclamacione
758 1583 817 1639 etc

224 1691 296 1760 377,
410 1677 594 1744 'Cristiana
616 1699 678 1763 que
701 1675 765 1741 fuit
787 1699 869 1740 uxor
889 1675 1029 1741 Walteri
1051 1675 1248 1741 Malesoures
1270 1697 1329 1762 per
1353 1683 1463 1740 attor-

198 1794 321 1842 summu.
344 1793 460 1846 natum
491 1803 585 1846 suum
616 1781 701 1867 petit
728 1803 841 1845 uersus
867 1779 1047 1845 Robertum
1076 1779 1248 1844 Grunbant
1274 1778 1462 1842 manerium

184 1855 329 1988 ἓξὲξ-ιθ·
346 1885 386 1950 de
402 1885 510 1970 Thorp
525 1907 599 1949 cum
615 1891 695 1969 pert.
712 1891 750 1947 ut
765 1882 877 1947 dotem
892 1905 984 1946 suam
1004 1881 1089 1946 unde
1111 1881 1276 1967 predictus
1290 1879 1463 1945 walterus

184 1961 334 2090 &iffi
346 2011 419 2053 eam
434 1987 626 2052 nominatim
641 1987 769 2052 dotauit
785 1995 844 2052 etc.
861 1986 938 2072 quia
958 1986 1123 2072 predictus
1138 1985 1302 2050 Walterus
1322 1983 1376 2050 die
1391 2007 1463 2070 quo

184 2093 336 2222 ffiffiffl
347 2115 419 2156 eam
435 2091 644 2178 desponsauit
659 2091 788 2156 dotauit
807 2115 878 2156 eam
898 2091 939 2156 de
960 2090 1061 2156 tercia
1074 2099 1166 2177 parte
1190 2089 1334 2154 omnium
1353 2097 1463 2154 terra-

183 2193 213 2230 qu
249 2186 316 2222 mater

184 2229 316 2277 nouoque
346 2219 419 2262 rum
442 2205 476 2261 et
499 2204 760 2261 tenementorum
783 2219 846 2282 que
869 2204 948 2260 tunc
970 2195 1087 2260 habuit
1109 2195 1158 2259 ita
1178 2194 1302 2260 scilicet
1319 2193 1408 2280 quod
1432 2194 1464 2260 si

184 2279 336 2408 fuffiuzi'ffiffip
347 2300 453 2366 Alicio
474 2309 580 2365 mater
601 2300 701 2386 ipsius
722 2299 861 2366 Walteri
881 2323 943 2388 que
967 2301 1150 2386 predictum
1172 2299 1353 2365 manerium
1376 2307 1463 2364 tuno

184 2415 329 2510 mmm
348 2401 456 2466 tenuit
471 2403 506 2466 in
520 2401 630 2466 dotem
646 2401 816 2467 decederet
832 2402 866 2466 in
886 2403 958 2466 uita
979 2402 1082 2489 ipsius
1103 2401 1264 2468 Oristiane
1279 2399 1366 2488 quod
1386 2401 1464 2486 ipsa

183 2509 293 2594 ffiv·
314 2573 321 2583 ,
349 2504 511 2570 Oristiana
525 2504 659 2569 haberet
674 2505 855 2570 manerium
875 2504 957 2569 illud
978 2505 1014 2569 in
1036 2505 1147 2569 dotem
1167 2527 1225 2590 pro
1243 2503 1343 2568 tercia
1362 2512 1462 2589 parte

183 2605 270 2688 ffl'
278 2601 325 2687 *ἓξ
348 2631 408 2672 sua
422 2617 455 2672 et
474 2607 581 2672 sinon
597 2609 683 2695 quod
703 2609 838 2674 haberet
859 2609 992 2673 terciam
1008 2617 1135 2695 partem
1156 2629 1249 2672 suam
1268 2629 1327 2693 per
1347 2615 1460 2672 totum

183 2695 336 2790 ‹iio'i'xffl‘
348 2720 383 2776 et
398 2711 484 2798 quod
499 2711 544 2777 sic
560 2713 623 2777 fuit
638 2713 751 2778 dotata
765 2713 914 2800 producit
928 2721 1049 2778 sectam
1064 2708 1300 2777 sufficientem⁸
1314 2720 1374 2776 etc

183 2788 336 2921 ttttttp
414 2815 458 2880 ut
479 2815 642 2882 robertus
663 2817 757 2882 uene
784 2826 818 2882 et
838 2841 903 2882 non
927 2817 1049 2881 uesieu
1069 2817 1149 2903 qun
1168 2815 1218 2880 iu
1239 2824 1323 2880 esset
1343 2815 1463 2880 dotata

184 2891 327 3023 ffiffipg
348 2927 399 2984 set
413 2919 494 2985 dicit
509 2919 595 3006 quod
610 2920 713 2985 nescit
728 2929 840 2985 utrum
855 2921 904 2985 ita
918 2919 1031 2986 dotata
1046 2919 1109 2984 suit
1124 2919 1177 2984 uel
1193 2941 1265 2984 non

184 3021 283 3108 {3:3⁶1}ss
283 3031 335 3154 &a
414 3025 457 3088 Et
476 3024 553 3110 quia
574 3023 721 3110 predicta
741 3023 903 3090 Gristiana
924 3033 1045 3089 sectam
1069 3023 1218 3110 producit
1240 3022 1459 3088 sufficientem

184 3125 303 3210 {siffis
348 3127 434 3214 quod
448 3127 497 3192 ita
508 3127 571 3194 fuit
582 3126 703 3205 dotata,
715 3127 961 3194 Consideratum
978 3127 1123 3215 estquod
1135 3127 1282 3214 predicta
1293 3125 1461 3192 Cristiana

184 3208 335 3302 wine
348 3231 551 3318 recuperauit
566 3232 716 3297 saisinam
732 3255 824 3297 suam
840 3241 874 3297 et
889 3233 1051 3298 Robertus
1066 3233 1101 3298 in
1115 3231 1341 3298 misericordia

225 3323 297 3445 2373·
412 3336 578 3423 'Rogems
589 3335 629 3401 de
643 3336 761 3400 Sancto
776 3335 922 3400 Dionisio
933 3344 968 3401 et
983 3337 1080 3402 Sarra
1094 3359 1175 3401 uxor
1191 3337 1261 3402 eius
1275 3337 1458 3402 athachiati

183 3415 335 3516 musicam
348 3439 480 3503 fuerunt
505 3437 547 3503 ad
572 3437 831 3524 respondendum
854 3437 1018 3503 Willalmo
1040 3438 1081 3504 de
1105 3439 1199 3504 Estre
1222 3462 1320 3526 quare
1343 3447 1460 3504 contra

183 3512 335 3647 ΞυΞΙΞεΞΞα
347 3565 459 3628 pacem
476 3551 510 3606 et
525 3539 720 3628 dignitatem
736 3541 858 3606 domini
874 3543 974 3630 Regis
989 3552 1181 3608 annuerunt
1196 3552 1231 3608 et
1246 3543 1457 3607 sulcauernnt

184 3653 275 3694 ww·
348 3655 382 3711 et
398 3645 547 3710 foderunt
562 3654 728 3732 pasturam
744 3668 836 3710 suam
852 3645 892 3711 de
909 3645 1045 3710 Eokeles
1059 3645 1147 3710 unde
1168 3645 1254 3710 idem
1270 3645 1457 3710 Willelmus

62 3737 63 3744 κ
185 3717 306 3767 Notaqnod

184 3763 317 3852 ponduffe
348 3750 496 3838 queritur
510 3749 595 3836 quod
610 3758 742 3836 propter
756 3749 816 3815 hoc
831 3749 1045 3815 deterioratus
1057 3759 1106 3815 est
1118 3759 1152 3816 et
1163 3751 1341 3836 dampnum
1353 3749 1457 3815 habet

208 3855 335 3945 rffifggffi
348 3852 390 3917 ad
405 3851 585 3917 ualenciam
601 3861 660 3917 etc

183 3952 320 4040 iffi
414 3954 457 4020 Et
479 3955 626 4050 Rogorus
647 3963 681 4020 et
705 3955 802 4021 Sarra
823 3955 962 4021 ueniunt
986 3963 1020 4020 et
1042 3953 1222 4020 defendunt
1243 3953 1331 4040 quod
1352 3954 1455 4020 nichil

184 4049 329 4143 'iffiissquo
346 4068 538 4125 arrauerunt
552 4082 612 4125 nec
627 4060 835 4125 sulcauerunt
849 4083 909 4125 nec
924 4059 1075 4125 fodenmt
1089 4059 1130 4124 de
1145 4068 1279 4146 pastura
1291 4061 1346 4126 uel
1367 4069 1456 4126 terra

183 4145 334 4274 ᾗῇ
346 4163 448 4250 ipsius
459 4161 624 4238 Willelmi,
636 4171 670 4226 et
681 4161 795 4227 dicunt
810 4161 895 4250 quod
907 4169 1040 4248 pastura
1050 4161 1107 4227 illa
1117 4161 1260 4248 ipsorum
1272 4169 1323 4227 est
1338 4170 1374 4227 et
1389 4184 1454 4226 non

184 4284 277 4322 monum
286 4282 311 4318 ut

183 4337 300 4426 fflffl·
380 4352 868 4408 ¹ruiturutnouoaeunuun.
955 4355 1104 4430 mmm,
1130 4355 1148 4404 r.
1172 4357 1212 4414 ss.
1235 4353 1300 4406 uus
1322 4355 1376 4406 aad
1399 4355 1450 4406 us-

380 4421 391 4452 2
408 4421 436 4469 Δ.
451 4434 486 4468 m.
498 4421 514 4467 2
525 4418 550 4470 d.
923 4435 1010 4471 cusses
1018 4421 1071 4470 thu
1082 4435 1148 4470 osse.

380 4485 391 4519 ⁸
408 4484 453 4536 Six
465 4483 561 4534 suitors
571 4481 666 4534 named
678 4484 705 4534 iu
719 4485 747 4534 A.
954 4487 965 4520 ⁸
981 4485 1012 4535 Δ.
1024 4501 1058 4537 m.
1074 4487 1097 4536 4.
