3360 5236
488 457 639 517 remur,
661 455 725 505 nn.
751 441 844 518 1233,
866 453 929 504 nn
954 438 1004 507 17.
1234 437 1296 508 597

192 633 310 697 clamat
339 631 374 694 in
404 629 588 694 molendino
618 628 674 694 illo
703 627 766 693 nisi
795 635 834 692 ut
862 627 1011 713 capitalis
1036 626 1186 693 dominus
1212 627 1298 693 fodi

191 734 284 799 illius.

257 840 301 903 Et
320 860 418 924 super
437 838 497 903 hoc
518 837 611 902 uenit
631 836 763 923 quidem
785 837 924 923 Wyotus
944 836 1152 902 Marescollus
1170 845 1204 901 et
1218 835 1298 901 dicit

192 943 277 1030 quod
306 966 421 1009 reuera
446 942 611 1029 predictus
638 941 751 1008 Simon
777 941 894 1006 hebuit
918 940 1081 1027 quandum
1107 949 1238 1026 neptem
1265 948 1300 1005 et

192 1071 265 1112 cum
279 1055 379 1133 nepte
395 1046 451 1110 illa
465 1045 557 1110 dedit
576 1045 646 1131 ipse
667 1044 790 1131 Symon
810 1044 1033 1110 molendinum
1052 1042 1135 1108 illud
1155 1043 1300 1130 predicto

192 1152 309 1238 Wyoto
324 1151 359 1216 in
371 1149 579 1237 maritagium
595 1149 773 1214 tenendum
789 1149 829 1214 de
845 1148 991 1235 predicto
1001 1149 1024 1213 J
1026 1148 1152 1214 ohanne
1168 1148 1300 1235 capitoli

191 1254 320 1320 domino
335 1276 393 1339 per
413 1253 586 1318 seruicium
608 1275 636 1318 v.
652 1253 706 1316 sol.
722 1275 780 1338 per
799 1274 871 1316 ann.
888 1274 946 1337 pro
967 1251 1055 1316 omni
1074 1253 1210 1317 seruicio
1230 1252 1299 1316 sine

192 1359 299 1444 aliquo
320 1356 456 1422 seruicio
478 1357 532 1421 uel
554 1355 685 1420 redditu
708 1377 806 1440 quem
827 1353 984 1419 retineret
1006 1354 1048 1419 od
1070 1354 1173 1440 opus¹‚
1196 1363 1229 1419 et
1252 1353 1301 1419 ita

193 1462 278 1549 quod
292 1462 385 1526 uenit
400 1461 441 1526 ed
457 1461 579 1526 curiam
594 1459 697 1546 ipsius
716 1460 739 1524 J
740 1459 876 1524 ohannis
896 1467 932 1524 et
951 1458 1077 1523 dimisit
1096 1481 1130 1523 se
1151 1459 1186 1522 in
1200 1459 1298 1545 plene

192 1567 281 1632 curia
310 1575 344 1631 et
373 1565 554 1630 attorneuit
583 1563 688 1651 ipsos*
717 1564 759 1629 ad
788 1563 972 1629 laciendum
1002 1563 1174 1629 seruicium
1203 1586 1299 1628 suum

193 1671 338 1758 predicto
352 1669 496 1736 Johanni
511 1669 580 1734 sine
595 1669 731 1734 seruicio
752 1668 837 1755 quod
857 1669 1014 1734 retineret
1033 1669 1075 1733 od
1095 1691 1175 1754 opus
1195 1691 1298 1736 suum.

179 1775 238 1859 ¹Et
259 1782 332 1860 post
355 1781 492 1838 mortem
515 1772 623 1838 uxoris
645 1794 702 1836 sue
725 1772 833 1836 tenuit
855 1795 890 1836 se
912 1772 947 1836 in
969 1781 1157 1836 tenemento
1178 1772 1243 1849 illo,
1265 1781 1301 1837 et

194 1878 370 1946 cumidem
386 1877 508 1962 Symon
523 1899 598 1941 eum
614 1875 716 1940 eicere
731 1874 848 1941 uollet⁸
863 1875 1055 1940 conuocauit
1075 1875 1213 1940 uicinos⁴
1227 1899 1302 1941 suos

195 1985 229 2048 in
259 1981 419 2047 auxilium
448 1979 491 2044 ed
520 1979 679 2045 retinend’
709 1979 860 2045 seisinam
889 2001 990 2048 sunm.
1035 1981 1079 2044 Et
1107 1979 1188 2044 dicit
1217 1979 1302 2064 quod

195 2087 417 2152 molendinum
439 2085 521 2150 illud
543 2094 593 2151 est
615 2085 699 2150 infre
721 2085 908 2150 libertatem
934 2084 1012 2148 uille
1036 2084 1077 2149 de
1101 2083 1302 2150 Golccestriu

197 2193 240 2256 Et
269 2192 318 2256 ita
346 2199 506 2256 testatum
535 2213 594 2276 per
622 2191 799 2278 burgenses
835 2189 876 2254 de
907 2189 1103 2256 Ooleoestrie
1138 2197 1198 2254 etc
1260 2189 1304 2252 Et

197 2296 335 2381 Wyotus
349 2294 430 2360 dicit
445 2295 531 2380 qnod
546 2295 621 2360 talis
636 2302 686 2360 est
700 2295 900 2360 consuetudo
914 2295 999 2358 infre
1013 2294 1198 2359 libertatem
1214 2293 1303 2358 illem

197 2397 283 2485 quod
309 2397 378 2462 siue
406 2397 558 2463 hebuerit
583 2397 714 2485 pueros*
739 2398 780 2464 de
806 2421 905 2464 uxore
935 2422 995 2465 sue
1024 2399 1093 2465 siue
1123 2423 1188 2465 non
1218 2398 1304 2486 quod

197 2500 406 2587 maritagium
420 2500 523 2586 ipsius
544 2507 578 2565 et
598 2499 733 2565 terrosi
752 2522 850 2586 quam
871 2501 1023 2566 hebuerit
1044 2501 1220 2568 desoente’⁶
1234 2502 1304 2566 iure

197 2603 393 2670 hereditario
407 2603 477 2668 uiro
492 2625 550 2668 suo
565 2603 686 2669 debent
701 2625 867 2669 remanere
882 2604 925 2669 sd
939 2605 1044 2670 uitem
1060 2627 1160 2671 suam.

263 2708 307 2772 Et
318 2707 440 2794 Symon
451 2730 509 2794 per
520 2707 689 2794 Nigellum
701 2708 742 2772 de
754 2709 986 2774 Houekestone
997 2717 1198 2774 ettometum
1210 2731 1305 2772 suum

198 2837 257 2900 per
275 2813 333 2899 iiij.
351 2813 473 2878 milites
492 2813 570 2899 quic
589 2813 764 2900 languidus
785 2815 848 2880 fuit
870 2815 951 2880 dicit
973 2814 1059 2901 quod
1081 2837 1195 2880 reuera
1216 2823 1307 2878 onte-

198 2941 296 3005 quem
312 2917 496 2984 Gonnorem
511 2927 645 3004 neptem
660 2939 753 2982 suem
769 2917 916 2983 duxisset
935 2917 970 2982 in
990 2941 1125 2983 uxorem
1146 2917 1238 2982 dedit
1253 2917 1308 2981 ille

199 3021 420 3088 molendinum
442 3020 525 3086 illud
546 3019 609 3107 ipsi
631 3021 779 3086 Gonnore
802 3021 844 3085 ad
866 3043 900 3086 se
922 3021 1107 3086 consulend’
1130 3021 1308 3085 tenendum

199 3125 240 3190 de
256 3147 294 3190 eo
309 3123 474 3189 reddendo
488 3123 564 3188 inde
579 3123 612 3209 ij.
629 3145 725 3188 moro.
737 3122 843 3187 eidem
860 3123 995 3208 Symoni
1010 3131 1044 3187 et
1059 3145 1087 3187 v.
1099 3123 1153 3186 sol.
1166 3121 1310 3206 predicto

200 3231 223 3296 J
223 3229 344 3296 ohenni
359 3229 492 3315 capitali
506 3228 645 3308 domino,
660 3228 721 3293 sub
736 3227 796 3292 toli
810 3227 996 3293 condicione
1008 3226 1094 3313 quod
1109 3226 1136 3291 si
1156 3226 1227 3312 ipsa
1241 3225 1310 3291 sine

202 3333 311 3419 pneris
340 3331 521 3410 decederet,
548 3330 634 3418 quod
663 3330 885 3395 molendinum
914 3329 997 3394 illud
1022 3336 1241 3394 reuerteretur
1269 3327 1312 3393 nd

202 3437 309 3522 ipsum
322 3435 497 3522 Symonem
513 3443 547 3500 et
559 3433 693 3499 heredes
708 3456 791 3512 suos,
802 3434 851 3498 ita
866 3433 951 3520 quod
967 3441 1041 3519 post
1056 3442 1194 3499 mortem
1209 3433 1311 3520 ipsius

204 3539 352 3604 Gonnore
367 3537 476 3624 posuit
491 3559 525 3602 se
539 3537 574 3601 in
590 3545 815 3602 tenementum
830 3535 921 3612 illud,
935 3544 969 3600 et
980 3535 1068 3622 oepit
1082 3535 1158 3601 inde
1174 3537 1312 3622 explete,

204 3651 238 3708 et
256 3643 321 3707 fuit
341 3641 417 3707 inde
437 3642 472 3707 in
492 3641 611 3707 seisinc
632 3641 733 3707 donec
755 3641 892 3728 predicti
914 3641 1080 3706 Johannes
1102 3650 1137 3706 et
1159 3641 1215 3706 elii
1237 3663 1312 3705 eum

203 3745 457 3825 diseeisiuerunt,
477 3753 511 3810 et
533 3745 609 3810 inde
632 3745 724 3832 ponit
746 3767 780 3810 se
802 3767 899 3831 super
920 3745 1070 3822 iuratam,
1091 3753 1125 3810 et
1149 3744 1235 3809 unde
1257 3744 1312 3810 de-

205 3849 308 3915 fendit
323 3847 410 3934 quod
424 3871 591 3935 nunquam
607 3871 641 3913 se
656 3848 789 3927 dimisit,
801 3857 836 3914 et
849 3847 929 3914 dicit
944 3848 1030 3935 quod
1045 3848 1135 3914 misit
1150 3848 1191 3914 ed
1206 3848 1312 3935 ipsum

205 3953 389 4018 Johonnem
404 3951 490 4038 quod
504 3951 564 4017 hoc
579 3951 767 4018 emendaret
782 3960 816 4017 et
831 3951 891 4017 hoc
905 3951 1077 4017 emendare
1092 3951 1205 4018 noluit.

238 4099 247 4130 ¹
266 4097 456 4160 Supplycuum.
816 4097 828 4130 ⁴
843 4099 942 4146 uicinos
960 4094 1064 4147 substit.
1081 4095 1121 4145 lor
1135 4097 1260 4159 predictos
1279 4093 1314 4156 by

238 4162 344 4224 ²wyot
371 4161 426 4212 end
452 4159 495 4210 his
518 4160 576 4211 wile
599 4160 732 4210 Gonnoro.
784 4165 932 4212 annotator.

208 4227 272 4304 Tlris
294 4225 316 4276 is
338 4242 354 4276 o
375 4224 442 4288 good
461 4225 668 4276 illustrationes
688 4225 734 4276 the
816 4227 932 4290 “praet-m
954 4226 1158 4304 bgennolator.
1198 4223 1253 4273 The
1275 4223 1311 4274 ul·

208 4291 526 4408 idldrdlllrelleeldllidnenil
537 4291 734 4407 deleldllldrliitttd
784 4288 1313 4418 leiellldidldiiciirdhukrielil‘llllffcnriile’s

209 4422 272 4472 hold
282 4422 311 4471 ol
320 4422 365 4472 the
376 4421 445 4472 chiel
454 4421 520 4472 lord.
784 4420 913 4470 inhefited
924 4419 1313 4470 lnndnsoontrnetedwithher

242 4488 253 4520 ⁸
270 4487 319 4538 Sic.
785 4486 959 4548 maritagium.
