3196 5226
357 413 419 474 142
669 423 806 486 sisinn,
830 422 894 472 nn.
920 407 1012 482 1222,
1036 422 1098 468 nn.
1123 407 1150 470 6.

422 597 465 662 Et
480 595 503 661 J
504 595 647 660 ohannes
661 594 748 658 lilius
768 593 866 658 Alani
881 615 939 678 per
952 601 1153 656 ottomatum
1170 616 1264 658 suum
1280 593 1362 658 dicit
1379 592 1468 679 quod

356 721 470 764 renero
483 699 642 764 Amulfus
657 698 720 764 fnit
735 707 917 762 antecessor
931 719 1015 760 suus.
1063 697 1121 760 Set
1137 696 1213 781 quio
1227 697 1317 762 curia
1340 697 1469 762 domini

357 803 456 890 Regis
472 802 596 867 incerta
610 809 660 866 est
675 801 702 865 si
715 800 872 865 Ricardus
887 800 931 864 sit
946 809 1129 866 attornstus
1140 802 1313 868 Abbatissc
1329 803 1384 868 nel
1400 825 1469 866 non

357 905 435 990 quia
460 905 582 968 milites
607 927 672 968 non
698 913 860 968 uenerunt
886 912 920 968 et
944 903 1041 967 dotus
1064 913 1114 968 est
1138 913 1196 970 etc.
1222 914 1257 970 et
1282 905 1468 970 uicecomes

357 1009 476 1072 habeat
491 1030 622 1093 corporo
636 1017 776 1093 quotuor
790 1007 932 1072 militurn
945 1015 1003 1072 etc
1015 1015 1049 1071 et
1060 1007 1168 1071 iurata
1178 1017 1344 1072 remanent
1360 1031 1467 1094 usqne

357 1112 398 1177 ad
414 1113 510 1178 sliam
525 1111 826 1177 summonicionem¹
841 1112 883 1176 od
894 1111 981 1176 diem
993 1121 1155 1176 uenerunt
1167 1113 1304 1198 predicti
1320 1121 1467 1200 quatuor

357 1217 477 1280 milites
493 1225 527 1280 et
542 1215 655 1280 dicunt
671 1223 705 1279 et
721 1223 884 1280 testantur
898 1215 984 1300 qnod
1004 1215 1091 1280 idern
1109 1215 1266 1280 Ricardus
1288 1223 1338 1279 est
1360 1223 1467 1280 attor-

356 1327 454 1384 natus
474 1319 618 1384 eiusdem
640 1318 814 1384 Abbatisse
837 1326 871 1381 et
894 1317 979 1403 quod
1001 1317 1072 1402 ipsa
1093 1317 1248 1382 concessit
1271 1341 1465 1404 responsum

357 1443 453 1488 sunm
475 1429 509 1485 et
532 1421 619 1486 idem
642 1421 799 1486 Ricardus
821 1421 943 1507 profert
964 1429 1086 1484 cartam
1111 1421 1231 1485 Ernolfi
1251 1421 1291 1486 de
1308 1422 1466 1508 Hasting'

357 1547 420 1612 que
436 1533 577 1590 testatur
591 1525 677 1610 quod
692 1525 760 1610 ipse
776 1523 931 1590 concessit
946 1524 1078 1588 ecclesie
1092 1525 1122 1589 S.
1134 1525 1282 1590 Edwardi
1294 1525 1466 1590 ecclesiam

357 1630 398 1694 de
414 1629 532 1694 Kiuele
547 1651 622 1692 cum
637 1629 844 1714 pertinenciis
859 1650 933 1692 cum
949 1627 1088 1713 quadam
1101 1637 1238 1715 cognato
1247 1628 1468 1692 momoniali*

357 1734 441 1798 sicut
464 1733 619 1818 Eynolfus
641 1741 734 1819 pater
755 1756 833 1798 snus
854 1731 989 1796 illam
962 1755 1008 1796 ers
1023 1731 1199 1796 donauerat
1214 1739 1249 1796 et
1264 1733 1385 1817 profert
1401 1741 1464 1796 e

193 1835 456 1940 ⁸⁰0u⁰⁸⁸lom1lr¹¹⁰leegi⁸
479 1835 613 1900 Henrici
635 1835 768 1900 senioris
789 1845 823 1900 et
839 1835 974 1900 Henrici
989 1835 1089 1922 Regis
1103 1857 1159 1898 nur
1149 1835 1296 1899 domini
1311 1835 1412 1922 Regis
1428 1845 1466 1899 et

194 1948 309 1995 “retre-
357 1940 456 2026 Regis
472 1940 601 2004 Ricanli
617 1963 680 2026 que
696 1940 815 2004 donum
828 1939 909 2004 illud
921 1940 1126 2004 confirmant
1142 1948 1176 2004 et
1188 1939 1260 2004 rdeo
1270 1939 1465 2005 Consrdern

194 2052 263 2090 ⁹¹⁰⁸
193 1994 339 2128 :lmf‘g'ml
357 2055 429 2110 tum
444 2045 595 2132 estquod
610 2045 700 2110 nulls
714 2045 865 2162 procedat
881 2045 980 2110 assisa
994 2045 1071 2132 quia
1086 2045 1220 2110 ecclesia
1234 2067 1298 2109 non
1313 2055 1411 2110 uacat
1426 2055 1465 2110 et

288 2145 429 2220 ,ἓξῖἱόεο
451 2149 627 2213 Abbatissn
648 2149 770 2214 inde
745 2173 814 2214 sme
837 2149 890 2214 die
911 2159 945 2214 et
965 2149 1154 2214 Johannes
1146 2172 1179 2214 1n
1194 2149 1412 2215 misericordia
1427 2159 1465 2214 et

194 2240 207 2278 p
208 2237 297 2266 mmmmm

195 2281 293 2316 aramme
282 2275 300 2312 1
302 2275 345 2314 sn
357 2253 521 2339 perquirat
537 2276 594 2338 per
608 2254 706 2318 breue
721 2255 762 2318 de
777 2263 865 2319 recto
880 2278 907 2319 s1
898 2255 1069 2319 uoluerit.

194 2325 290 2410 mim
264 2323 299 2360 Μ
422 2359 540 2422 Jurata
564 2357 664 2444 xxiiij.
687 2358 730 2422 ad
755 2359 1011 2424 conuincendnm
1037 2359 1091 2444 xij.
1114 2358 1201 2422 inter
1227 2358 1392 2423 Simonem
1420 2358 1464 2423 de

219 2438 307 2578 ΜΨ·
358 2463 458 2526 Kimo
472 2471 598 2547 patrem
614 2463 757 2548 Philippi
772 2463 864 2527 cuius
879 2464 971 2528 heres
982 2463 1069 2528 idem
1082 2464 1251 2548 Philippus
1263 2472 1313 2527 est
1324 2484 1463 2548 queren-

358 2571 426 2626 tem
442 2571 476 2626 et
492 2563 633 2628 Priorem
649 2565 689 2630 de
706 2566 768 2631 Cat
771 2567 851 2630 tele⁶
865 2575 900 2630 et
918 2566 1111 2632 Gnufridum
1133 2567 1173 2630 de
1196 2565 1465 2630 Sanctichesmar’

357 2666 450 2730 uenit
480 2666 684 2752 recognitum
709 2669 737 2732 si
762 2668 915 2734 mariscus
942 2669 996 2734 uel
1020 2669 1129 2755 aliqua
1151 2691 1225 2754 pars
1249 2667 1379 2732 marisci
1405 2668 1464 2754 qui

357 2769 535 2834 includitur
556 2771 640 2835 infra
661 2781 764 2836 metas
786 2774 983 2859 subscriptas
1004 2773 1048 2837 sit
1068 2773 1107 2836 dc
1125 2772 1267 2836 manerio
1282 2772 1322 2836 de
1339 2773 1465 2836 North-

358 2873 454 2950 kime‚
470 2874 523 2938 uel
542 2876 768 2940 tantummodo
788 2877 828 2941 de
852 2877 995 2942 manerio
1018 2877 1058 2941 de
1082 2875 1253 2962 Billingeie
1276 2876 1400 2940 scilicet
1423 2876 1463 2940 de

358 2979 438 3044 uilla
452 2979 492 3043 de
508 2978 723 3064 Billingeheie
739 2981 897 3066 usquead
910 2982 1171 3046 Windecorefflet
1187 2991 1221 3046 et
1237 2981 1277 3045 de
1293 2989 1364 3045 toto
1379 2989 1467 3046 terra

359 3085 398 3149 de
415 3083 652 3171 Billengesheie
668 3107 707 3148 ex
728 3092 865 3171 utroque
888 3096 980 3172 porte
1003 3087 1140 3152 calcete⁶
1162 3109 1220 3173 per
1240 3087 1326 3172 quod
1340 3086 1409 3150 itur
1424 3087 1466 3151 de

359 3189 574 3276 Billingeheie
590 3198 623 3253 ct
640 3189 739 3254 Kima
753 3213 854 3276 usque
870 3191 912 3256 ad
923 3191 1120 3268 Windeford,
1132 3191 1218 3256 unde
1234 3191 1321 3255 idem
1340 3190 1466 3276 Philip-

359 3315 420 3378 pus
436 3293 583 3378 queritur
597 3293 682 3378 qnod
697 3295 912 3380 recognitores
927 3295 1097 3360 nssissrum
1114 3318 1197 3360 noue
1213 3294 1380 3360 disseisine
1401 3317 1466 3380 que

359 3397 520 3462 sumonito
532 3407 566 3461 et
575 3406 668 3483 capte
682 3398 813 3462 fuerunt
828 3421 933 3462 coram
949 3399 1133 3463 iusticinriis
1148 3399 1208 3462 ult
1185 3407 1264 3463 timo
1280 3399 1307 3462 it
1294 3397 1466 3463 tinersnti-

196 3488 321 3584 ml
359 3500 443 3564 bus
435 3524 469 3564 m
485 3502 617 3565 comitet
619 3525 640 3564 u
604 3501 821 3565 tLincolnie
837 3502 876 3566 de
889 3525 1060 3566 commune
1071 3503 1154 3567 infra
1165 3503 1325 3589 predictas
1340 3502 1465 3568 diuisas

196 3535 283 3621 elfelm

196 3628 327 3713 on¹¹¹“‘li'¹⁰
315 3604 476 3668 falsum
492 3606 636 3670 fecerunt
651 3615 887 3670 sacramentum
904 3615 962 3672 etc.

198 3722 341 3807 impsum
426 3707 469 3770 Et
485 3730 582 3793 snper
596 3709 655 3772 hoc
671 3710 763 3774 uenit
784 3711 874 3775 Prior
895 3720 929 3776 et
951 3711 1031 3776 dicit
1053 3712 1139 3799 quod
1161 3711 1260 3776 assisa
1281 3733 1345 3796 qne
1367 3717 1468 3795 capta

197 3814 326 3900 :mm
361 3807 424 3873 fuit
448 3808 534 3873 inter
557 3833 632 3875 eum
657 3821 691 3876 et
715 3815 896 3899 predictum
919 3815 1083 3881 Simonem
1104 3815 1167 3880 luit
1187 3823 1283 3900 capta
1301 3812 1342 3878 de
1363 3814 1468 3878 libero

197 3919 243 3993 {12
242 3964 343 3994 om„
309 3907 546 3978 ¹⁸¹tenemento
561 3923 595 3979 et
610 3939 675 3980 non
690 3918 730 3982 de
746 3942 916 3984 commune
932 3930 966 3986 et
981 3921 1080 3987 nichil
1095 3920 1214 3985 clamat
1236 3917 1299 3982 nisi
1321 3940 1468 3982 commu-

235 4005 281 4040 ture

196 4011 328 4134 ffiss'fl.
392 4097 497 4147 ¹Wlmt
506 4098 603 4149 follows
611 4100 875 4168 wouldbepostson
876 4109 887 4154 t
970 4105 1144 4155 ‘Charterof
1153 4105 1231 4162 John,
1243 4103 1302 4153 Rot.
1315 4103 1387 4156 Cart,
1402 4105 1462 4156 150.

359 4177 393 4212 on
405 4162 450 4212 the
461 4164 518 4212 roll.
969 4171 979 4203 ⁶
997 4172 1109 4220 Monost.
1120 4170 1169 4222 vol.
1184 4171 1207 4230 6
1221 4185 1247 4232 p.
1260 4169 1315 4221 967.

390 4227 401 4259 ¹
419 4227 473 4277 The
485 4232 539 4278 text
546 4228 596 4278 hos
604 4230 751 4295 sometlnng
759 4232 811 4283 lrlrc
819 4250 886 4285 mom
968 4235 1099 4296 θοαὶειεα,
1113 4235 1210 4285 stood.

358 4311 448 4360 noioli.
968 4301 979 4336 ⁷
994 4302 1017 4350 A
1039 4275 1163 4351 concitetio
1185 4301 1208 4349 is
1226 4298 1297 4348 what
1314 4313 1367 4349 was
1388 4301 1467 4350 alter-

391 4373 473 4425 ³¹1=he
496 4375 614 4439 bishop’s
639 4379 778 4430 oerfifloepfl
800 4382 885 4433 would
935 4366 1018 4416 words
1033 4365 1127 4416 known
1144 4381 1173 4416 ss
1189 4380 1223 4416 an
1240 4365 1346 4416 attaint.
1381 4365 1463 4416 But

358 4439 610 4491 notbeoonclusire.
644 4445 687 4494 Br.
701 4445 811 4496 12411).
1012 4468 1017 4478 ·
