3196 5226
333 447 394 512 170
634 459 784 519 smnus,
807 460 871 508 nu.
897 447 990 523 1111,
1012 461 1074 510 us
1099 449 1128 512 6.

330 632 422 697 heres
437 632 523 697 idem
540 632 702 697 Robertus
717 642 767 698 est
782 632 860 698 dum
876 633 963 698 idem
979 633 1138 721 Wiganus
1153 634 1243 700 illam
1259 635 1375 701 habuit
1394 637 1431 702 in

165 742 305 829 {fflffi
329 759 461 802 uxorem
481 745 540 804 etc.
556 745 591 802 et
611 735 769 824 Wiganus
788 759 853 803 non
873 737 965 802 uenit
985 745 1045 803 etc.
1067 736 1117 802 sc¹
1137 759 1171 803 se
1193 739 1368 804 essoniauit
1389 740 1431 805 dc

165 847 285 922 fflffi
329 838 464 904 seruioio
479 837 602 903 domini
622 837 721 925 Regis
741 846 776 904 et
791 845 949 904 testatum
968 838 1032 904 fuit
1054 839 1141 924 quod
1163 839 1231 926 ipsc
1254 840 1318 904 fuit
1339 849 1433 906 extra

165 929 455 1027 ffiiffsswportam
484 941 764 1006 Westmonasterii
793 941 827 1006 in
857 942 929 1006 uico
958 941 1239 1008 westmonasterii
1267 943 1316 1008 ita
1345 943 1432 1030 quod

165 1023 298 1109 {ffli‘ie'e
329 1045 498 1111 iusticisrii
522 1045 680 1112 miserunt
699 1046 741 1112 ad
766 1067 841 1112 cum
864 1046 894 1112 J.
915 1046 1111 1112 seruientem
1131 1047 1254 1112 domini
1276 1047 1374 1134 Regis
1396 1056 1433 1112 et

162 1118 305 1250 {infidam
329 1149 409 1215 duos
432 1151 553 1216 milites
576 1151 633 1236 qui
657 1174 732 1216 cum
756 1151 953 1216 inuenerunt
977 1151 1119 1216 inlecto
1145 1174 1203 1217 suo
1229 1151 1264 1216 in
1293 1151 1414 1238 domo!

208 1273 238 1323 [u
247 1274 274 1324 m
330 1255 480 1342 Hugonis
492 1255 616 1334 Fithil',
628 1265 662 1322 ct
673 1256 826 1322 dixerunt
839 1255 870 1320 ci
881 1255 967 1341 quod
982 1255 1112 1321 ueniret
1126 1277 1232 1322 coram
1247 1255 1433 1322 iusticiariis

328 1359 364 1424 in
375 1359 476 1424 banco
491 1359 607 1444 etipse
624 1359 810 1424 absentauit
825 1381 859 1424 se
874 1358 908 1422 in
923 1357 1018 1422 domo
1029 1357 1185 1424 Willclmi
1199 1357 1240 1423 de
1256 1357 1433 1444 Osntilupo

330 1468 364 1525 61
379 1460 451 1525 idco
466 1459 702 1524 consideratum
719 1470 768 1524 est
783 1458 869 1545 quod
884 1459 1046 1524 Robcrtus
1060 1457 1265 1544 recuperauit
1279 1458 1430 1524 seisinam

329 1585 421 1628 suam
451 1569 485 1626 et
507 1561 665 1648 Wigauus
694 1569 729 1626 et
757 1561 933 1626 essoniator
962 1561 1018 1647 qui
1048 1561 1127 1625 falso
1155 1560 1331 1626 essoniauit
1355 1583 1429 1626 eum

329 1664 547 1729 committitur
560 1662 676 1750 gaole'.

394 1768 459 1834 ‘W.
483 1769 659 1854 Episcopus
682 1767 902 1854 wigornensis
925 1788 983 1852 per
1004 1774 1206 1832 attornatum
1228 1787 1323 1832 suum
1345 1766 1432 1853 petit

270 1901 275 1914 ·
330 1895 442 1938 uersus
471 1871 666 1936 Nioholaum
695 1871 736 1936 dc
765 1871 925 1936 Weidun⁶
954 1880 1020 1937 tres
1048 1881 1213 1938 carucatas
1242 1880 1327 1938 terre
1357 1894 1430 1936 cum

329 1975 538 2063 pertinenciis
567 1974 601 2040 in
630 1974 749 2038 Elechc
772 1981 810 2038 ut
835 1973 886 2038 ius
909 1974 1041 2040 ecclesie
1063 1995 1121 2039 suc
1143 1975 1230 2040 unde
1253 1974 1431 2060 Episcopus

329 2080 489 2166 1161161111ι
511 2079 713 2166 predecessor
732 2099 810 2143 suus
831 2079 895 2144 fuit
916 2078 1045 2144 saisitus
1066 2087 1106 2144 ut
1127 2078 1168 2144 dc
1190 2079 1282 2144 feodo
1304 2087 1339 2144 61
1360 2077 1430 2143 iure

329 2183 461 2249 ecclesie
472 2205 529 2248 suc
540 2190 686 2267 tempore
697 2179 832 2246 Hemici
843 2179 943 2268 Regis
954 2180 1009 2244 aui
1020 2179 1143 2245 domini
1154 2180 1192 2245 R.
1204 2189 1263 2244 etc
1275 2179 1430 2265 capiendo

329 2287 404 2352 inde
419 2287 550 2372 expleto
564 2294 623 2350 etc.

394 2393 438 2456 Et
450 2391 626 2456 Nicholaus
637 2389 729 2455 uouit
741 2397 775 2454 et
786 2388 932 2454 defendit
946 2387 997 2452 ius
1011 2387 1144 2454 ecclesis
1158 2410 1216 2452 suc
1230 2395 1265 2452 et
1280 2386 1430 2452 saisinam

330 2495 480 2582 Episcopi
495 2495 613 2582 Rogeri
628 2503 662 2560 61
677 2503 785 2559 totum
800 2503 858 2559 etc
875 2502 909 2558 et
923 2493 1016 2580 ponit
1031 2515 1065 2558 se
1079 2493 1115 2558 in
1129 2515 1281 2580 magnam
1297 2491 1430 2557 assisam

329 2599 451 2666 domiui
466 2598 565 2685 Regis
580 2605 614 2662 et
633 2596 719 2683 petit
739 2595 993 2684 recognicionem
1013 2595 1084 2660 ficri
1103 2605 1215 2660 utrum
1234 2595 1304 2681 ipso
1325 2595 1430 2660 maius

329 2704 380 2768 ius
395 2703 514 2768 habeat
528 2701 662 2768 tenendi
677 2710 796 2766 tanam
811 2701 900 2766 illam
916 2700 956 2765 dc
976 2701 1046 2786 ipso
1066 2700 1223 2786 Episcopo
1243 2707 1278 2764 et
1298 2698 1431 2764 ecclesia

328 2831 387 2873 sua
415 2808 469 2872 uel
498 2807 585 2872 idem
616 2806 794 2892 Episcopus
823 2805 957 2870 tenendi
985 2805 1076 2868 illam
1105 2803 1140 2868 in
1169 2803 1335 2868 dominico.
1386 2803 1430 2867 Et

328 2911 493 2977 sciendum
509 2909 595 2996 quod
609 2908 696 2973 idcm
713 2907 889 2974 Nicholaus
909 2905 1017 2971 tenuit
1037 2915 1157 2970 terram
1177 2905 1267 2971 illam
1289 2905 1329 2970 dc
1352 2927 1429 2991 quo-

328 3016 403 3080 dam
419 3017 561 3102 Eytropo
576 3013 616 3079 dc
632 3011 803 3099 Episcopo'
818 3020 869 3078 sot
882 3010 970 3077 idem
989 3011 1150 3097 Eytropus
1170 3010 1263 3074 uenit
1283 3009 1317 3074 in
1340 3009 1430 3074 curia

328 3118 451 3184 domini
480 3117 579 3204 Regis
609 3124 643 3181 ct
665 3115 814 3201 quietum
836 3112 991 3178 clamauit
1013 3112 1119 3178 eidem
1143 3113 1300 3198 Episcopo
1322 3120 1429 3177 totum

329 3222 458 3288 feodum
488 3220 570 3286 illud
599 3230 634 3285 et
658 3219 731 3286 ideo
753 3219 877 3284 dictum
900 3225 950 3284 cst
972 3217 1131 3282 Nicholao
1153 3217 1239 3303 quod
1261 3216 1301 3282 do
1323 3225 1431 3282 cetero

328 3327 454 3390 nullum
484 3323 655 3389 seruicium
685 3323 762 3388 inde
791 3323 889 3388 faciat
918 3321 1062 3408 piedicto
1093 3321 1243 3408 Eytropo.
1289 3320 1333 3385 Et
1354 3343 1429 3386 oon·

327 3429 506 3494 sideratum
522 3436 572 3493 est
587 3427 673 3513 quod
688 3427 787 3492 assisa
801 3427 894 3492 iacet.

392 3531 497 3596 ⁸Prior
526 3529 566 3595 de
593 3528 767 3594 Teffordia⁰
791 3529 996 3594 athachiatus
1018 3528 1082 3592 fuit
1107 3527 1149 3592 ad
1171 3526 1429 3613 respondendnm

230 3664 244 3692 ιι
260 3681 265 3692 ·
329 3635 493 3701 Willeimo
512 3633 640 3699 Blundo
658 3656 756 3720 quare
771 3642 901 3700 secutus
916 3641 965 3698 est
980 3633 1136 3718 placitum
1152 3631 1187 3696 in
1201 3631 1290 3696 curia
1304 3631 1428 3696 cristia-

329 3739 442 3804 nitatis
464 3738 505 3802 dc
527 3737 651 3804 catallis
673 3737 818 3802 eiusdem
836 3736 990 3802 Willelmi
1012 3758 1074 3822 que
1097 3757 1161 3800 non
1181 3742 1258 3800 sunt
1272 3734 1313 3800 de
1328 3741 1429 3798 testa·

329 3852 439 3908 mento
465 3842 518 3906 uel
545 3839 749 3905 matrimonio
772 3848 830 3905 etc
853 3847 965 3904 contra
985 3838 1237 3925 prohibicionem
1260 3846 1318 3903 etc
1342 3837 1429 3902 unde

328 3948 415 4013 idem
430 3945 613 4011 Willelmus
628 3943 774 4030 queritur
788 3944 874 4030 quod
888 3944 956 4029 ipse
971 3942 1056 4028 petit
1071 3941 1106 4006 in
1121 3941 1211 4006 curia
1233 3941 1431 4007 cristianita-

362 4107 521 4224 1111
936 4103 1431 4234 :testitum-titt

330 4239 473 4382 1111111616ιῖ
471 4252 619 4366 ammio
636 4237 855 4352 idideitiititntidmmii
906 4235 1110 4350 Eptpcppcpelpio‘
1121 4298 1201 4376 found
1212 4299 1266 4348 this
1276 4298 1303 4347 in
1314 4299 1345 4348 B.

330 4375 492 4418 committitur
502 4369 580 4430 occu,
595 4367 626 4416 B.
935 4365 946 4398 ⁰
963 4363 1087 4416 Thetford
1103 4365 1200 4428 Prion,
1218 4365 1329 4414 Monast.
1341 4364 1391 4414 vol.
1404 4366 1427 4417 5.

361 4435 372 4466 ⁴
387 4434 417 4484 B.
431 4449 466 4483 m.
478 4435 501 4484 8.
904 4445 930 4494 p.
944 4431 999 4479 141.

361 4501 372 4531 ⁵
391 4500 497 4560 Vcrdun,
511 4499 541 4547 B.
