3360 5236
270 644 342 712 715.

274 748 338 788 uua

395 457 457 520 548
697 465 847 526 ramur,
870 465 932 514 nn.
959 449 1052 523 1225,
1075 464 1141 514 aa.
1166 447 1194 512 9.

460 638 605 702 ¹Hamon
620 635 661 702 de
677 633 892 700 Roxhenede'
905 633 990 720 petit
1006 655 1119 699 uersus
1140 633 1275 699 Petrum
1296 633 1401 697 filium
1417 628 1512 694 Alofi

395 767 423 809 v.
439 741 531 808 hidas
551 749 635 806 terre
656 763 729 805 oum
751 747 830 825 pert.
850 739 885 802 in
909 739 1057 804 Hattona
1079 747 1119 802 ut
1141 738 1193 802 ius
1214 760 1310 802 suum
1333 745 1392 802 ete.
1417 733 1513 800 unde

396 847 525 912 Hamon
548 867 630 909 auus
656 866 734 908 suus
756 841 819 907 fuit
843 842 974 907 seisitus
997 853 1036 907 ut
1062 842 1103 908 de
1128 841 1221 908 feodo
1247 851 1281 907 et
1306 841 1376 906 iure
1407 849 1441 906 et
1475 839 1515 903 in

395 951 554 1018 dominico
577 961 721 1036 tempore
745 949 786 1014 H.
811 948 911 1036 Regis
934 947 989 1013 ani
1010 947 1103 1012 Dom.
1129 947 1229 1035 Regis
1251 946 1408 1033 capiendo
1427 943 1515 1009 inde

362 1109 364 1114 .
395 1057 525 1143 expleta
548 1055 589 1120 ad
614 1053 793 1138 ualentiam
818 1077 844 1117 v.
873 1054 937 1130 sol„
961 1062 996 1118 et
1018 1054 1058 1118 de
1081 1053 1232 1118 Hamone
1262 1051 1429 1118 deseendit
1454 1050 1515 1114 ius

396 1169 480 1225 terre
499 1158 587 1223 illius
606 1157 746 1222 Radulfo
766 1157 833 1221 filio
856 1179 914 1222 suo
937 1165 971 1222 et
991 1153 1031 1222 de
1051 1157 1191 1222 Radulfo
1212 1157 1288 1222 huic
1307 1155 1450 1222 Hamoni
1468 1161 1514 1218 ut

395 1263 461 1328 filio
476 1271 511 1328 et
525 1259 637 1328 heredi
651 1283 719 1326 suo.

461 1369 505 1433 Et
520 1367 636 1433 Petrus
655 1367 748 1432 uenit
769 1375 803 1432 et
823 1365 969 1432 defendit
990 1367 1040 1431 ius
1062 1389 1157 1431 suum
1180 1366 1309 1454 quando
1331 1363 1512 1430 defendere

394 1472 536 1550 debebit,
559 1481 608 1537 set
630 1471 710 1538 dicit
732 1471 819 1558 quod
842 1481 928 1537 terra
949 1471 1006 1536 illa
1031 1471 1110 1537 data
1136 1471 1215 1536 fuit⁸
1241 1470 1406 1536 Willelmo
1436 1468 1512 1532 filio

395 1577 480 1642 Atofi
496 1576 582 1662 patri
597 1597 655 1642 suo
675 1597 733 1663 per
754 1575 853 1641 finem
872 1576 994 1642 fastum
1012 1577 1047 1641 in
1065 1576 1155 1642 curia
1176 1575 1315 1663 predicti
1338 1575 1379 1640 H.
1403 1573 1512 1661 Regis

394 1681 450 1748 aui
479 1681 572 1747 Dom.
604 1681 704 1769 Regis
733 1701 792 1766 per
820 1682 1056 1769 cyrographum
1086 1681 1174 1768 quod
1203 1681 1325 1767 profert
1354 1689 1389 1744 et
1417 1677 1511 1765 quod

395 1794 536 1852 testatur
550 1785 636 1873 quod
650 1773 819 1850 eoncordia
833 1786 919 1850 faeta
933 1786 998 1850 fuit
1012 1785 1100 1872 apud
1115 1783 1441 1850 westmonasterium
1462 1782 1510 1848 ad

394 1890 587 1956 scaccarium
607 1889 661 1954 die
677 1888 812 1954 Veneris
834 1889 980 1975 proximo
1000 1897 1073 1976 post
1092 1889 1211 1955 festum
1235 1890 1266 1955 S.
1292 1889 1399 1954 Marce
1419 1910 1510 1952 anno

395 2002 473 2060 rxv⁰
487 1995 579 2082 regni
593 1993 738 2060 eiusdem
754 1995 889 2059 Henrioi
903 2017 1009 2060 coram
1026 1995 1062 2059 R.
1080 2003 1115 2060 et
1131 1995 1167 2059 G.
1185 1994 1320 2059 Eliens'⁴
1335 1992 1508 2080 Episcopis

394 2107 429 2164 et
444 2099 557 2164 multis
571 2099 745 2164 baronibus
759 2099 846 2164 inter
861 2100 1044 2165 Hemonem
1060 2100 1100 2166 de
1122 2100 1305 2166 Rokeshale
1328 2109 1361 2165 et
1377 2099 1506 2165 Willel-

395 2227 484 2268 mum
511 2203 614 2268 filium
640 2204 724 2268 Alofi
751 2203 792 2269 de
818 2213 905 2270 terra
929 2204 970 2270 de
995 2205 1123 2270 Actona
1147 2205 1212 2270 soil.
1238 2204 1279 2270 de
1305 2203 1396 2270 feodo
1425 2203 1505 2268 dim.

394 2308 509 2374 militis
523 2307 609 2374 unde
625 2308 861 2395 placitauerant
876 2309 910 2374 in
925 2309 1015 2374 ouria
1029 2310 1122 2375 Dom.
1139 2310 1238 2398 Regis
1254 2317 1313 2374 ete
1335 2307 1400 2374 soil.
1416 2307 1506 2394 quod

394 2413 559 2500 predictus
589 2413 719 2478 Hamon
745 2414 933 2501 recognouit
963 2413 1049 2500 quod
1079 2414 1227 2500 predicta
1256 2423 1343 2480 terra
1372 2421 1422 2479 est
1451 2413 1505 2478 ius

394 2517 504 2583 suum'
519 2527 553 2582 et
569 2517 732 2583 hereditas
747 2517 849 2605 ipsius
864 2519 1020 2584 Willelmi
1036 2527 1070 2584 et
1086 2542 1158 2584 eam
1181 2519 1336 2585 clamauit
1356 2518 1503 2606 quietam

394 2621 499 2686 eidem
524 2622 687 2686 Willelmo
711 2631 745 2687 et
771 2621 944 2688 heredibus
970 2623 1036 2688 suis
1063 2633 1122 2689 etc.
1148 2625 1197 2690 ita
1223 2623 1310 2710 quod
1338 2622 1505 2710 predictus

394 2725 577 2790 Willelmus
592 2735 627 2790 et
643 2725 776 2790 heredes
796 2726 846 2790 sui
867 2726 1005 2806 reddant
1026 2727 1168 2792 Hamoni
1189 2737 1223 2792 et
1243 2726 1417 2792 heredibus
1436 2726 1505 2790 suis

370 2823 374 2830 ’
393 2829 561 2894 annuatim
582 2831 607 2916 j.
628 2829 849 2915 esperuarium
870 2853 977 2894 sorum
994 2833 1046 2896 uel
1063 2832 1143 2898 duos
1158 2833 1212 2899 sol.
1228 2843 1297 2910 ete,
1313 2832 1399 2897 unde
1414 2832 1502 2896 idem

394 2931 510 2998 Petrus
524 2933 604 2999 dicit
619 2933 705 3020 quod
720 2955 778 3020 per
792 2933 890 2998 finem
902 2933 995 2998 illum
1007 2936 1162 3000 remansit
1174 2945 1260 3001 terra
1270 2935 1327 3000 illa
1338 2935 1503 3000 Willeimo

394 3039 480 3125 patri
495 3061 553 3104 suo
569 3038 711 3104 tenenda
726 3039 766 3103 de
787 3039 899 3103 eodem
921 3037 1101 3103 Willelmo⁶
1119 3048 1153 3104 et
1174 3039 1347 3106 heredibus
1367 3039 1434 3105 suis
1453 3039 1503 3104 ita

394 3144 478 3230 quod
510 3143 693 3208 Willelmus
723 3151 817 3229 pater
845 3165 923 3207 suus
953 3143 1030 3208 fecit
1052 3143 1226 3208 seruicium
1249 3145 1331 3210 illud
1357 3143 1503 3230 predicto

395 3247 538 3313 Hamoni
553 3256 587 3312 et
608 3255 721 3334 postea
741 3247 881 3311 deulfo
900 3247 967 3311 filio
987 3269 1045 3312 suo
1068 3255 1140 3312 tota
1162 3248 1233 3313 uita
1253 3271 1314 3314 sua
1335 3257 1369 3313 et
1391 3256 1506 3334 postea

394 3353 480 3417 idem
497 3353 627 3417 Hamon
642 3351 724 3416 illud
738 3351 912 3416 seruioium
928 3351 1050 3436 recepit
1070 3360 1105 3416 et
1126 3351 1212 3438 quod
1230 3351 1279 3417 ita
1296 3353 1339 3417 sit
1354 3353 1447 3439 ponit
1467 3373 1502 3416 se

395 3457 430 3522 in
444 3477 595 3544 magnam
612 3457 744 3521 assisam
759 3455 852 3520 Dom.
869 3455 969 3543 Regis
989 3464 1023 3519 et
1047 3455 1133 3541 petit
1155 3457 1411 3544 recognieionem
1432 3455 1502 3521 fieri

394 3569 505 3625 utrum
520 3561 589 3646 ipse
610 3559 715 3624 maius
735 3560 786 3624 ius
804 3559 925 3624 habeat
945 3558 1079 3624 tenendi
1102 3569 1222 3626 terram
1242 3561 1345 3647 ipsam
1369 3561 1410 3626 de
1432 3561 1502 3648 ipso

395 3665 544 3731 Harnone
568 3687 626 3751 per
643 3664 825 3752 predictum
850 3663 947 3729 finem
971 3663 1025 3728 uel
1048 3663 1135 3728 idem
1159 3663 1289 3730 Hamon
1312 3665 1446 3731 tenendi
1468 3665 1502 3730 in

394 3769 559 3835 dominico,

461 3874 505 3938 Et
520 3873 651 3938 Hamon
662 3872 808 3937 defendit
820 3871 1009 3937 seruicium'
1022 3879 1056 3935 et
1067 3871 1154 3956 quod
1166 3895 1333 3958 nunquam
1345 3873 1501 3959 placitum

395 3979 458 4044 fuit
472 3977 559 4042 inter
572 3985 788 4042 antecessores
808 3999 882 4041 suos
902 3976 942 4041 de
965 3984 1051 4041 terra
1072 3975 1130 4041 illa
1151 3985 1186 4041 et
1208 3977 1282 4043 ideo
1303 3977 1362 4043 fiat
1384 4001 1504 4066 magna

394 4105 500 4150 assisa.

431 4247 486 4296 1Δ.
500 4245 764 4304 m.ed;B.m.5d.
1006 4243 1264 4302 ΒΟιιι.ειιιιηι,Α.Β.
1588 4281 1591 4287 ,

429 4313 440 4344 ²
456 4312 587 4360 Roxemed'
599 4310 630 4359 B.
1006 4309 1017 4340 ⁸
1033 4309 1104 4358 Gon.
1121 4311 1251 4370 Harum
1269 4310 1317 4360 but
1331 4309 1395 4361 both
1409 4313 1432 4360 Δ
1448 4312 1503 4362 and

429 4377 519 4426 ¹data
524 4378 582 4439 suit
592 4375 677 4428 interl.
691 4374 726 4438 by
736 4376 885 4425 annotator.
972 4373 1072 4429 Bhare
1087 4375 1217 4425 Wiltelmo.

430 4444 441 4475 ⁴
458 4442 529 4493 Oorr.
542 4441 600 4491 Ro.
615 4441 722 4491 Wiaton.
735 4446 760 4489 et
777 4441 807 4489 θ.
823 4440 921 4490 Elam.
1004 4439 1015 4473 ²
1033 4441 1105 4494 duem
1116 4443 1164 4488 not
1174 4443 1317 4498 amisium,
1329 4441 1359 4490 Δ.
1372 4441 1402 4491 Β.

396 4509 426 4556 Δ.
439 4507 469 4556 Β.
482 4519 561 4570 many
572 4504 648 4556 other
658 4517 755 4556 names
