3360 5236
428 451 662 512 monimum,
684 451 749 500 sn.
774 437 867 512 1233,
891 451 954 501 aa.
979 435 1115 504 17--18,
1259 441 1322 504 605

218 646 280 710 que
295 624 360 688 fuit
376 623 537 690 hereditas
551 623 697 690 Dionisie
712 623 827 688 matris
841 647 898 688 sue
914 633 1026 710 etque
1046 624 1212 690 descendit
1232 625 1263 690 ei
1282 627 1323 690 de

217 727 472 808 antecessoribus
494 727 596 813 ipsius
618 726 774 804 Dionisie,
789 733 823 791 et
837 725 984 791 defendit
998 727 1050 792 ius
1064 749 1159 792 suum
1175 735 1209 792 et
1224 729 1323 792 talem

217 829 397 917 ingressum
422 839 456 896 et
477 831 557 896 dicit
584 831 669 916 quod
696 853 760 894 non
786 830 903 895 habuit
928 830 1108 917 ingressum
1134 831 1324 917 peripsum

217 934 415 1021 Philippum,
445 957 504 1000 nec
534 933 705 1020 Philippus
742 956 886 1020 unquam
923 934 1074 998 seisinam
1111 934 1236 1011 habuit,
1266 956 1325 998 nec

216 1039 334 1125 aliquis
355 1047 593 1104 antecessorum
615 1061 756 1116 suorum,
779 1038 857 1124 quia
878 1038 947 1123 ipse
974 1047 1009 1102 et
1034 1045 1249 1102 antecessores
1274 1038 1326 1102 sui

216 1161 343 1228 semper
357 1142 490 1207 fuerunt
504 1141 580 1206 inde
595 1141 630 1206 in
651 1141 770 1206 seisina
788 1163 809 1205 a
830 1149 974 1227 tempore
995 1140 1130 1205 Henrici
1150 1141 1250 1228 Regis
1269 1141 1325 1206 aui

217 1253 251 1311 et
274 1253 360 1324 ante,
384 1253 418 1310 et
444 1243 611 1309 descendit
638 1244 678 1308 de
704 1243 919 1308 antecessore¹
942 1265 1045 1330 usque
1074 1244 1116 1308 ad
1145 1244 1324 1330 predictam

217 1350 413 1436 Dyonisiam.

282 1455 359 1519 Post
386 1453 480 1519 uenit
510 1451 703 1519 Godefridus
727 1459 761 1516 et
787 1450 977 1537 dicitquod
1003 1451 1135 1537 quidam
1162 1451 1325 1518 Galhidus

215 1579 296 1624 auus
311 1582 388 1624 suus
403 1558 512 1624 tenuit
527 1566 646 1623 tenum
662 1557 751 1621 illam
766 1565 912 1642 tempore
934 1557 975 1621 Η
993 1557 1092 1643 Regis
1116 1557 1172 1622 aui
1192 1565 1226 1622 et
1246 1565 1324 1622 ante

215 1686 273 1749 per
287 1686 443 1752 magnum
464 1671 603 1748 tempus,
618 1669 652 1726 et
674 1661 723 1726 ita
744 1660 831 1746 quod
853 1659 940 1725 idem
964 1660 1135 1746 Philippus
1157 1683 1323 1746 nunquam

216 1769 366 1834 seisinam
382 1768 499 1834 habuit
514 1767 577 1832 nisi
593 1766 724 1831 nomine
742 1766 843 1844 firme,
859 1773 893 1831 et
913 1765 962 1830 ita
982 1764 1068 1851 quod
1087 1765 1158 1851 ipsa
1177 1764 1325 1830 Dionisia

216 1871 444 1938 disracionauit
460 1879 578 1936 terram
593 1870 628 1934 in
643 1870 801 1934 comitatu
822 1878 861 1934 ut
881 1869 932 1934 ius
953 1892 1048 1934 suum
1069 1891 1181 1934 uersus
1200 1870 1324 1955 predio-

217 1985 287 2041 tum
325 1975 513 2061 Philippum
551 1973 607 2060 qui
636 1973 725 2036 iilam
756 1972 873 2038 habuit
902 1972 944 2036 ad
973 1972 1099 2038 firmam
1129 1973 1206 2038 dum
1236 1973 1323 2038 idem

217 2079 379 2145 Galfn'dus
394 2078 458 2144 fuit
472 2077 508 2142 in
522 2085 610 2142 terra
623 2076 647 2141 J
648 2077 895 2152 erosolimitana,
911 2083 946 2140 et
961 2075 1047 2162 quod
1062 2076 1111 2140 ita
1124 2075 1167 2140 sit
1182 2076 1275 2162 ponit
1289 2099 1323 2140 se

216 2181 251 2246 in
265 2204 417 2268 magnam
433 2180 566 2246 assisam
581 2179 675 2243 Dom.
692 2177 801 2264 Regis,
817 2185 851 2242 et
871 2178 957 2263 petit
977 2177 1230 2265 recognicionem
1254 2178 1324 2244 fieri

216 2293 327 2350 utrum
342 2285 411 2370 ipse
430 2283 536 2348 maius
550 2283 601 2348 ius
617 2282 736 2348 habeat
752 2281 886 2347 tenendi
900 2289 1019 2346 terram
1034 2281 1123 2346 illam
1138 2283 1223 2347 siout
1234 2283 1323 2348 illam

216 2411 279 2474 que
302 2388 333 2453 ei
355 2387 521 2452 descendit
547 2386 588 2451 de
614 2386 758 2472 predicto
782 2384 926 2450 Galfn'do
951 2407 1013 2450 auo
1036 2408 1094 2452 suo
1118 2409 1161 2451 an
1186 2388 1323 2474 predicti

217 2492 378 2556 Henrieus
393 2500 427 2557 et
442 2494 561 2557 Amma
576 2491 660 2556 sicut
675 2491 710 2555 in
725 2491 782 2554 illa
797 2511 860 2576 que
880 2490 911 2554 ei
931 2489 1098 2556 descendit
1117 2491 1158 2557 de
1179 2493 1322 2578 predicto

216 2594 366 2681 Philippo
382 2596 480 2660 fratre
495 2594 596 2681 ipsius
610 2593 751 2658 Amme'.
796 2593 876 2658 Dies
890 2593 987 2659 datus
1002 2605 1052 2659 est
1067 2603 1125 2661 etc.

160 2750 167 2764 .
280 2696 1321 2784 ⁸ArchidiaconusSuflblchieattechiatusestadrespondendum
1386 2721 1437 2762 sua

216 2803 342 2890 Rogero
357 2802 425 2867 filio
441 2802 571 2868 Osberti
586 2825 685 2889 quare
701 2801 810 2867 tenuit
825 2801 980 2887 placitum
1001 2802 1037 2866 in
1057 2803 1147 2868 curia
1165 2804 1322 2868 cristiani-

217 2907 295 2971 tatis
310 2905 350 2971 de
365 2906 456 2992 layco
472 2904 565 2969 feodo
578 2905 681 2990 ipsius
697 2904 817 2992 Rogeri
831 2905 865 2969 in
882 2905 1037 2970 Houtona
1051 2915 1163 2972 contra
1182 2907 1322 2993 prohibi-

216 3009 341 3074 cionem
357 3016 417 3073 etc.
462 3009 506 3072 Et
522 3007 612 3072 Prior
626 3007 666 3072 de
683 3008 883 3095 Buttelegha
896 3007 975 3072 alies
990 3009 1189 3074 attechiatus
1204 3011 1267 3075 fuit
1282 3011 1324 3076 ari
1336 3036 1453 3123 supparo

215 3109 474 3198 respondendum
501 3133 599 3197 quare
626 3119 756 3176 secutus
783 3111 846 3176 fuit
872 3111 1028 3196 placitum
1054 3085 1487 3217 illud,itaqu0d{³1bu1i¹’ipu·

215 3217 361 3282 defendit
390 3216 477 3303 quod
506 3215 588 3280 illud
618 3238 682 3280 non
712 3216 776 3280 fuit
805 3226 944 3293 secutae,
971 3223 1006 3280 et
1031 3217 1079 3280 ita
1105 3217 1191 3303 quod
1217 3219 1322 3306 legem
1335 3188 1487 3311 ffiffiiuffim

215 3321 372 3400 uadiauit,
387 3330 421 3386 et
436 3321 552 3386 habuit
567 3321 654 3386 diem
668 3321 710 3385 ad
725 3321 811 3386 diem
827 3321 928 3386 istum
943 3329 977 3385 et
993 3321 1086 3385 uenit
1106 3345 1180 3387 cum
1202 3323 1273 3410 lege
1289 3331 1323 3388 et
1336 3319 1474 3404 ffifflffi'

215 3426 292 3492 fecit
322 3427 427 3513 legem
457 3447 557 3490 suam.
603 3425 647 3488 Et
673 3424 745 3488 ideo
767 3423 1005 3489 consideratum
1028 3426 1114 3510 quod
1136 3427 1226 3492 Prior
1247 3425 1322 3491 inde

215 3529 284 3594 sine
310 3529 373 3606 die,
396 3536 430 3593 et
459 3529 606 3615 Rogerus
635 3527 670 3592 in
694 3527 919 3606 misericordia,
942 3535 1126 3593 attomatus
1149 3551 1227 3594 suus
1253 3553 1322 3595 cus·
1390 3573 1392 3580 ·

216 3633 366 3698 todiatur.
405 3633 448 3696 Et
460 3632 537 3718 quia
551 3632 736 3697 conuictum
752 3640 802 3696 est
818 3631 904 3718 quod
919 3631 1010 3696 Prior
1024 3633 1151 3698 nullum
1167 3635 1322 3721 placitum

215 3745 345 3802 secutus
357 3745 406 3801 est
418 3745 452 3800 et
467 3737 540 3802 ideo
551 3736 760 3801 manifestum
772 3745 822 3800 est
834 3735 920 3822 quod
931 3735 1185 3804 Archidiaconus
1196 3741 1322 3804 nullum
1336 3762 1411 3801 rom
1420 3764 1451 3800 a

215 3841 371 3928 placitum
394 3841 504 3906 tenuit
530 3849 563 3906 et
589 3841 662 3906 ideo
686 3841 754 3926 ipse
779 3840 849 3906 sine
875 3840 935 3906 die.
982 3841 1100 3907 Postea
1123 3843 1220 3908 finem
1246 3812 1444 3910 fecitiihnhih'r·

249 3985 256 4017 ¹
276 3983 376 4048 Supply
386 3986 416 4033 ia
426 3992 610 4046 antecessorem,
621 3987 651 4034 Δ.
793 3985 822 4033 of
831 3983 922 4047 sueing
933 3984 978 4034 the
989 3985 1047 4048 plea
1059 3985 1148 4036 makes
1159 3985 1201 4035 his
1210 3987 1259 4037 law
1268 3988 1323 4038 this

247 4051 258 4082 ²
273 4051 317 4098 Br.
335 4049 353 4100 f.
373 4051 429 4098 320.
464 4048 555 4099 Grand
571 4049 655 4099 assim
676 4049 704 4099 in
727 4064 743 4099 a
794 4048 893 4111 acquits
909 4049 954 4099 the
971 4051 1154 4101 ecelesiastiool
1169 4051 1253 4114 iudge,
1268 4069 1323 4102 com

215 4115 312 4165 writes
326 4117 410 4178 entry.
444 4113 500 4163 The
511 4115 561 4177 day
572 4115 595 4163 is
611 4115 685 4177 given
702 4115 743 4164 ior
793 4117 889 4164 concit
906 4117 951 4177 qut
969 4123 1050 4164 uocat
1063 4117 1187 4178 placitum
1202 4133 1258 4166 cum
1273 4134 1323 4168 con

215 4179 260 4231 the
270 4179 380 4230 election
391 4179 420 4229 os
428 4179 595 4242 recognitors.
622 4180 653 4229 A.
792 4182 827 4229 ott
836 4181 1017 4242 retorquatur.
1044 4180 1121 4230 Some
1128 4179 1321 4241 however-hold,

247 4245 258 4277 ³
273 4245 303 4293 Δ.
315 4259 351 4294 m.
362 4246 386 4294 3.
794 4243 1085 4295 butBraotondoesnot
1094 4259 1166 4308 agree
1174 4247 1235 4296 with
1241 4247 1321 4307 them,

247 4309 372 4359 *crottum
379 4311 743 4372 placitumrecutumestmust
794 4308 852 4359 that
869 4309 914 4358 the
935 4309 1012 4372 judge
1028 4309 1061 4372 by
1078 4311 1186 4374 proving
1206 4312 1265 4362 that
1287 4328 1322 4363 no

215 4389 291 4424 mean
313 4373 372 4424 that
394 4389 429 4423 no
450 4375 509 4438 plea
530 4375 553 4424 is
576 4375 652 4437 being
672 4374 742 4426 sued.
793 4374 851 4438 ples
873 4373 1006 4424 hasbeen
1028 4374 1088 4424 held
1105 4376 1166 4426 does
1182 4381 1229 4428 not
1244 4393 1322 4441 prove

215 4439 337 4498 Bracton,
347 4439 590 4500 ruthenensem
600 4439 742 4502 thiopoint.
793 4439 852 4491 that
863 4454 899 4488 no
911 4439 970 4502 plea
980 4439 1029 4492 has
1040 4441 1103 4490 been
1115 4441 1184 4491 sued.

214 4503 271 4555 Itis
280 4503 372 4568 agreed
381 4505 470 4556 thetis
480 4505 524 4554 the
533 4520 627 4568 person
635 4505 743 4556 aooused
