3360 5236
510 427 651 487 nrnrar,
674 425 739 475 an.
764 411 857 486 1233,
880 425 942 476 aa.
968 409 1016 477 17.
1256 411 1318 478 573

211 597 246 662 in
270 595 415 684 soooaglo
440 605 474 662 et
496 619 577 682 ques
602 604 637 661 et
663 603 801 682 quantes
826 617 885 681 per
913 593 1086 660 seminium
1112 595 1260 672 militare,
1286 603 1321 660 et

211 709 324 764 utrum
340 707 424 764 terre
440 722 520 785 quas
534 698 644 764 tenuit
658 698 693 764 in
708 697 852 783 soccagio
864 697 1057 763 fueruntius
1069 697 1171 784 ipsius
1185 697 1322 763 Roberti

211 803 266 868 uel
290 803 450 890 Margerie
478 803 586 869 uxoris
611 825 679 880 sue,
701 811 735 866 et
758 801 1004 888 inquisicionem
1030 802 1142 866 uenire
1166 801 1264 866 faciat
1286 801 1321 866 in

213 908 283 972 Oct
301 907 332 972 S.
349 907 435 971 Trin
451 928 510 993 per
525 906 652 970 litteras
666 913 701 970 et
715 927 774 991 per
793 905 873 998 duos
896 913 955 970 etc.
1001 905 1078 996 Post
1100 906 1194 970 uenit
1216 905 1322 992 inqui-

209 1010 289 1075 sieio
303 1011 339 1075 in
358 1011 428 1076 Oct
445 1019 506 1076 etc.
522 1032 585 1096 que
605 1009 681 1074 telis
703 1017 753 1074 est
776 1008 863 1094 quod
884 1008 1047 1074 Robertus
1068 1010 1155 1074 filius
1169 1010 1323 1076 Wakelin

212 1113 322 1179 tenuit
336 1114 370 1178 in
386 1114 574 1201 Egingtona
587 1111 800 1176 medietatem
815 1111 960 1177 eiusdem
976 1111 1053 1176 uille
1068 1111 1231 1178 reddendo
1246 1113 1322 1178 inde

212 1218 382 1283 annuatim
402 1241 452 1283 xx.
469 1217 523 1282 sol.
544 1239 603 1302 pro
625 1215 775 1280 omnibus
796 1215 894 1280 rebus
915 1224 950 1280 et
971 1216 1116 1282 seruiciis
1137 1217 1323 1283 Alexandro

212 1320 406 1400 Haunselin‚
422 1329 457 1386 et
472 1319 560 1385 idem
575 1318 761 1384 Alexander
774 1318 866 1382 dedit
880 1318 1044 1383 redditum
1060 1319 1188 1384 illorum
1203 1343 1254 1384 xx.
1267 1321 1322 1386 sol.

211 1423 247 1486 in
262 1423 471 1509 maritagium
486 1421 652 1486 Willelmo
671 1419 712 1484 de
734 1420 949 1507 Kudingtona
970 1443 1045 1485 cnm
1068 1421 1234 1487 Lescelina
1255 1422 1323 1488 filia

211 1547 271 1590 sua
300 1546 437 1611 quorum
466 1523 601 1588 heredes
630 1522 813 1608 predictum
838 1521 1003 1587 redditum
1031 1523 1073 1588 ad
1096 1523 1183 1590 hunc
1206 1533 1322 1591 tenent

211 1628 342 1693 nomine
370 1627 543 1714 maritagii.
587 1627 712 1691 Dicunt
735 1625 838 1691 eciam
864 1625 951 1711 quod
972 1626 1137 1712 predictus
1159 1627 1322 1695 Robertus

212 1731 321 1795 tenuit
343 1739 493 1816 quartam
516 1736 643 1814 partem
665 1727 810 1792 eiusdem
834 1727 912 1792 uille
935 1751 993 1814 per
1013 1729 1200 1794 seruioium¹
1216 1740 1255 1796 ut
1269 1731 1321 1797 ius

213 1841 247 1898 et
261 1833 478 1898 hereditatem
494 1831 602 1895 uxoris
617 1853 675 1895 sue
690 1852 754 1916 que
770 1831 833 1895 fuit
848 1831 917 1896 filia
925 1831 1082 1896 Willelmi
1093 1832 1134 1897 de
1146 1832 1322 1900 Grenduna

213 1959 276 2024 que
290 1937 417 2000 nullum
434 1935 535 2000 alium
551 1934 667 1999 habuit
682 1935 835 2000 heredem
850 1935 914 2000 nisi
928 1936 1028 2000 liliam
1043 1936 1142 2014 illam,
1158 1945 1192 2002 et
1206 1946 1321 2004 tenue·
1436 2003 1437 2006 ,

211 2049 290 2106 runt
311 2041 402 2106 illam
424 2048 574 2127 quartam
597 2047 724 2125 partem
744 2040 784 2104 de
803 2039 910 2104 hered’
927 2040 1086 2106 Willelmi
1108 2042 1168 2106 filii
1190 2043 1320 2108 Radulli

212 2141 374 2229 quondam
398 2141 574 2208 senescalli
596 2141 629 2205 N
632 2140 805 2206 ormannie.
852 2142 895 2206 Et
1025 2142 1036 2174 ²
1058 2144 1245 2210 conuictum
1269 2154 1321 2210 est

212 2247 298 2334 quod
322 2246 482 2312 medietas
507 2245 596 2310 illius
625 2245 762 2310 manerii
791 2253 841 2311 est
871 2246 1053 2334 soccagiurn
1079 2257 1114 2314 et
1143 2249 1194 2314 ius
1219 2250 1322 2336 ipsius

211 2352 347 2418 Roberti
362 2359 397 2416 et
411 2373 476 2415 non
491 2349 542 2414 ius
557 2349 666 2414 uxoris
680 2373 747 2426 sue,
764 2349 1012 2416 Consideratum
1029 2359 1079 2416 est
1094 2351 1181 2438 quod
1195 2353 1319 2418 Willel·

212 2480 285 2522 mus
304 2465 473 2542 recuperet
493 2455 644 2520 seisinam
666 2455 707 2520 de
723 2456 870 2520 custodia
890 2457 930 2521 de
946 2457 1090 2545 soccagio
1104 2466 1139 2522 et
1155 2457 1270 2524 Comes
1285 2459 1319 2524 in

211 2561 436 2626 misericordia

110 2675 122 2686 “
152 2718 160 2732 .
275 2666 437 2731 Robertus
459 2665 609 2742 Lefaunt,
639 2663 756 2728 Petrus
778 2665 878 2729 frater
901 2665 971 2730 eius
994 2673 1029 2731 et
1050 2666 1106 2731 alii
1128 2665 1320 2732 summoniti

210 2770 343 2836 fuerunt
357 2769 398 2834 ed
412 2767 672 2855 respondendum
688 2768 833 2834 Gelfrido
848 2769 888 2834 de
904 2769 993 2856 Lucy
1008 2793 1108 2856 quare
1119 2793 1184 2836 non
1195 2770 1320 2837 faciunt

210 2875 316 2940 eidem
326 2874 470 2940 Galhido
482 2873 731 2938 consuetudines
740 2881 775 2938 et
784 2881 873 2939 recta
884 2873 1020 2939 seruicia
1030 2897 1093 2960 que
1104 2883 1320 2940 antecessores

210 2999 321 3042 eorum
336 2977 439 3041 lacere
454 2981 692 3040 consueuerant
706 2975 962 3040 antecessoribus
980 2975 1119 3061 predicti
1134 2975 1270 3042 Galfridi
1285 2985 1319 3042 et

210 3103 272 3166 que
288 3081 392 3145 secere
412 3088 651 3145 consueuerant
671 3080 764 3145 Dom.
780 3079 864 3166 Regi
883 3087 1058 3165 antequam
1079 3080 1259 3145 manerium
1279 3079 1319 3144 de

210 3185 366 3250 Neutona
393 3183 577 3248 deuenisset
606 3183 648 3249 ad
674 3206 790 3248 manus
815 3183 953 3270 predicti
977 3184 1115 3250 Galfridi
1140 3191 1209 3262 etc„
1232 3183 1319 3250 unde

209 3286 296 3352 idem
312 3285 476 3352 Galfridns
490 3285 571 3350 dicit
590 3285 677 3372 quod
698 3285 729 3350 ei
749 3286 852 3350 facere
874 3294 1113 3353 consueuerant
1135 3287 1319 3352 huiusmodi

210 3389 353 3466 semicia,
368 3388 491 3454 scilicet
504 3388 609 3454 solent
624 3387 757 3452 reddere
777 3387 813 3452 in
832 3388 997 3452 communi
1019 3388 1099 3454 duas
1120 3389 1257 3477 gallinas
1278 3390 1318 3456 ad

211 3495 340 3572 Natale,
355 3501 390 3558 et
404 3493 508 3558 facere
523 3491 554 3557 ei
569 3513 668 3556 unam
688 3513 817 3556 aruram
837 3499 914 3557 ante
935 3491 1056 3557 Natale
1077 3500 1112 3557 et
1132 3493 1229 3558 aliam
1246 3501 1320 3579 post

210 3596 340 3674 Natale‚
354 3603 389 3659 et
403 3602 551 3680 preterea
565 3593 596 3657 ei
610 3593 716 3657 solent
735 3592 868 3658 reddere
883 3593 925 3658 ad
940 3593 1064 3659 Pascha
1078 3595 1119 3659 xl.
1135 3617 1198 3659 oua
1212 3603 1321 3680 preter

210 3699 447 3787 quinquaginta
475 3698 622 3762 denarios
651 3719 730 3783 quoe
759 3697 790 3762 ei
819 3698 960 3764 reddunt
989 3699 1126 3786 singulis
1155 3700 1256 3778 annis,
1286 3709 1320 3766 et

210 3813 341 3892 propter
362 3801 584 3868 detentionem
607 3823 704 3887 quam
727 3800 758 3866 ei
784 3801 909 3866 faciunt
935 3801 975 3866 de
1000 3801 1154 3888 predictis
1176 3803 1321 3870 seruiciis

210 3907 423 3972 deterioratus
445 3912 496 3969 est
518 3911 552 3968 et
574 3903 753 3989 dampnum
775 3902 875 3968 habet
896 3903 939 3970 ad
960 3905 1142 3969 ualenciem
1164 3929 1188 3971 c.
1205 3907 1270 3984 sol„
1284 3915 1320 3972 et

210 4009 285 4075 inde
309 4008 460 4096 producit
483 4015 615 4083 sectam,
640 4016 675 4072 et
700 4006 781 4073 dicit
807 4008 892 4095 quod
918 4008 959 4074 de
988 4008 1138 4074 omnibus
1167 4009 1320 4095 predictis

211 4113 354 4180 seruioiis
368 4111 432 4177 fuit
447 4111 516 4197 ipse
532 4111 567 4176 in
582 4109 707 4176 saisina

274 4219 320 4282 Et
335 4216 498 4282 Robertus
513 4223 548 4280 et
562 4214 619 4280 alii
633 4213 772 4279 ueniunt
787 4223 822 4279 et
837 4213 1017 4279 defendunt
1031 4213 1101 4278 uim
1117 4220 1151 4278 et
1167 4213 1318 4280 iniuriam

211 4330 245 4386 et
259 4321 372 4388 dicunt
387 4319 475 4407 quod
489 4321 617 4386 nullum
632 4318 805 4402 seruicium
821 4319 851 4384 ei
866 4318 988 4384 debent
1007 4340 1067 4383 nec
1087 4317 1211 4404 aliquid
1225 4317 1265 4383 de
1281 4341 1319 4384 eo

339 4453 349 4485 ¹
368 4451 468 4516 supply
478 4452 598 4503 militare.
738 4449 874 4513 ’Aspaoe
885 4447 908 4498 is
918 4447 972 4500 lelt.
1009 4447 1107 4510 supply
1118 4450 1189 4510 quia.
