3196 5226
364 403 427 463 114
674 413 814 472 11111111,
836 411 900 460 sn.
926 397 1103 472 1111111.
1129 398 1156 458 6.

362 609 529 674 nunquam
551 586 626 651 inde
650 585 802 650 saisinam
828 585 945 649 habuit
971 592 1010 648 ut
1034 583 1200 648 delibero
1224 583 1413 648 tenemento
1437 591 1473 646 et

362 691 438 756 inde
453 691 545 776 ponit
560 713 594 754 se
609 713 706 775 super
721 689 861 753 iuratam
877 697 910 752 et
926 689 1084 753 Ricardus
1098 688 1256 752 similiter.
1278 689 1283 774 Ι

239 803 270 852 1²⁰
279 802 310 853 a]
427 797 505 861 Post
533 795 626 860 uenit
655 795 813 859 Ricardus
843 803 877 858 et
906 793 1059 879 cognouit
1089 791 1175 878 quod
1204 792 1374 856 iusticiarii
1403 813 1473 855 non

362 909 524 965 uenenmt
546 901 580 964 in
604 908 712 986 partes
738 899 810 963 illas
836 905 909 984 post
939 898 1037 962 breue
1068 919 1151 961 noue
1181 897 1347 960 disseisine
1378 896 1473 980 inpe-

200 1015 321 1102 soqquor
362 1013 485 1068 tratum
508 1012 542 1068 et
565 1003 651 1089 quod
673 1002 776 1066 nescit
805 1001 833 1065 si
862 1000 1041 1064 uicecomes
1070 999 1151 1063 illud
1181 999 1300 1063 habeat
1329 1021 1389 1062 nec
1419 1021 1472 1062 ne.

200 1075 350 1206 {ffiffiffi
363 1107 406 1171 Et
435 1107 508 1171 ideo
530 1114 696 1192 exspectet
722 1104 902 1168 aduentum
928 1102 1178 1166 iustician'onrm
1201 1103 1235 1165 in
1261 1111 1370 1187 partes
1396 1101 1473 1165 illas

200 1203 322 1290 fflffffl
362 1233 531 1297 quousque
553 1232 612 1295 per
633 1209 790 1273 iudicium
813 1207 900 1272 curie
922 1207 1088 1271 recesserit
1110 1206 1151 1270 de
1173 1206 1275 1284 breui,
1299 1215 1333 1270 et
1354 1206 1472 1270 Abbas

200 1307 350 1486 1111111111,
362 1314 579 1476 smelliillreus
599 1411 729 1497 Longus
752 1417 786 1473 et
809 1408 984 1494 Gregorius
1006 1407 1093 1472 filius
1108 1407 1256 1472 Albrichi
1278 1409 1473 1494 optulerunt

200 1483 304 1613 t¹¹¹¹¹1l32
361 1537 395 1579 se
408 1523 522 1600 quarto
537 1513 589 1578 die
605 1535 717 1577 uersus
729 1511 908 1576 Henricum
922 1511 1134 1596 Capellanum
1150 1510 1191 1574 de
1207 1511 1276 1596 Rye
1292 1511 1333 1574 de
1348 1511 1472 1596 placito

235 1599 317 1688 sati.
362 1642 460 1706 quare
490 1627 621 1683 secutus
649 1627 699 1680 est
728 1617 885 1702 placitum
915 1615 950 1679 in
979 1615 1069 1678 curia
1098 1623 1158 1679 etc.
1192 1614 1233 1678 de
1265 1615 1345 1678 laico
1374 1615 1471 1678 feodo

361 1724 504 1808 ipsorum
541 1722 667 1786 Mathei
704 1730 738 1785 et
769 1720 916 1806 Gregorii
953 1721 987 1784 in
1018 1721 1066 1784 La
1095 1720 1165 1806 Rye
1203 1729 1315 1784 contra
1343 1729 1402 1784 etc
1435 1728 1471 1783 ct
1525 1775 1530 1782 .

362 1825 524 1889 Henricus
560 1846 625 1886 non
661 1821 754 1886 uenit
791 1830 850 1885 etc.
881 1829 916 1885 et
947 1821 1146 1885 attachiatus
1175 1822 1238 1886 fuit
1274 1822 1374 1885 semel
1411 1845 1473 1907 per

362 1927 563 1990 Willelmum
593 1923 788 1990 Duncharde
826 1932 860 1986 et
889 1923 1047 1986 Thomam
1084 1923 1219 1986 Ruffum
1256 1933 1290 1986 ct
1330 1923 1404 1988 ideo
1435 1923 1470 1986 in

362 2027 578 2092 misericordia
600 2035 633 2091 et
655 2035 813 2090 testatum
840 2025 917 2090 est⁸.
962 2026 1006 2089 Et
1031 2025 1151 2089 iterum
1180 2035 1371 2111 preceptum
1403 2027 1470 2090 fuit

363 2131 546 2196 uicecomiti
569 2131 654 2217 quod
676 2139 810 2216 poneret
831 2153 906 2194 eum
930 2153 988 2215 per
1009 2130 1157 2194 meliores
1179 2131 1302 2216 plegios
1324 2140 1359 2193 et
1381 2131 1470 2194 uice-

363 2257 468 2299 comes
483 2234 652 2298 mandauit
667 2233 753 2320 quod
768 2233 874 2297 noluit
894 2234 1002 2318 plures
1022 2233 1146 2318 plegios
1166 2233 1313 2298 inuenire
1332 2243 1366 2297 et
1381 2235 1471 2319 quod

222 2357 254 2432 ⁰m
279 2358 304 2424 ¹¹¹
363 2337 462 2402 habet
482 2339 600 2402 laicum
617 2337 746 2401 feodum
770 2345 829 2402 etc.
853 2345 887 2400 et
905 2337 977 2401 ideo
1000 2347 1189 2423 preceptum
1210 2346 1260 2402 est
1283 2337 1471 2402 uicccomiti

199 2451 247 2526 ἕξω
291 2451 340 2524 ’Ἢ
363 2441 448 2526 quod
463 2440 637 2526 distringat
655 2462 731 2503 eum
751 2461 809 2524 per
824 2447 944 2503 terram
959 2462 1051 2503 suam
1067 2451 1101 2504 et
1116 2463 1175 2525 par
1194 2441 1312 2505 catalla
1331 2441 1471 2506 inuenta

217 2544 295 2620 „ml
319 2543 338 2572 θ’
362 2544 397 2608 in
412 2544 492 2608 laico
507 2544 599 2607 feodo
614 2543 700 2629 quod
715 2543 758 2606 sit
773 2543 807 2606 in
823 2543 961 2607 crastino
977 2543 1183 2608 Ascensionis
1197 2545 1331 2608 Domini
1347 2553 1408 2608 etc.

307 2711 314 2725 ,
428 2649 527 2734 Hugo
542 2647 627 2711 filius
642 2647 799 2712 Willelmi
814 2648 935 2733 optulit
949 2671 983 2712 se
1002 2658 1117 2734 quarto
1137 2649 1190 2713 die
1211 2673 1323 2714 uersus
1346 2650 1470 2714 Nicho-

362 2753 451 2817 laum
475 2753 514 2816 de
539 2751 740 2816 Bullrintona
768 2751 809 2815 de
833 2752 952 2838 placito
982 2763 1122 2838 quatuor
1150 2753 1352 2840 uirgatarum
1382 2765 1470 2820 terre

362 2879 436 2920 cum
458 2855 665 2941 pertinenciis
687 2855 721 2918 in
744 2855 947 2919 Newentona
970 2877 1050 2941 quas
1073 2857 1229 2921 clamauit
1253 2879 1366 2922 uersus
1391 2881 1469 2922 eum

362 2969 401 3023 ut
418 2959 469 3024 ius
491 2983 595 3036 suum,
611 2968 645 3024 et
667 2967 706 3022 ut
728 2959 799 3022 illas
815 2981 894 3045 quas
916 2983 981 3023 non
1004 2960 1120 3024 habuit
1141 2961 1205 3025 uisi
1226 2961 1267 3025 ad
1290 2962 1470 3028 terminum

362 3073 397 3128 et
421 3064 598 3128 Nicholaus
627 3086 691 3127 non
721 3063 814 3128 uenit
843 3073 901 3128 etc.
926 3073 960 3128 et
990 3072 1077 3128 terra
1106 3075 1202 3152 capta
1230 3067 1294 3130 fuit
1316 3075 1379 3158 ¹etc.
1410 3091 1470 3153 pro

361 3167 491 3231 defectu
505 3189 563 3230 suo
578 3167 665 3251 apud
681 3165 883 3231 Couintriam
899 3189 1005 3230 coram
1021 3167 1206 3232 iusticiariis
1221 3169 1337 3232 ultimo
1355 3169 1469 3234 itiner-

361 3270 493 3334 antibus
515 3279 575 3333 etc.
598 3269 723 3354 etipse
746 3270 997 3334 resummonitus
1018 3271 1082 3334 fuit
1104 3279 1138 3334 et
1159 3293 1223 3335 non
1244 3272 1335 3336 uenit
1351 3281 1412 3338 etc.
1434 3283 1469 3337 et

361 3395 458 3458 super
486 3373 546 3436 hoc
575 3372 668 3436 uenit
694 3372 834 3436 Isabella
862 3394 943 3436 uxor
972 3373 1109 3458 predicti
1136 3374 1287 3438 Nioholai
1317 3383 1352 3439 et
1382 3375 1469 3440 dixit

361 3479 447 3565 quod
471 3479 502 3541 N
506 3478 648 3542 icholaus
670 3477 722 3541 uir
746 3500 824 3541 suus
850 3478 931 3542 obiit
957 3479 991 3542 in
1018 3479 1143 3543 Kantia
1166 3487 1216 3543 set
1243 3479 1366 3543 nullam
1389 3480 1469 3544 inde

360 3581 513 3668 produxit
541 3589 662 3644 sectam
692 3603 750 3646 nec
775 3581 874 3666 Hugo
900 3590 1022 3645 sectam
1044 3582 1161 3646 habuit
1183 3583 1271 3668 quod
1293 3583 1391 3647 uiuus
1414 3584 1468 3661 sit,

360 3686 446 3750 unde
462 3685 531 3749 dies
545 3684 641 3748 datus
656 3684 719 3748 fuit
739 3684 785 3748 eis
806 3685 894 3770 apud
909 3685 1234 3750 westmonasterium
1256 3695 1316 3752 etc.
1332 3695 1367 3751 et
1387 3695 1468 3752 tunc

359 3791 452 3855 uenit
474 3789 619 3876 predicta
640 3789 780 3854 isabella
801 3798 835 3853 et
857 3790 941 3854 dixit
963 3791 1049 3876 quod
1073 3791 1154 3856 obiit
1178 3792 1265 3878 apud
1288 3792 1468 3878 Hastinges

358 3895 407 3960 ita
426 3895 512 3980 quod
534 3893 724 3958 mandatum
747 3895 810 3958 fuit
825 3895 955 3960 balliuis
975 3895 1015 3959 de
1031 3896 1209 3982 Hastinges
1225 3896 1310 3983 quod
1326 3897 1465 3984 diligen·
1573 3913 1574 3928 ³

198 4010 347 4097 ggqxffim
360 4009 428 4064 tem
457 4000 532 4064 inde
555 4000 697 4063 lacerent
726 3999 970 4085 inquisicionem
1000 4009 1034 4064 et
1063 4000 1126 4086 ipsi
1147 4001 1387 4065 mandauerunt
1408 4025 1468 4087 per

198 4105 330 4154 9¹⁰b⁸¹¹l¹¹¹¹²
361 4104 471 4167 literas
493 4124 566 4166 suas
588 4109 738 4188 patentes
762 4101 847 4188 quod
870 4125 935 4167 non
958 4103 1039 4167 obiit
1064 4103 1099 4167 in
1125 4103 1206 4168 uilla
1227 4126 1287 4168 sua
1316 4113 1350 4169 et
1380 4105 1467 4190 quod
1572 4171 1573 4188 2

198 4155 287 4191 mortem
296 4151 336 4190 ulrl

197 4197 339 4284 attila
458 4217 460 4222 ’

197 4295 315 4377 Qffiff
391 4293 461 4342 ¹Br.
474 4295 491 4344 s·
506 4295 561 4344 104·
608 4359 615 4372 ι
642 4359 649 4371 1
676 4359 682 4372 .
851 4361 857 4374 Ι
969 4295 1047 4344 ’For
1055 4309 1143 4344 meane
1151 4309 1253 4358 process
1262 4294 1465 4360 inprohibition,

197 4385 247 4424 m„
255 4385 322 4424 datus
391 4357 402 4389 ¹
418 4368 442 4408 et
454 4361 508 4409 test’
520 4368 563 4418 est,
576 4359 629 4410 thre
640 4375 664 4408 rs
674 4375 702 4410 111
718 4359 762 4410 the
776 4375 885 4424 margin.
937 4377 978 4410 see
990 4361 1033 4410 Br.
1046 4363 1094 4412 409
1107 4361 1130 4410 b.

360 4423 457 4485 Quaere
469 4426 503 4474 its
511 4439 603 4489 proper
611 4425 690 4488 place.
