3196 5226
431 463 573 527 1111111,
596 463 660 513 an.
686 451 780 528 1222,
801 466 866 518 aa.
890 455 918 518 6.
1162 453 1223 516 121

140 632 221 720 quod
244 655 300 697 non
318 640 451 719 possunt
471 632 635 719 inquirere
658 633 744 718 quod
765 633 853 699 idem
876 634 1060 700 Willelmus
1082 655 1226 719 unquam

137 745 206 823 pest
230 736 340 800 donum
364 735 448 800 illud
472 737 660 822 loqueretur
680 737 729 801 ita
750 737 836 824 quod
858 738 999 825 intelligi
1021 745 1137 824 posset.
1182 737 1227 802 Et

140 841 210 926 quia
237 841 311 904 obiit
337 839 371 904 in
394 839 490 904 domo
514 848 552 906 et
574 841 687 906 Abbas
712 842 836 906 nullam
865 842 1017 906 saisinam
1046 840 1163 906 habuit
1191 841 1227 906 in

138 947 203 1010 uita
217 945 373 1022 Willelmi,

196 1049 433 1114 consideratum
463 1057 513 1113 est
542 1048 628 1134 quod
652 1049 676 1114 J
678 1048 821 1113 ohannes
846 1049 1052 1135 recuperauit
1075 1048 1226 1114 seisinam

137 1177 218 1218 suam
233 1163 267 1218 et
280 1154 388 1218 Abbas
402 1155 438 1218 in
453 1153 676 1218 misericordia
693 1153 824 1240 perdon'
839 1177 897 1240 per
910 1163 1100 1241 preceptum
1120 1154 1225 1219 iustie'

139 1267 167 1321 et
199 1257 291 1322 faciat
325 1258 522 1323 escambium
555 1259 700 1344 predicto
730 1257 873 1322 Henrico
902 1266 962 1323 etc
993 1267 1028 1322 et
1064 1258 1227 1323 Henrieus

139 1362 249 1426 l’bome
265 1361 407 1426 filiosuo.

55 1475 102 1536 145.
192 1465 306 1530 Balliui
334 1465 480 1530 ciuitatis
503 1465 669 1530 Lincolnie
695 1465 850 1530 sumoniti
874 1464 1072 1530 1161111611
1097 1487 1226 1551 respon-

137 1567 265 1632 dendum
293 1567 513 1654 Burgensibus
536 1567 577 1632 de
603 1567 777 1632 Beuerlaco
807 1591 906 1653 quare
936 1590 1001 1632 non
1029 1567 1227 1653 permittunt

138 1695 182 1736 eos
202 1671 315 1736 habere
337 1672 506 1735 libertates
528 1693 604 1736 suas
629 1694 709 1757 quas
731 1672 854 1736 habent
878 1693 936 1756 per
959 1679 1081 1734 cartam
1103 1669 1228 1736 domini

136 1774 163 1840 J.
183 1774 277 1860 Regis
302 1775 421 1860 quibus
450 1774 656 1838 libertatibus
685 1775 852 1860 hucusque
876 1773 927 1838 usi
956 1781 1033 1838 sunt
1056 1781 1116 1838 616.
1138 1773 1227 1838 unde

137 1877 189 1962 ipsi
219 1878 394 1963 burgenses
423 1876 537 1941 dicunt
566 1877 652 1963 quod
681 1877 766 1942 sicut
795 1885 956 1941 uenerunt
993 1899 1051 1962 per
1086 1877 1227 1942 mediam

137 1981 235 2046 uillam
270 1981 310 2046 de
346 1981 516 2046 Lineolnia
550 2004 664 2046 uersus
699 1981 861 2046 nundinas
892 1981 933 2046 de
969 1981 1088 2046 Sancto
1124 1981 1227 2046 Iuone

136 2083 187 2168 ipsi
219 2084 331 2148 balliui
361 2092 518 2170 ceperunt
546 2083 658 2149 uadia¹
688 2107 748 2148 sua
783 2091 818 2148 et
847 2107 969 2170 pannos
1006 2106 1079 2148 suos
1116 2091 1228 2148 contra

136 2188 304 2252 libertatem
342 2211 436 2252 suam
465 2195 500 2252 et
537 2187 624 2273 quod
652 2187 842 2253 deteriorati
870 2195 948 2251 sunt
977 2195 1012 2250 et
1048 2187 1227 2272 dampnum

136 2287 241 2352 habent
255 2287 297 2352 ad
313 2286 496 2350 ualenciam
511 2286 550 2350 lm
567 2308 758 2362 marearum,
768 2293 802 2348 61
817 2285 892 2350 inde
908 2285 1091 2370 producunt
1106 2292 1227 2348 sectam

137 2399 185 2456 etc.
208 2401 239 2456 61
266 2391 452 2477 proferunt’
481 2399 540 2454 616.
570 2413 633 2476 que
663 2397 805 2454 testatur
834 2389 920 2475 quod
949 2390 1018 2475 ipse
1049 2387 1140 2452 dedit
1166 2397 1227 2454 616.

136 2491 184 2555 deo
197 2502 228 2556 61
247 2493 352 2556 Beato
372 2491 516 2556 Johanni
531 2492 571 2556 de
591 2492 767 2556 Beuerlaco
782 2501 816 2556 61
837 2492 1037 2556 hominibus⁸
1052 2491 1139 2578 quod
1161 2491 1227 2556 sint

137 2597 215 2661 liberi
241 2605 275 2662 61
313 2596 422 2682 quieti
450 2596 491 2661 de
521 2597 680 2673 1116111161,
709 2597 873 2682 pontagi0‚
902 2595 1058 2681 passagio,
1087 2595 1227 2682 pesagio‚

137 2700 262 2787 lastigie
286 2701 449 2787 stallagio,
474 2709 509 2765 61
532 2701 573 2766 de
599 2701 705 2766 wreck
731 2709 765 2766 et
793 2701 835 2765 de
864 2701 1014 2766 omnibus
1042 2701 1229 2767 huiusmodi

137 2805 410 2870 consuetudinibus
432 2827 495 2890 que
521 2805 563 2870 ad
585 2805 692 2890 ipsum
715 2804 883 2869 dominum
905 2805 1030 2891 Regem
1052 2805 1228 2890 pertinent,

138 2931 184 2992 per
209 2917 312 2974 tetam
351 2918 472 2973 terram
509 2931 601 2972 suam
630 2909 729 2972 saluis
759 2908 966 2972 libertatibus
996 2908 1137 2972 London'
1167 2917 1228 2975 616.

138 3011 208 3076 unde
227 3013 342 3078 dicunt
366 3012 453 3098 quod
475 3035 532 3098 per
554 3021 676 3076 cartem
698 3012 788 3075 illam
811 3011 996 3075 habuerunt
1019 3011 1080 3097 ipsi
1103 3035 1229 3098 semper

137 3114 336 3198 quietanciam
360 3116 400 3180 de
423 3114 576 3201 predictis
598 3113 887 3179 consuetudinibus
910 3137 1013 3200 usque
1033 3115 1075 3179 ad
1095 3116 1228 3182 ultimas

137 3217 278 3283 nundinas
292 3219 337 3282 de
354 3219 388 3283 S.
403 3218 515 3282 Iuone.

188 3320 227 3384 Et
246 3321 353 3386 maior
382 3320 547 3384 Lincolnie
574 3328 608 3384 et
632 3320 794 3384 Robertus
817 3319 904 3385 filius
928 3320 1089 3386 Eudonis⁴
1113 3322 1227 3387 balliui
1240 3339 1372 3426 mm

138 3421 281 3489 Lincolnie
313 3424 457 3490 ueniunt
479 3433 512 3488 et
538 3424 718 3488 defendunt
744 3424 813 3488 uim
836 3433 870 3488 et
892 3423 1045 3489 iniuriam
1071 3433 1121 3490 set
1144 3425 1227 3492 bene
1240 3433 1323 3473 auum

137 3537 313 3612 cognoscunt
335 3528 425 3614 quod
444 3537 600 3613 ceperunt
621 3529 811 3592 tholoneum
832 3528 916 3592 infra
935 3529 1048 3594 uillam
1071 3553 1163 3594 suam
1185 3532 1228 3596 ab

137 3627 175 3692 eis
196 3639 226 3694 et
254 3631 314 3696 hoe
339 3631 426 3695 bene
450 3631 554 3694 facere
577 3639 764 3715 potuerunt,
789 3631 867 3716 quia
891 3631 955 3717 ipsi
977 3632 1100 3697 habent
1124 3641 1228 3699 cartas

137 3727 221 3816 Regis
248 3733 290 3797 H.
322 3732 381 3797 aui
419 3732 542 3796 domini
579 3733 679 3818 Regis
708 3741 742 3797 et
771 3733 872 3820 Regis
901 3734 940 3802 R
969 3757 1028 3820 per
1057 3759 1137 3821 quas
1165 3737 1228 3823 ipsi

137 3853 213 3916 reges
239 3843 467 3900 concesserunt
493 3834 539 3898 eis
564 3857 676 3900 omnes
701 3836 869 3901 libertates
898 3845 933 3902 61
956 3837 1073 3902 liberas
1096 3862 1227 3905 consue·

138 3935 249 4002 tudines
277 3961 361 4025 quas
397 3937 460 4024 ipsi
496 3937 680 4002 habuerunt
717 3939 758 4003 116
794 3941 1048 4006 antecessoribus
1084 3942 1226 4028 ipsorum

137 4060 241 4126 regum,
263 4044 396 4118 seilicet,
419 4043 520 4128 Regis
542 4043 692 4107 Edwardi
715 4051 749 4108 et
772 4044 872 4130 Regis
894 4044 1049 4110 Willelmi
1071 4056 1105 4111 61
1128 4048 1227 4134 Regis

138 4139 172 4206 ll
197 4144 248 4208 aui
269 4169 328 4230 per
353 4153 459 4210 totam
481 4153 601 4209 terram
623 4145 742 4232 Anglie
765 4155 800 4210 et
822 4169 933 4212 omnes
956 4148 1123 4214 libertates
1148 4174 1228 4237 quas

163 4273 171 4304 ¹
184 4277 277 4328 11111111.
699 4282 780 4329 tueen
792 4281 821 4330 de
833 4279 886 4330 and
896 4283 1041 4334 Beuerlaeo.

162 4338 351 4392 ’1611116111
359 4343 431 4393 John
443 4343 649 4408 11116112711111
731 4345 1226 4400 41111116111161111161111111161111111-

138 4403 264 4460 1200,Β1)1.
276 4409 345 4460 Cart.
359 4411 393 4459 53
403 4409 430 4458 b.
698 4409 751 4473 ing.

163 4467 207 4520 'et
223 4473 357 4525 horninibus
376 4473 399 4524 is
415 4473 588 4538 interpolated
605 4474 646 4525 be·
