3360 5236
350 415 414 478 508
560 427 881 488 tricaricensem.
908 414 1001 490 1231,
1024 430 1087 480 su
1113 418 1248 481 15-16.

349 603 379 668 ei
403 602 443 667 de
467 601 625 688 dampnis,
649 609 684 666 et
710 601 801 666 Prior
825 601 870 666 sit
895 602 1027 688 quietus
1053 603 1093 668 de
1120 605 1266 691 predicto
1293 605 1458 670 forinseco.

349 705 579 772 Remittuntur
592 704 735 790 dampna
749 713 809 772 etc

414 809 459 872 Et
473 807 546 872 ideo
561 814 751 893 preceptum
766 815 817 872 est
832 808 1017 874 uiceoomiti
1031 809 1117 896 quod
1129 809 1169 875 de
1181 811 1276 876 terris
1287 821 1321 876 et
1332 809 1460 876 catallis

349 911 451 998 ipsius
480 910 578 976 faciat
606 909 754 976 denarios
783 918 817 974 et
846 910 896 975 illi
925 911 1028 977 Priori
1057 913 1204 980 denarios
1237 915 1309 980 illos
1338 915 1459 979 habere

349 1015 454 1080 faciat.

415 1117 604 1184 Mermaduc
618 1117 659 1184 de
674 1117 827 1204 Tweinge
842 1118 940 1204 petiit
951 1142 1057 1208 coram
1073 1121 1260 1186 iustician'is
1274 1121 1458 1186 itineranti-

349 1225 411 1290 bus
432 1223 519 1310 apud
542 1222 742 1289 Lincolniam
764 1245 876 1288 uersus
895 1223 1072 1290 Radulfum
1087 1225 1129 1291 de
1145 1226 1373 1291 Normanuilla
1386 1248 1460 1290 cus·

351 1328 473 1394 todiam
495 1327 654 1392 Willelmi
679 1327 740 1391 filii
762 1336 796 1392 et
819 1328 947 1393 heredis
968 1329 1127 1394 Willelmi
1148 1329 1189 1394 de
1212 1330 1307 1395 Lund
1330 1352 1392 1416 que
1416 1329 1460 1394 ad

350 1456 425 1498 eum
440 1431 583 1520 pertinet
597 1431 723 1496 racione
739 1441 824 1496 terre
844 1455 942 1518 quam
963 1434 1127 1519 predictus
1142 1435 1327 1499 Willelmus
1349 1433 1459 1499 tenuit

348 1537 389 1602 de
404 1535 517 1601 eodem
533 1535 741 1600 Marmaduco
759 1535 794 1600 in
814 1535 910 1600 Lund
930 1558 989 1622 per
1010 1536 1184 1602 seruicium
1206 1537 1356 1614 militare,
1370 1537 1458 1602 unde

348 1639 563 1704 deterioratus
577 1639 641 1704 fuit
656 1649 718 1706 etc.

415 1743 459 1808 Et
479 1743 639 1808 Radulfus
659 1744 753 1808 uenit
773 1752 807 1808 et
825 1744 909 1808 dixit
925 1744 1012 1830 quod
1027 1745 1175 1810 custodia
1196 1745 1238 1810 ad
1260 1768 1336 1810 eum
1358 1746 1460 1832 perti-

349 1845 423 1910 nuit
435 1867 473 1909 eo
484 1846 571 1931 quod
586 1854 801 1910 antecessores
812 1845 951 1931 predicti
960 1847 1118 1912 Willelmi
1132 1848 1265 1912 fuerunt
1280 1847 1402 1912 feoffati
1417 1848 1459 1912 de

349 1947 604 2016 antecessoribus
615 1949 717 2034 ipsius
728 1949 859 2012 Radulfi
870 1971 929 2034 per
939 1949 1112 2014 seruicium
1127 1950 1268 2014 militare
1283 1959 1460 2036 antequam

349 2062 565 2120 antecessores
580 2053 682 2138 ipsius
691 2052 849 2116 Willelmi
864 2053 988 2118 feoffati
1000 2053 1137 2118 fuissent
1148 2055 1189 2118 de
1204 2054 1461 2119 antecessoribus

349 2159 452 2245 ipsius
467 2156 667 2222 Marmaduci
682 2165 716 2220 et
731 2156 807 2222 inde
822 2157 931 2242 posuit
946 2178 980 2222 se
996 2181 1093 2244 super
1112 2159 1253 2244 patriam
1268 2166 1303 2222 et
1319 2157 1459 2222 Marma·

339 2247 414 2330 „duc
428 2262 586 2328 similiter.
632 2261 675 2325 Et
695 2261 738 2326 ad
757 2261 845 2326 diem
868 2261 969 2326 istum
991 2262 1085 2326 uenit
1106 2262 1277 2348 inquisicio
1299 2284 1362 2348 que
1385 2261 1462 2326 talis

351 2375 402 2432 est
417 2366 503 2452 quod
518 2365 702 2430 Willelmus
717 2365 758 2430 de
773 2365 869 2430 Lund
884 2373 1004 2430 terram
1025 2389 1118 2430 suam
1133 2367 1243 2431 tenuit
1258 2367 1293 2431 in
1307 2367 1404 2432 Lund
1418 2369 1461 2432 de

351 2468 496 2555 predicto
516 2468 724 2534 Marmadueo
745 2491 803 2555 per
817 2469 991 2534 seruicium
1006 2469 1149 2533 militare
1164 2477 1199 2533 et
1214 2469 1301 2556 quod
1315 2479 1461 2536 anteces-

351 2595 437 2636 sores
459 2572 561 2658 ipsius
575 2572 733 2637 Willelmi
756 2573 879 2638 feoffati
899 2573 1032 2637 fuerunt
1046 2570 1136 2656 prius
1151 2569 1191 2636 de
1206 2573 1462 2638 antecessoribus

352 2675 554 2740 Marmaduei
573 2697 672 2761 quam
693 2675 733 2740 de
749 2676 1005 2741 antecessoribus
1020 2674 1159 2760 predicti
1174 2674 1305 2740 Radulfi
1320 2677 1361 2741 de
1377 2675 1462 2740 Nor·

351 2779 515 2845 manuilla
561 2780 605 2844 E't
620 2779 697 2866 quia
716 2780 812 2844 ambo
832 2785 1010 2864 posuerunt
1032 2800 1066 2842 se
1088 2801 1186 2864 super
1207 2779 1463 2864 inquisicionem,

352 2881 600 2948 consideratum
629 2891 679 2947 est
709 2883 796 2968 quod
826 2882 1054 2947 Marmaducus
1080 2884 1285 2967 recuperauit
1310 2885 1462 2950 seisinam

268 2995 273 3006 '
352 3010 444 3052 suam
467 2988 507 3052 de
530 2987 677 3052 custodia
698 2987 844 3052 eiusdem
866 2984 1014 3051 heredis¹
1036 2994 1071 3050 et
1095 2986 1256 3052 Radulsus
1279 2987 1315 3051 in
1338 2989 1464 3052 miseri·

352 3091 460 3156 cordia
486 3092 563 3178 quia
585 3114 650 3156 non
673 3091 790 3156 habuit
814 3090 967 3155 heredem
993 3090 1079 3155 sieut
1104 3113 1180 3156 eum
1206 3093 1402 3179 manucepit,
1428 3103 1464 3157 et

353 3195 530 3259 satisfaciat
561 3194 770 3259 Marmaduco
796 3193 837 3259 de
863 3217 891 3258 x.
916 3192 1032 3257 mareis
1058 3201 1093 3258 et
1119 3202 1305 3259 attornatus
1331 3195 1463 3260 Radulfi

352 3299 555 3364 custodiatur
568 3298 669 3363 donec
684 3297 876 3362 satisfecerit
891 3305 952 3362 eto.
968 3305 1003 3361 et
1017 3296 1120 3362 donec
1139 3297 1260 3362 habeat
1280 3297 1463 3383 predictum

353 3403 506 3469 heredem
521 3411 581 3468 etc.

418 3506 578 3571 Radulfus
593 3507 778 3592 capellanus
793 3505 834 3570 de
850 3505 1017 3593 Burgham
1037 3504 1124 3590 petit
1146 3525 1260 3569 uersus
1282 3505 1463 3569 Robertum

353 3611 394 3676 de
416 3612 449 3676 la
468 3611 565 3675 Wike
587 3609 664 3676 dim.
686 3609 797 3674 hidem
820 3618 905 3674 terre
927 3633 1002 3674 cum
1024 3617 1105 3694 pert.
1127 3609 1162 3673 in
1185 3609 1324 3673 Hakene
1348 3617 1387 3672 ut
1410 3608 1463 3673 ius

354 3739 448 3780 suum
473 3715 560 3779 unde
586 3715 719 3801 quidam
751 3715 892 3802 Algams
922 3723 1105 3779 antecessor
1134 3736 1212 3778 suus
1242 3713 1306 3778 fuit
1335 3713 1465 3778 seisitus

276 3876 282 3888 .
354 3818 389 3883 in
411 3817 595 3906 dominico}
615 3841 673 3882 suo
695 3825 734 3882 ut
755 3817 797 3882 de
819 3817 912 3882 feodo
934 3825 969 3882 et
988 3817 1059 3881 iure
1074 3826 1219 3902 tempore
1235 3817 1277 3881 H.
1295 3817 1394 3904 Regis
1408 3817 1465 3882 aui

355 3931 414 3988 eto.
431 3920 586 4007 capiendo
601 3929 672 3998 etc,
687 3929 722 3985 et
742 3920 782 3985 de
804 3920 950 4005 predicto
972 3921 1093 4007 Algaro
1115 3919 1283 3984 descendit
1305 3919 1357 3983 ius
1378 3929 1463 3984 terre

355 4025 443 4090 iliius
477 4023 605 4089 cuidam
636 4023 776 4089 Estrilde
806 4031 846 4088 ut
875 4023 941 4088 filie
971 4031 1006 4088 et
1035 4023 1155 4100 heredi,
1185 4031 1219 4087 et
1248 4021 1289 4086 de
1319 4023 1465 4108 predicta

356 4127 498 4192 Estrilda
523 4127 579 4191 isti
606 4127 745 4191 Radulfo
771 4135 810 4192 ut
836 4127 903 4190 filio
929 4135 964 4191 et
987 4126 1107 4204 heredi,
1131 4134 1166 4190 et
1189 4126 1276 4212 quod
1299 4126 1464 4211 predictus

355 4231 496 4318 Algarus
511 4230 559 4294 ita
573 4229 637 4294 fuit
652 4229 782 4294 seisitus
796 4238 831 4294 et
846 4229 933 4316 quod
948 4229 1013 4294 tale
1028 4229 1072 4294 sit
1086 4229 1138 4294 ius
1152 4251 1248 4293 suum
1264 4228 1358 4294 offert
1373 4237 1432 4294 etc

389 4385 397 4416 ¹
417 4384 463 4433 See
485 4385 529 4432 Br.
553 4384 571 4432 t.
594 4387 634 4442 87,
653 4389 726 4433 asto
743 4382 872 4446 wardship
888 4383 962 4433 when
981 4382 1052 4432 there
1070 4397 1112 4432 are
1134 4381 1210 4432 landa
1232 4380 1292 4430 held
1315 4381 1344 4430 os
1365 4381 1464 4430 several

356 4448 434 4500 lords.
465 4448 528 4498 This
540 4464 598 4498 case
610 4450 631 4497 is
643 4449 710 4497 rin.
725 4450 816 4506 Gardc,
830 4450 885 4497 144.
