3314 5238
374 439 438 502 408
677 451 815 514 unsrun,
837 450 901 501 nn.
927 437 1020 513 1231,
1043 451 1106 502 nu.
1133 440 1181 501 15.

373 627 575 696 athnchinret
600 635 635 694 et
660 627 729 714 ipse
755 625 855 692 nichil
881 625 957 692 inde
988 625 1073 692 lecit.
1119 626 1163 692 Ει
1191 625 1264 692 ideo
1290 635 1482 713 preceptum

374 740 424 798 est
453 729 637 796 uicecomiti
665 729 752 816 quod
782 752 847 793 non
873 727 1007 794 omittet
1031 737 1164 815 propter
1188 729 1374 795 libertatem
1401 731 1483 817 quin

374 835 541 901 etheehiet
555 857 631 900 eum
647 832 733 920 quod
747 832 792 898 sit
806 840 867 898 etc.
882 832 961 919 quia
975 833 1075 898 olium
1091 832 1178 898 diem
1193 841 1254 899 etc

253 945 324 1008 521.
440 939 602 1004 Robertue
624 937 731 1002 Foliot
752 944 787 1002 et
808 936 967 1002 Ricardus
986 936 1027 1002 de
1048 937 1185 1004 Hiduno
1203 961 1262 1024 per
1277 947 1483 1004 ettomotum

212 1041 332 1152 Nom-¹
376 1064 472 1106 suum
492 1041 682 1127 optulerunt
703 1062 737 1106 se
757 1039 830 1126 ii1j¹⁰
844 1039 897 1104 die
918 1061 1032 1104 uersus
1051 1040 1075 1106 J
1075 1040 1201 1106 ohelem
1216 1041 1257 1107 de
1273 1043 1366 1108 Valle
1382 1043 1485 1108 Tortn

211 1160 283 1189 omnes
291 1150 353 1198 μιιι-
527 1145 534 1158 “
786 1143 793 1157 ’
1087 1144 1094 1158 “

211 1207 362 1366 1223
374 1143 1486 1336 llllllt‘lttttltlffmlttlllnllfftlt

210 1338 324 1377 ''W“
374 1354 520 1420 tenedo
546 1354 731 1420 Steuntono
750 1361 810 1418 ete.
855 1354 900 1418 Et
923 1353 987 1439 ipsi
1006 1377 1071 1419 non
1093 1363 1255 1420 uenerunt
1269 1363 1330 1422 etc.
1344 1365 1379 1422 et
1393 1379 1485 1422 sum·

374 1457 490 1523 moniti
512 1459 654 1524 fuerunt.
700 1459 744 1524 Et
770 1457 843 1523 ideo
869 1457 1032 1524 Robertue
1058 1465 1093 1523 ct
1119 1457 1277 1525 Ricardus
1302 1468 1485 1546 sequentur

374 1583 487 1626 uersus
501 1560 683 1647 predictum
699 1560 930 1626 Eodmundum
945 1560 986 1626 de
1001 1567 1093 1646 purte
1108 1583 1168 1626 sue
1187 1583 1252 1626 non
1271 1561 1423 1628 obstante
1444 1585 1484 1630 eo

251 1706 318 1757 [m]
374 1664 459 1750 quod
474 1664 538 1751 ipsi
552 1687 617 1730 non
632 1663 801 1730 oecuntnr’
819 1665 824 1751 Ι

249 1777 320 1838 522.
438 1767 576 1833 Metillie
597 1767 666 1833 filia
686 1767 776 1833 Petri
798 1767 884 1854 petit
905 1789 1019 1833 uersus
1040 1769 1218 1834 Jowettam
1239 1769 1340 1834 filiam
1360 1771 1484 1858 Bogeri

244 1876 327 1924 ΝΟΜ·
373 1869 473 1956 xxiiij.
501 1893 562 1936 ocr.
589 1878 674 1936 terre
700 1892 775 1934 cum
804 1877 885 1956 pert
913 1869 948 1934 in
978 1869 1154 1936 Cneshale⁸
1182 1881 1221 1936 ut
1246 1871 1420 1939 iuuenum
1447 1884 1484 1940 et

372 1974 500 2039 Joweto
523 1975 600 2040 fecit
623 1974 777 2040 defoltem
803 1982 975 2060 postquam
1001 1973 1118 2040 habuit
1142 1974 1230 2040 diem
1255 1977 1290 2042 in
1314 1977 1418 2042 bnneo
1445 1987 1481 2044 et

372 2085 544 2164 postquem
579 2077 688 2164 posuit
721 2100 755 2142 ee
785 2077 820 2142 in
850 2077 1013 2163 quandem
1042 2078 1298 2164 inquisicionem,
1326 2088 1362 2146 et
1391 2081 1481 2146 unde

373 2183 611 2248 consideratum
634 2182 698 2247 fuit
723 2181 766 2246 nd
789 2181 890 2247 elium
913 2181 1001 2246 diem
1027 2181 1113 2268 quod
1139 2189 1226 2248 terro
1250 2192 1421 2270 caperetur
1446 2185 1482 2250 in

373 2308 507 2351 manum
526 2287 620 2354 Dom.
636 2285 735 2373 Regis
755 2308 813 2372 pro
834 2285 957 2352 defalta
975 2308 1036 2352 suo
1055 2295 1089 2351 et
1109 2286 1197 2373 quod
1218 2297 1482 2356 summoneretur

373 2387 460 2474 quod
493 2395 579 2454 esset
612 2387 655 2453 od
683 2389 769 2454 hunc
798 2387 886 2454 diem
916 2387 1071 2454 audituro
1098 2389 1255 2456 iudicium
1284 2413 1388 2456 suurn
1435 2394 1481 2459 Et

373 2493 501 2558 lowete
526 2492 619 2558 uenit
642 2499 677 2558 et
699 2515 764 2558 non
788 2500 897 2578 potest
921 2515 1034 2557 sonore
1058 2492 1213 2558 defaltum
1235 2503 1270 2560 et
1295 2495 1368 2560 ideo
1395 2496 1482 2563 oon-

373 2595 550 2660 sideretum
570 2595 725 2682 estquod
747 2595 883 2660 Metillis
905 2596 1111 2682 recuperauit
1133 2597 1284 2663 seisinom
1306 2621 1400 2664 suam
1422 2621 1483 2686 per

373 2694 528 2760 defaltum
543 2703 578 2761 et
591 2696 615 2760 J
616 2704 719 2761 oweto
733 2695 768 2760 in
782 2695 1001 2762 misericordie
1016 2705 1051 2762 et
1066 2706 1221 2784 queratur
1235 2699 1427 2786 inquisicio‘.

253 2821 324 2886 523·
438 2800 550 2866 Aesica
573 2801 666 2865 uenit
686 2801 892 2888 recognitum
910 2801 983 2887 quis
1003 2801 1181 2868 aduocatus
1201 2811 1260 2868 ele
1276 2806 1482 2890 presentouit

230 2919 340 2962 &unuh-
373 2913 434 2972 etc.
449 2905 491 2970 ed
506 2905 674 2972 ecclesium
690 2905 721 2971 S.
738 2905 907 2970 Michaelis
927 2905 968 2970 de
984 2905 1219 2994 Cauntebrigie
1237 2929 1301 2993 que
1325 2917 1422 2974 uacet
1442 2919 1483 2974 ut

373 3012 492 3078 dicitur
517 3013 609 3078 cuius
630 3011 878 3078 eduooacionem
900 3013 1067 3080 Johennes
1088 3013 1176 3078 filius
1201 3013 1330 3079 Ieaunti
1359 3016 1483 3081 clamet

373 3139 486 3182 uersus
494 3116 676 3183 Wolterum
686 3117 790 3182 filium
798 3117 1041 3204 Abeolonis,qui
1049 3118 1143 3183 uenit
1152 3127 1187 3184 et
1196 3118 1276 3184 dicit
1284 3120 1484 3205 quodassisc

373 3245 438 3288 non
457 3222 556 3288 debet
575 3223 652 3288 inde
672 3221 1068 3308 fieri,quioquidom1uo
1086 3223 1257 3309 Pipestran
1277 3226 1483 3310 presentouit

373 3325 535 3412 quendem
550 3325 751 3391 Willelmum
766 3325 870 3390 filiurn
885 3325 1057 3390 Abeolonis
1076 3323 1119 3390 ad
1140 3325 1276 3391 eandem
1296 3335 1356 3392 ete
1372 3329 1483 3416 etqui

372 3430 415 3496 ad
429 3429 705 3516 preeentecionem
719 3451 811 3494 suom
826 3428 891 3492 fuit
904 3427 1064 3493 admissus
1075 3437 1110 3494 et
1121 3429 1239 3494 ultimo
1251 3430 1483 3516 obiitpersona

373 3534 409 3598 in
430 3533 552 3611 eodem,
567 3541 603 3598 et
621 3532 709 3598 idem
729 3533 790 3598 Iuo
810 3532 894 3598 obiit
914 3532 984 3598 sine
1006 3531 1126 3598 herede
1148 3530 1189 3596 de
1211 3555 1341 3618 corporo
1363 3557 1423 3600 suo
1445 3545 1483 3600 et

372 3741 533 3807 Johannis
566 3741 623 3827 qui
657 3741 784 3818 clamet,
814 3748 848 3805 et
883 3739 982 3804 aliern
1011 3739 1133 3804 Dorum
1161 3739 1293 3805 nomine
1322 3741 1481 3808 secundo-

371 3845 517 3933 genitnm
539 3855 677 3910 matrem
699 3845 802 3931 ipsius
822 3844 970 3922 wolteri,
993 3853 1028 3910 et
1053 3844 1188 3909 terciam
1214 3845 1422 3924 Motillidem,
1444 3857 1481 3913 et

372 3957 522 4035 quartum
541 3949 717 4015 Albredem
737 3949 877 4027 nomine,
892 3971 955 4036 que
975 3949 1070 4014 umbe
1094 3948 1247 4014 obierunt
1269 3949 1339 4014 sine
1360 3949 1481 4017 herede

371 4054 412 4120 de
436 4077 479 4133 se,
502 4062 537 4120 et
565 4063 692 4120 mortuo
720 4053 865 4140 predicto
891 4054 994 4120 Inone
1017 4053 1179 4120 dederunt
1201 4053 1347 4140 predicte
1372 4057 1482 4124 Alicio

406 4222 473 4284 ¹135
499 4223 543 4274 the
574 4223 718 4274 oecononnl
748 4226 898 4274 annotator.
951 4225 1077 4289 Geolhey.

374 4287 422 4338 See
437 4288 482 4338 Br.
502 4289 521 4340 ι.
540 4289 598 4339 430.
631 4289 688 4340 One
710 4303 771 4352 moy
792 4289 843 4339 coll
864 4304 899 4338 on
980 4289 1136 4342 ’Kneeffll

373 4355 446 4402 one’r
456 4368 591 4416 peruenere
601 4357 629 4404 ιο
644 4354 701 4418 join
715 4354 744 4404 in
759 4368 794 4405 en
811 4353 899 4405 action
981 4356 992 4388 ⁴
1008 4355 1122 4418 Perhaps
1144 4352 1190 4405 the
1211 4353 1316 4418 inquest
1337 4354 1387 4406 hnc
1413 4357 1480 4409 boen

373 4418 413 4467 lor
424 4433 542 4480 recovery
553 4420 582 4468 οι
590 4420 635 4470 the
645 4419 716 4470 land.
949 4419 1026 4470 taken
1038 4419 1408 4482 bydeloultendoeenrchis
1420 4437 1481 4475 now

405 4483 416 4514 ¹
433 4483 484 4534 Sic.
518 4483 616 4548 Byae'pai
627 4499 670 4536 ore
680 4484 835 4536 meontloel
847 4483 899 4536 and
950 4491 977 4537 to
988 4485 1019 4536 be
1030 4485 1105 4536 mode
1117 4485 1157 4535 lor
1168 4484 1213 4536 che
1224 4485 1312 4537 record
1323 4487 1353 4537 ol
1361 4487 1392 4538 ιι.
