3196 5226
361 455 423 518 110
673 447 809 528 unsrun,
834 467 898 518 111.
924 455 1018 530 1222,
1042 468 1106 520 nr.
1130 447 1159 520 6ss

358 637 522 702 communi
546 637 678 702 consilio
702 637 841 703 Abbatis
867 647 902 702 91
928 638 1074 704 eiusdem
1099 640 1235 705 Roberti
1259 642 1401 707 retentis
1423 641 1473 705 ibi

358 750 437 828 quot
458 741 602 827 poterint
624 743 800 807 sustentari
819 743 937 828 reliqui
951 744 1202 809 substrahentur
1216 754 1251 810 et
1265 769 1342 811 cum
1357 745 1473 832 alique

358 846 423 910 alie
456 847 556 910 trium
586 847 805 932 predictarum
843 847 1050 912 ecclesiarum
1080 849 1247 913 uacauerit
1278 850 1391 914 Abbas
1421 849 1471 912 ibi

357 959 483 1015 statuet
519 959 717 1015 conuentum
753 951 795 1015 ed
824 951 1022 1016 menendum
1052 952 1099 1016 ibi
1128 952 1156 1016 si
1186 953 1312 1016 officins
1343 952 1471 1016 fuerint

358 1054 588 1118 conuenienter
602 1061 794 1131 constructe,
806 1054 879 1118 etsi
891 1055 1035 1118 nondum
1050 1055 1176 1120 duabus
1191 1056 1332 1120 ecclesiis
1348 1077 1471 1118 uacan-

358 1157 447 1222 tibus
462 1166 643 1222 constructe
659 1158 781 1222 firerint
796 1157 921 1222 officine
937 1158 1049 1222 abillo
1064 1166 1209 1244 tempore
1225 1160 1259 1224 in
1274 1169 1341 1224 tres
1356 1181 1471 1234 annos,

358 1260 570 1325 construendo
592 1269 688 1326 erunt
708 1261 906 1324 sufficienter
920 1269 959 1324 ut
974 1261 1125 1346 deinceps
1140 1271 1320 1327 conuentus
1334 1262 1382 1326 ibi
1397 1263 1471 1326 91119

359 1363 447 1427 omni
469 1364 676 1429 excusacione
699 1373 872 1429 remaneat.
918 1365 1044 1429 Profert
1066 1366 1168 1430 eciam
1188 1375 1311 1430 certam
1329 1365 1472 1430 Roberti

358 1466 418 1530 filii
441 1466 492 1530 sui
514 1489 577 1552 que
599 1466 721 1531 donum
749 1467 831 1532 illud
856 1469 1025 1533 confirmet
1051 1478 1085 1534 et
1111 1469 1262 1534 similiter
1285 1468 1472 1555 predictam

358 1570 584 1635 condicionem

423 1676 468 1740 Et
490 1677 636 1761 Rogerus
658 1675 738 1740 dicit
761 1677 849 1762 quod
871 1685 958 1743 certe
982 1678 1037 1742 ille
1062 1701 1126 1742 non
1151 1677 1272 1742 debent
1298 1677 1329 1742 91
1350 1701 1471 1743 nocere

358 1781 438 1866 quin
452 1780 571 1844 hebeat
586 1778 736 1844 seisinem
751 1802 843 1845 suam
854 1782 932 1867 quie
945 1805 1004 1868 per
1018 1781 1197 1867 predictum
1212 1789 1334 1846 cartem
1350 1781 1472 1846 debuit

357 1884 445 1948 idem
467 1884 578 1948 Abbes
599 1883 741 1969 posuisse
756 1895 954 1950 conuentum
970 1887 1057 1972 apud
1072 1885 1178 1950 Ewies
1193 1895 1227 1950 et
1242 1908 1317 1950 cum
1331 1885 1471 1950 ecclesie

358 1989 502 2074 predicte
517 1989 570 2052 uel
586 1988 695 2074 alique
708 2011 819 2054 earum
833 1999 989 2074 uocasset,
1005 1989 1119 2054 debuit
1140 2011 1213 2054 cam
1227 1999 1409 2056 9119199999
1425 1991 1472 2056 ad

357 2095 629 2161 sustentecionem
659 2094 804 2159 eiusdem
830 2105 1010 2160 conuentus
1035 2118 1094 2181 per
1121 2095 1299 2181 predictum
1324 2119 1470 2162 conuen-

358 2200 483 2264 eionem
505 2207 539 2264 91
561 2221 658 2284 super
680 2199 739 2262 hoc
761 2206 874 2263 contre
895 2207 1018 2264 certem
1037 2199 1127 2263 1119111
1143 2199 1235 2264 dedit
1248 2199 1337 2264 idem
1352 2200 1470 2265 Abbas

357 2303 518 2388 predictas
548 2301 628 2366 duas
658 2302 807 2367 ecclesias
833 2303 874 2368 de
900 2303 1024 2367 Ettons
1050 2311 1084 2367 91
1110 2303 1151 2368 119
1177 2303 1309 2369 Lidinrd
1338 2304 1471 2370 duobus

359 2405 481 2470 clericis
497 2405 553 2491 qui
569 2405 610 2469 ad
625 2405 901 2490 presentecionem
916 2429 1008 2470 suam
1023 2407 1258 2472 admittuntur¹
1274 2416 1312 2472 111
1328 2429 1468 2494 persone

359 2510 408 2574 et'
430 2509 498 2594 ipse
521 2509 632 2574 Abbos
654 2531 718 2573 non
744 2509 851 2574 tenuit
873 2511 1123 2576 conuencionem
1145 2535 1204 2598 per
1225 2523 1347 2578 certam
1372 2537 1469 2580 suem

359 2637 457 2700 quern
486 2613 616 2699 profert,
641 2614 727 2699 petit
756 2613 914 2678 iudicium
940 2615 968 2679 si
993 2615 1112 2681 debeat
1138 2627 1259 2682 cartem
1289 2627 1402 2684 tenere
1433 2629 1470 2685 91

357 2724 505 2803 preterca
526 2717 606 2782 dicit
628 2717 714 2803 quod
736 2717 778 2782 ed
800 2717 937 2782 eandem
959 2720 1126 2785 9991991991
1152 2722 1354 2806 presentenit
1377 2723 1469 2788 idem

358 2820 470 2884 Abbas
484 2820 635 2885 clericum
651 2843 746 2885 suum
762 2829 874 2886 contra
888 2824 1139 2888 conuencionem
1154 2825 1251 2888 illem.

424 2924 467 2988 Et
483 2925 593 2989 Abbes
608 2925 688 2989 dicit
709 2924 795 3010 quod
817 2947 882 2988 non
903 2923 995 2989 dedit
1017 2926 1167 2990 ecclesias
1189 2927 1261 2991 illas
1284 2935 1318 2992 et
1340 2929 1369 2992 si
1393 2930 1469 2995 illas

358 3025 499 3091 dedisset
515 3027 574 3092 hoc
589 3051 653 3092 non
668 3029 761 3093 stetit
776 3051 834 3114 per
849 3051 923 3094 eum
940 3029 1017 3115 quie
1025 3029 1060 3093 in
1070 3029 1217 3117 episcopo
1230 3031 1290 3096 loci
1302 3041 1352 3096 est
1364 3035 1470 3100 99919-

359 3129 423 3193 sias
437 3129 509 3194 illas
523 3131 685 3218 assignare
701 3131 736 3195 in
751 3132 894 3218 proprios
910 3155 993 3198 usus.
1040 3134 1090 3198 De
1106 3134 1166 3199 hoc
1182 3135 1267 3221 quod
1282 3136 1362 3201 dicit
1378 3140 1470 3224 quod

358 3235 559 3318 presentauit
581 3235 732 3300 clericum
755 3257 850 3300 suum
873 3235 915 3300 ed
936 3236 1072 3301 eandem
1088 3238 1255 3302 ecclesiam
1270 3239 1331 3304 hoc
1346 3263 1470 3307 uerum

195 3361 317 3411 uos-quor
360 3344 409 3399 est
425 3336 502 3421 quia
516 3337 683 3423 spiscopus
698 3338 759 3403 loci
774 3339 879 3403 noluit
894 3361 966 3403 eam
982 3341 1187 3425 appropriare
1202 3341 1237 3405 in
1252 3365 1329 3406 usus
1343 3365 1428 3410 suos

195 3411 213 3449 u
221 3409 267 3458 qun
277 3409 337 3448 1199

195 3456 326 3542 ssim?
426 3440 469 3502 Et
484 3440 561 3525 quie
575 3441 721 3528 Rogerus
736 3441 899 3528 cognoscit
914 3442 1000 3527 quod
1019 3444 1131 3508 Abbas
1151 3453 1202 3510 est
1224 3445 1259 3509 in
1280 3446 1400 3511 99191119
1423 3449 1468 3515 de

194 3549 298 3636 sspggeut
360 3541 485 3607 duabus
505 3545 647 3610 eeclesiis
664 3569 722 3632 per
736 3546 856 3610 donum
872 3546 1054 3632 predictum
1070 3556 1104 3611 91
1119 3571 1184 3612 non
1198 3557 1265 3614 9191
1279 3573 1338 3636 per
1352 3552 1468 3618 Abba·

335 3653 426 3710 etem
448 3647 526 3732 quin
550 3651 723 3714 conuencio
745 3658 904 3726 teneatur,
920 3649 1166 3715 Consideretum
1185 3654 1336 3739 estquod
1351 3655 1467 3722 Abbss

194 3737 345 3870 Ξὲξὲξζξῖ
357 3751 560 3836 recuperauit
580 3753 731 3818 seisinnm
746 3777 838 3818 sunm
860 3762 895 3818 91
917 3755 1063 3841 Rogerus
1085 3755 1120 3819 in
1142 3756 1358 3822 misericordia
1380 3768 1415 3824 91
1437 3762 1467 3826 91

194 3876 326 3962 93911109ῗέ1
357 3853 497 3918 1191119111
513 3855 599 3942 loqui
616 3857 655 3921 de
671 3858 886 3922 conuencione
902 3858 984 3923 bene
999 3859 1127 3944 poterit.

193 3935 345 4056 {fflssfl‘i
422 3959 533 4024 Assios
559 3961 652 4025 uenit
675 3962 880 4048 recognitum
904 3963 977 4048 quis
1003 3962 1180 4028 aduocatus
1204 3971 1348 4050 tempore
1374 3969 1466 4052 pacis

193 4065 340 4157 fflfflg
356 4065 558 4148 presentauit
580 4065 730 4131 ultimam
753 4088 921 4151 personam
944 4089 1007 4152 que
1028 4076 1157 4132 mortue
1171 4077 1222 4133 est
1236 4069 1278 4133 ed
1293 4070 1465 4136 9991991919

193 4159 298 4290 11ῦῖῙῆ
356 4166 396 4231 de
414 4169 538 4234 Keuele
553 4193 616 4256 quc
632 4178 727 4235 119991
742 4178 802 4235 etc.
817 4169 909 4234 cuius
930 4170 1177 4236 educes-cionem
1193 4172 1216 4236 J
1217 4173 1360 4238 ohannes
1375 4174 1466 4240 filius

239 4327 299 4370 wm-

388 4413 396 4446 ¹
415 4412 881 4476 09319911199911119111111,1111199991-
966 4421 1207 4484 281111911111119111.

355 4478 427 4540 ingly
437 4478 566 4530 corrected
576 4478 633 4530 into
645 4483 821 4534 admittimur.
