3360 5236
327 448 389 510 556
624 459 765 520 sinnas,
789 461 851 508 sn.
879 449 970 522 1233,
994 463 1056 512 aa.
1083 450 1130 516 17.

324 633 525 721 pertinentes
539 631 581 698 ad
595 631 762 698 ecclesiam
777 655 869 698 suam
884 631 925 699 de
942 633 1114 722 Kaylmers
1131 636 1180 702 ita
1200 636 1286 724 quod
1306 637 1436 704 adiudi-

324 746 396 804 cate
406 738 538 802 fuerunt
550 735 673 802 decime
685 736 740 802 ille
752 758 849 802 causa
859 737 907 802 rei
916 737 1073 804 seruande
1083 747 1160 805 ante
1171 741 1436 826 prohibicionem,

323 851 358 909 et
372 843 455 909 bene
470 841 550 906 dicit
565 839 651 929 quod
666 864 845 928 numquam
865 851 939 929 post
959 843 1212 929 prohibicionem
1233 855 1364 912 secutus
1384 856 1436 912 est

324 947 481 1035 placitum
496 945 584 1010 illud

388 1048 572 1114 Willalmus
601 1045 687 1112 filius
725 1047 856 1114 Radulfi
886 1061 920 1114 ct
950 1049 1060 1116 Iuoria
1089 1073 1170 1116 uxor
1206 1053 1277 1118 eius
1313 1061 1435 1140 petunt

323 1177 436 1222 uersus
458 1153 636 1220 Radulfirm
658 1152 820 1218 Blscarfot
837 1152 862 1238 j.
884 1175 944 1218 aer.
967 1161 1050 1219 terre
1071 1177 1145 1220 cum
1166 1164 1248 1242 pert.
1270 1156 1305 1222 in
1325 1157 1435 1223 Wcst-

323 1257 517 1326 monasterio
531 1265 570 1321 ut
584 1255 636 1320 ius
651 1277 746 1320 suum
762 1263 822 1320 etc.

306 1415 310 1420 .
390 1362 433 1428 Et
448 1359 608 1426 Radulsus
623 1357 716 1424 uenit
730 1365 765 1423 et
784 1357 865 1423 dicit
880 1359 968 1445 quod
988 1382 1053 1425 non
1073 1361 1171 1428 debet
1192 1363 1233 1428 ad
1253 1363 1313 1430 hoc
1333 1365 1433 1430 breue

324 1467 515 1556 respondere
531 1464 608 1553 quia
622 1465 691 1551 ipse
707 1463 807 1528 nichil
822 1463 941 1530 clamat
956 1465 991 1529 in
1006 1465 1119 1532 eadem
1132 1475 1218 1533 terra
1229 1468 1292 1534 nisi
1302 1469 1433 1536 nomine

324 1574 409 1641 dotis
432 1594 505 1638 cum
529 1569 635 1634 Alicia
657 1591 755 1634 uxore
777 1591 837 1634 sua
859 1592 922 1656 que
943 1592 1007 1635 non
1027 1572 1214 1638 nominatur
1232 1574 1267 1638 in
1282 1574 1383 1652 breui,
1398 1585 1434 1640 et

324 1679 450 1745 desicut
465 1699 530 1741 non
544 1673 732 1740 nominatur
746 1673 780 1738 in
795 1674 889 1740 breui
909 1675 995 1761 petit
1014 1675 1172 1742 iudicium
1187 1678 1215 1742 si
1229 1677 1348 1744 debeat
1363 1679 1434 1746 sine

324 1785 396 1870 ipsa
417 1779 616 1868 respondere.
662 1779 705 1844 Et
727 1778 801 1845 ideo
826 1779 1064 1846 consideratum
1089 1789 1139 1847 est
1164 1782 1250 1869 quod
1273 1783 1434 1849 Radulfus

325 1887 401 1954 inde
427 1886 496 1951 sine
521 1882 575 1948 die
601 1891 636 1948 et
660 1881 845 1948 Willelmus
870 1891 905 1947 at
931 1883 1041 1950 Iuoria
1066 1885 1255 1972 perquirant
1284 1887 1346 1952 sibi
1375 1909 1435 1973 per

325 1989 415 2056 aliud
430 1987 529 2053 breue
544 1985 572 2050 si
587 1984 758 2050 noluerint.

391 2092 501 2160 Dauid
522 2091 609 2156 filius
631 2089 741 2154 Dauid
762 2088 802 2155 de
827 2089 963 2176 Flitwyc
983 2093 1202 2160 summonitus
1222 2093 1286 2159 fuit
1306 2093 1347 2160 ad
1368 2117 1433 2160 res·

325 2196 532 2286 pondendum
548 2195 690 2260 Roberto
704 2194 771 2259 filio
787 2194 929 2260 Simonis
943 2195 983 2260 de
999 2197 1142 2284 Roingcs
1156 2198 1196 2264 de
1212 2197 1331 2285 placito
1346 2199 1433 2285 quod

324 2302 422 2368 faciat
437 2301 468 2366 ei
482 2299 731 2368 consuetudines
751 2307 785 2364 et
804 2308 893 2364 recta
913 2299 1050 2366 seruicia
1069 2323 1132 2387 que
1149 2301 1186 2380 ¹ei
1208 2303 1311 2368 facere
1333 2303 1433 2370 debet

324 2407 364 2472 de
387 2407 488 2471 libero
510 2413 697 2470 tenemento
720 2403 806 2490 quod
828 2402 869 2468 de
891 2425 930 2468 eo
951 2411 1042 2468 tenet
1062 2403 1097 2468 in
1120 2405 1278 2484 Herlawe,
1293 2416 1328 2472 et
1345 2409 1432 2474 unde

325 2510 473 2597 queritur
494 2507 579 2594 quod
601 2505 785 2572 cumidem
808 2505 919 2571 Dauid
940 2505 1060 2572 debeat
1082 2529 1140 2594 per
1161 2530 1234 2574 ann.
1258 2510 1290 2596 ij.
1313 2512 1368 2576 sol.
1391 2512 1432 2577 de

324 2636 433 2680 annuo
461 2611 591 2680 redditu
621 2611 653 2678 ei
683 2619 789 2678 aretro
815 2621 866 2676 est
891 2610 1037 2678 redditus
1066 2612 1107 2678 de
1133 2614 1272 2680 termino
1295 2615 1434 2682 duorum

324 2741 491 2796 annorum,
514 2725 549 2782 et
572 2725 721 2804 preterea
746 2740 821 2782 cum
845 2717 876 2782 ei
902 2715 1021 2782 debeat
1044 2717 1236 2784 forinsecum
1259 2721 1433 2786 seruicium

325 2831 485 2910 quantum
508 2821 651 2909 pertinet
672 2820 714 2887 ad
738 2820 949 2886 medictatem
977 2821 1062 2886 feodi
1083 2822 1108 2908 j.
1131 2822 1246 2888 militis
1271 2824 1303 2890 ei
1328 2835 1434 2891 arctro

325 2937 403 2994 sunt
438 2927 479 2992 de
517 2926 663 3014 scutagio
700 2924 847 2990 Pictauie
874 2924 1033 2990 medietas
1062 2924 1103 2990 xl.
1133 2927 1187 2990 soh
1219 2935 1254 2992 et
1283 2928 1434 2996 similiter

325 3031 484 3097 medietas
513 3030 553 3096 xl.
584 3029 637 3094 soh
662 3027 702 3094 de
723 3027 870 3114 scutagio
893 3027 1086 3106 Britannie¹‚
1108 3037 1142 3094 et
1171 3039 1320 3116 preterea
1348 3034 1434 3120 petit

325 3136 412 3224 quod
441 3134 539 3200 faciat
568 3141 689 3199 sectam
718 3131 761 3198 ad
790 3131 912 3198 curiam
948 3155 1040 3198 suam
1076 3133 1116 3200 de
1151 3134 1318 3226 Roynges²
1346 3138 1433 3204 unde

325 3239 540 3306 deterioratus
554 3245 605 3304 est
619 3243 679 3302 etc

391 3345 435 3410 Et
458 3342 568 3409 Dauid
592 3341 685 3408 uenit
709 3349 744 3406 et
769 3340 852 3406 bene
879 3341 1043 3429 cognoscit
1072 3341 1159 3429 quod
1187 3342 1287 3412 debet
1316 3347 1348 3412 ei
1376 3370 1434 3435 pro

326 3447 466 3537 quadam
486 3455 573 3512 terra
593 3469 690 3533 quam
710 3444 751 3511 de
772 3467 810 3511 eo
829 3454 922 3512 tenet
942 3446 977 3511 in
997 3447 1147 3512 Herlawe
1162 3447 1195 3534 ij.
1210 3450 1264 3514 soh
1280 3472 1340 3538 per
1352 3474 1435 3534 ann,

325 3563 359 3618 et
375 3551 470 3618 dicit⁸
484 3551 561 3638 quia
576 3550 741 3638 predictus
755 3551 919 3616 Robertus
939 3551 1046 3637 ipsum
1067 3552 1276 3640 inplacitauit
1296 3555 1435 3623 incuria

326 3657 418 3722 Dom.
441 3654 542 3742 Regis
564 3662 645 3740 aput
667 3653 992 3720 westmonasterium
1016 3663 1050 3720 et
1073 3657 1173 3742 peciit
1200 3665 1317 3723 terram
1344 3659 1433 3725 illam

325 3762 499 3829 tenendam
520 3761 554 3825 in
575 3760 734 3825 dominico
754 3759 827 3824 ideo
847 3783 911 3824 non
927 3760 1069 3825 reddidit
1085 3762 1115 3825 ei
1130 3763 1312 3848 predictum
1328 3765 1433 3830 reddi-

326 3879 397 3934 tum
413 3867 513 3932 donec
528 3865 704 3931 discussum
722 3865 785 3930 fuit
800 3866 887 3950 quod
902 3888 966 3929 non
983 3867 1092 3952 potuit
1104 3875 1215 3952 petere
1227 3867 1290 3932 nisi
1303 3877 1432 3934 tantum

325 3971 489 4036 redditum
510 3969 542 4055 ij.
563 3970 627 4046 sol„
646 3978 680 4033 et
701 3969 975 4054 posteareddidit
995 3969 1178 4055 predictum
1199 3970 1371 4049 redditum,
1387 3973 1435 4037 ita

326 4075 412 4162 quod
426 4097 491 4140 non
505 4082 583 4139 sunt
598 4073 629 4138 ei
643 4081 749 4138 aretro
763 4073 827 4138 nisi
842 4073 895 4159 xij.
911 4072 983 4139 den.
1000 4097 1080 4160 quos
1099 4074 1239 4140 libenter
1259 4076 1289 4140 ei
1310 4076 1432 4142 reddet.

326 4179 370 4243 Et
399 4178 440 4242 de
470 4176 624 4264 scutagiis
653 4176 734 4242 dicit
759 4177 846 4262 quod
872 4199 1051 4264 numquam
1079 4179 1156 4244 feeit
1184 4179 1215 4244 ei
1241 4179 1432 4246 forinsecum

360 4375 510 4436 ¹soutegee
521 4373 548 4423 oi
560 4373 773 4432 Ihm-laubos
782 4373 854 4424 three
937 4374 1074 4437 ’Rodium

327 4439 462 4560 {ibitisvbb
474 4437 652 4572 {bznkpp'ght’s
668 4439 715 4489 isa.
750 4439 853 4500 stubbs,
938 4439 948 4472 ⁸
967 4440 1066 4508 supply
1076 4442 1151 4508 quod,
