3360 5236
444 457 678 519 aromatitis,
699 457 765 505 an.
791 442 883 516 1231,
906 457 970 506 aa.
995 445 1132 507 15—16.
1276 444 1339 506 509

299 631 344 694 Et
366 630 528 694 Robertue
551 629 643 694 uenit
667 636 701 693 et
723 627 804 692 dicit
826 626 913 713 quod
934 626 1014 692 aliae
1040 626 1104 690 fuit
1127 626 1283 712 placitum
1307 626 1340 690 in

235 731 324 796 curia
345 731 438 796 Dom.
463 731 563 818 Regis
585 729 626 795 de
649 729 763 794 eedem
786 737 874 794 terra
895 729 981 792 inter
1006 750 1060 792 eoe
1086 728 1134 792 ita
1157 727 1247 814 quod
1269 737 1342 813 poet

234 835 342 900 uisum
357 834 500 920 petitum
516 833 692 898 essonieuit
707 855 741 898 ee
756 833 844 898 idem
859 832 1022 896 Robertus
1036 831 1077 896 de
1089 832 1174 896 malo
1189 831 1342 896 ueniendi

234 949 268 1002 et
283 947 397 1024 postea
411 937 452 1001 de
467 936 552 1000 malo
568 935 643 1000 lecti
660 943 693 1000 et
709 958 782 1000 cum
798 935 917 1000 iaceret
936 934 1111 1021 languidus
1125 935 1159 998 in
1174 934 1269 998 domo
1284 955 1344 998 sua

234 1067 292 1130 per
318 1044 506 1128 languorem
531 1041 562 1106 ei
588 1039 811 1106 adiudicatum
836 1039 872 1104 in
897 1060 976 1124 paee
1002 1039 1096 1103 Dom.
1124 1038 1223 1124 Regis
1249 1038 1343 1104 uenit

232 1145 321 1210 idem
351 1143 511 1208 Redulfue
540 1165 615 1206 eum
641 1141 677 1206 ui
702 1163 762 1206 aua
786 1147 899 1204 eontra
923 1161 1036 1224 paoem
1063 1139 1156 1204 Dom.
1184 1140 1283 1226 Regis
1309 1149 1343 1205 et

233 1247 403 1314 insidiauit
418 1247 448 1310 ei
463 1268 522 1332 per
536 1253 602 1310 tres
618 1244 687 1308 dies
702 1251 736 1308 et
751 1252 817 1308 tres
835 1251 946 1308 noctes
966 1265 1065 1329 prope
1087 1243 1219 1308 domum
1241 1243 1343 1330 ipsius

233 1351 370 1418 Roberti
384 1351 419 1415 in
434 1349 600 1414 Thamieia
614 1349 649 1413 in
664 1347 803 1434 quodem
819 1348 949 1424 batello,
964 1357 998 1412 et
1014 1347 1142 1434 quando
1157 1347 1243 1413 uidit
1256 1348 1343 1434 quod

232 1480 329 1522 nemo
347 1456 412 1520 fuit
431 1455 467 1520 in
486 1454 581 1519 domo
603 1475 663 1518 sua
684 1451 822 1516 intrauit
845 1474 920 1516 eum
943 1451 980 1516 ui
1002 1473 1062 1516 sua
1085 1451 1217 1516 domum
1241 1453 1342 1538 ipsius

234 1561 371 1626 Roberti
393 1569 428 1624 et
450 1582 526 1624 eum
547 1557 684 1622 firmiter
701 1556 818 1643 ligauit
842 1564 876 1620 et
899 1556 1041 1620 extraxit
1061 1579 1137 1621 eum
1152 1556 1192 1622 de
1208 1557 1292 1622 lecto
1307 1567 1342 1622 et

233 1664 329 1728 domo
353 1685 413 1728 sua
436 1671 471 1727 et
494 1659 632 1726 adduxit
656 1681 732 1723 eum
755 1680 857 1744 usque
880 1657 922 1722 ad
941 1657 1109 1734 batellum,
1124 1665 1246 1722 etcum
1262 1680 1343 1722 uxor

233 1788 293 1830 sua
307 1766 368 1830 hoo
383 1765 518 1830 uidisset
533 1763 658 1828 leuauit
673 1762 846 1826 clamorem
861 1768 896 1824 et
914 1760 983 1845 ipse
1004 1761 1163 1826 Radulfus
1185 1784 1260 1826 cum
1282 1761 1342 1826 hoe

234 1867 414 1932 audiuisset
442 1866 530 1952 cepit
559 1864 738 1980 predictam
768 1885 901 1928 uxorem
930 1863 1081 1928 similiter
1110 1870 1144 1928 et
1173 1864 1282 1949 posuit
1307 1863 1341 1930 in

234 1973 402 2048 botellum,
418 1979 452 2036 et
467 1970 569 2036 eciam
585 1968 672 2054 oepit
687 1968 722 2032 in
737 1967 856 2032 domo
847 1968 949 2053 1peius
967 1968 1102 2032 Roberti
1117 1984 1216 2034 unam
1230 1991 1390 2072 super-0
1355 1985 1388 2024 No
1389 1985 1478 2026 edm

235 2075 387 2151 tunicam,
410 2083 444 2138 et
468 2073 555 2159 ipsos
580 2072 629 2136 ita
651 2071 778 2135 uinctos
800 2070 895 2135 duxit
917 2093 1019 2156 usque
1041 2070 1084 2134 ad
1107 2071 1204 2136 aliam
1228 2071 1365 2138 uillam⁰
1353 2033 1488 2127 dedidit

1353 2127 1477 2174 perennem

234 2180 335 2244 donec
359 2199 417 2264 per
440 2176 629 2242 huthesium
655 2182 690 2239 et
716 2173 888 2238 clamorem
913 2195 984 2240 eres
985 2181 1074 2237 tatus
1100 2173 1172 2250 fuit,
1196 2181 1230 2240 et
1255 2175 1340 2260 petit
1353 2136 1498 2259 ‚ffl'ffiffit

234 2283 390 2349 iudicium
405 2304 432 2346 si
423 2281 565 2346 debeat
580 2303 611 2346 ei
601 2278 818 2365 respondere
840 2278 942 2343 donec
962 2277 1052 2342 istud
1067 2278 1171 2343 hoo
1142 2301 1174 2344 e1
1189 2279 1339 2346 emende-
1353 2266 1499 2352 diffidi*

235 2397 297 2465 tur,
313 2395 347 2452 et
362 2385 442 2450 dicit
457 2383 544 2471 quod
558 2382 666 2448 nudus
680 2382 744 2446 fuit
759 2390 794 2447 et
809 2381 1014 2446 discalciatus
1029 2389 1064 2445 et
1078 2381 1148 2448 eine
1163 2382 1292 2448 braccis.
1351 2361 1502 2448 {idid-‘tm

300 2489 344 2552 Et
366 2487 525 2552 Rednlfue
547 2485 640 2550 uenit
662 2493 696 2550 et
716 2483 862 2549 defendit
885 2483 953 2547 uim
974 2491 1008 2548 et
1023 2483 1175 2548 iniuriam
1190 2493 1224 2550 et
1239 2486 1339 2552 telem

235 2593 419 2678 captionem
441 2597 476 2654 et
498 2589 578 2653 dicit
598 2588 684 2674 quod
704 2610 818 2652 reuera
834 2587 922 2652 idem
937 2587 1100 2652 Robertue
1115 2589 1290 2654 essoniauit
1305 2611 1339 2654 se

235 2696 275 2761 de
298 2695 383 2760 melo
405 2693 558 2759 ueniendi
580 2693 684 2779 primo
706 2700 741 2756 et
763 2691 903 2756 seeundo
927 2691 968 2756 de
992 2692 1077 2755 malo
1100 2691 1185 2768 lecti,
1209 2700 1244 2758 et
1267 2715 1341 2757 oum

235 2800 371 2886 languor
396 2798 428 2862 ei
454 2799 536 2862 soret
565 2796 771 2861 adiudicatus
797 2804 831 2860 et
857 2796 944 2862 idem
971 2795 1130 2860 Radulfua
1155 2819 1340 2881 perunum

234 2904 322 2968 diem
337 2925 413 2968 casu
429 2901 604 2967 transitum
619 2901 740 2964 faceret
751 2923 809 2986 per
820 2899 953 2964 domum
968 2900 1070 2986 ipsius
1085 2901 1220 2965 Roberti
1235 2901 1341 2965 eundo
1352 2921 1474 2963 mamaea

235 3029 347 3070 uersus
362 3005 540 3070 Wautham
554 3004 589 3068 in
604 3003 744 3089 quodam
759 3003 880 3068 batello
894 3003 1023 3068 inuenit
1038 3003 1144 3089 ipsum
1161 3003 1340 3068 Robertum

234 3118 327 3176 extre
356 3109 479 3174 curiam
506 3129 598 3172 suam
624 3127 723 3192 prope
750 3105 925 3170 Tamisiam
952 3106 1111 3171 uestitum
1137 3106 1278 3172 cinctum
1306 3117 1340 3174 et

234 3212 406 3277 calciatum
434 3217 527 3275 extra
547 3209 670 3274 euriam
694 3230 786 3274 suam
812 3208 1024 3274 forinsecam¹
1046 3231 1146 3296 prope
1171 3209 1341 3295 piscariam

234 3321 376 3378 suamet
391 3335 465 3376 eum
484 3311 591 3397 ipsum
611 3309 660 3374 ita
682 3309 818 3374 uidisset
841 3311 966 3375 leuauit
988 3311 1159 3376 clamorem
1181 3321 1216 3376 et
1238 3313 1341 3378 exiuit

234 3415 275 3480 de
297 3415 419 3480 batello
443 3436 517 3478 oum
539 3413 673 3478 diaeono
695 3413 774 3478 euo‘
797 3423 831 3477 et
855 3413 918 3498 ipsi
941 3413 1006 3478 duo
1030 3423 1186 3498 oeperunt
1207 3435 1282 3480 eum
1307 3423 1341 3480 et

234 3520 398 3584 duxerunt
412 3518 448 3584 in
462 3518 618 3584 batellum
635 3525 670 3582 et
684 3517 731 3582 ibi
749 3516 961 3582 detinuerunt
983 3515 1085 3580 donee
1107 3516 1148 3580 ad
1168 3517 1340 3584 clamorem

235 3620 343 3686 uxoris
358 3641 415 3684 sue
430 3641 489 3704 per
502 3617 642 3704 patriam
658 3617 722 3682 fuit
736 3637 899 3681 reseueeue
908 3615 926 3679 ⁵.

300 3726 377 3790 Poet
399 3723 492 3788 uenit
515 3721 697 3788 Robertue⁰
719 3730 753 3786 et
775 3720 922 3785 defendit
945 3720 995 3786 ius
1018 3744 1114 3786 suum
1135 3729 1169 3786 et
1184 3731 1290 3788 totuin
1306 3733 1341 3788 et

268 3949 379 3999 ¹-When
396 3949 509 3998 Braoton
527 3953 605 3998 wrote
623 3949 640 3997 i.
660 3949 709 3998 358
726 3948 759 3997 he
810 3948 886 3998 caee’

234 4021 306 4065 mnet
327 4015 393 4064 have
415 4015 478 4064 been
500 4013 623 4090 thinking
650 4015 679 4062 oi
705 4013 759 4062 thie
843 4013 1169 4064 ’Hisontermoetoourt

234 4081 339 4130 ourioue
360 4095 427 4130 ease.
461 4079 516 4129 The
537 4078 652 4128 eseoinee
678 4078 760 4140 ought
843 4078 927 4128 ⁴The
942 4077 1101 4129 demandant
1114 4079 1137 4127 ie
1151 4077 1339 4140 seeminglyan

234 4151 290 4204 not.
302 4144 545 4220 heeayevagari
576 4143 760 4194 ouriemeuam
811 4143 979 4194 eeclesiastio.

234 4213 263 4260 in
290 4213 431 4288 eonspeotu
457 4208 555 4271 popi.
597 4209 638 4259 He
665 4207 760 4258 should
843 4207 1103 4258 ³Hewaareeoued.

235 4277 310 4338 ntay'
303 4291 332 4324 m
345 4275 392 4324 bed
402 4273 536 4324 deoinotus
547 4275 572 4323 et
586 4273 643 4322 sine
659 4273 759 4323 breooie
843 4273 855 4306 ⁶
871 4273 968 4322 Robert
984 4273 1120 4323 abandons
1136 4271 1180 4322 the
1197 4271 1290 4334 oberge
1312 4275 1341 4323 of

234 4339 448 4391 etdisoaloeetm.
811 4338 935 4389 violence.
965 4337 1026 4388 Had
1037 4337 1339 4400 hekepttoittheoase

267 4405 333 4468 ¹By
344 4405 547 4460 theannotator.
557 4402 614 4452 who
626 4417 686 4468 may
694 4401 761 4453 heve
811 4402 897 4452 would
906 4403 1042 4453 havebeen
1052 4402 1150 4452 treated
1158 4417 1188 4452 aa
1197 4417 1230 4451 an
1239 4403 1338 4466 appeal

235 4469 406 4520 remembered
429 4469 482 4519 thia
504 4485 533 4518 as
562 4469 620 4518 the
648 4467 761 4518 ’rhomes
813 4468 915 4518 SeeBr.
928 4468 946 4516 t.
959 4469 1014 4519 358.
