3196 5226
365 431 426 493 146
676 440 811 502 meres,
835 442 901 491 nn.
925 427 1016 503 1222,
1041 441 1103 492 nr.
1128 430 1156 492 6.

361 613 396 677 in
418 611 578 676 dominico
604 617 749 695 tempore
773 609 814 672 H.
838 608 939 695 Regis
964 608 1019 674 eui
1043 607 1166 674 domini
1188 609 1287 696 Regis
1309 611 1474 698 capiendo

362 715 437 780 inde
452 715 584 800 explete
596 712 638 778 od
653 711 834 778 ueleneiem
848 735 877 776 x.
893 711 947 776 sol.
964 719 998 776 et
1013 711 1054 776 de
1069 711 1140 796 ipsa
1162 711 1278 776 Emma
1298 712 1473 778 deseendit

362 817 413 882 ius
436 825 519 882 terre
541 815 629 880 iilius
642 813 807 880 Willelmo
827 813 867 878 de
884 813 1086 878 Mentemore
1100 813 1167 878 filio
1182 822 1216 879 et
1231 813 1342 880 heredi
1357 838 1419 882 suo
1435 825 1473 880 et

362 921 402 988 de
417 922 486 1008 ipso
501 920 665 984 Willelmo
680 925 738 984 ete
754 916 817 1002 ipsi
836 916 992 982 Metillidi
1011 925 1050 980 ut
1071 917 1137 982 filie
1159 925 1193 980 et
1216 917 1327 982 heredi
1348 941 1419 995 sue,
1435 926 1473 983 et

363 1025 448 1112 quod
470 1025 541 1111 ipse
563 1024 679 1088 Emme
703 1020 766 1086 fuit
790 1020 866 1084 inde
889 1019 1000 1084 seisite
1024 1028 1059 1084 et
1078 1020 1165 1105 quod
1188 1021 1238 1086 ius
1265 1029 1349 1086 terre
1376 1022 1472 1086 illius

362 1129 501 1194 debebat
533 1126 724 1193 descendere
760 1123 866 1190 eidem
896 1122 1050 1188 Metillidi
1086 1123 1170 1190 sieut
1202 1125 1385 1210 predictum
1417 1133 1472 1190 est

363 1231 456 1296 offert
484 1230 619 1316 prebere
648 1251 761 1294 uersus
790 1249 865 1292 eum
895 1226 980 1292 siout
1009 1227 1098 1291 ouria
1127 1227 1379 1294 considemuerit
1409 1251 1472 1314 per

226 1403 228 1408 ,
362 1358 476 1422 eorpus
498 1333 664 1400 cuiusdam
686 1331 781 1398 liberi
802 1329 942 1396 hominis
964 1329 1015 1394 sui
1038 1330 1189 1396 Nioholei
1209 1331 1266 1416 qui
1288 1332 1349 1398 hoo
1371 1333 1471 1398 offert

362 1439 495 1525 probare
510 1458 697 1524 percorpus
713 1457 809 1500 suum
824 1434 908 1498 siout
922 1433 1012 1498 ouria
1026 1434 1276 1500 considerauerit
1291 1442 1351 1500 ete

427 1543 470 1608 Et
486 1539 647 1608 Heniioue
663 1537 756 1604 uenit
771 1545 805 1602 et
820 1536 966 1602 defendit
980 1536 1031 1603 ius
1046 1559 1141 1602 suum
1154 1545 1188 1602 et
1197 1537 1348 1604 eeisinem
1362 1536 1470 1622 ipsius

362 1647 476 1711 Emme
492 1653 526 1712 et
545 1652 652 1710 totum
673 1641 713 1708 de
736 1640 835 1706 uerbo
857 1639 898 1706 ed
921 1640 1059 1706 uerbum
1080 1663 1139 1726 per
1160 1661 1274 1725 eorpus
1296 1639 1468 1706 cuiusdam

360 1749 454 1815 liberi
472 1749 477 1835 Ι
497 1747 636 1814 hominis
664 1745 794 1812 nomine
825 1743 973 1810 Godwini
1001 1745 1059 1830 qui
1084 1743 1144 1808 hoo
1169 1743 1264 1810 offert
1292 1743 1469 1810 defendere

360 1876 417 1939 per
431 1875 546 1938 eorpus
560 1874 655 1918 suum
671 1851 755 1918 siout
770 1849 859 1916 curie
873 1847 1129 1914 considereuerit.

427 1959 470 2022 Et
486 1956 647 2022 Hemious
661 1955 701 2020 de
717 1953 886 2020 Neffordie
899 1975 957 2038 pro
977 1975 1011 2018 se
1032 1960 1066 2018 et
1089 1952 1249 2020 Metillide
1271 1974 1371 2019 uxore
1394 1953 1468 2018 eius

362 2061 455 2126 cuius
477 2063 544 2126 loeo
564 2059 696 2147 ponitur
715 2058 809 2124 uenit
823 2066 858 2122 et
872 2057 952 2124 dicit
967 2057 1052 2142 quod
1067 2057 1136 2143 ipse
1151 2080 1215 2122 non
1236 2056 1335 2122 debet
1357 2055 1466 2122 eidem

363 2164 498 2250 Hugoni
513 2173 632 2228 terrem
647 2162 737 2228 illem
752 2161 958 2226 warentizere
974 2160 1051 2246 quie
1069 2159 1241 2245 aliquando
1256 2160 1291 2226 in
1305 2159 1467 2224 comitatu

361 2265 402 2332 de
418 2265 609 2332 Bedefordie
623 2265 687 2330 fuit
702 2264 859 2351 placitum
879 2264 965 2330 inter
986 2262 1093 2348 ipsum
1116 2263 1295 2330 Henrioum
1317 2263 1358 2328 de
1381 2263 1465 2328 Naf-

361 2370 463 2438 fordie
495 2378 529 2434 et
559 2368 753 2436 Metillidem
791 2389 923 2432 uxorem
956 2367 1027 2434 eius
1055 2375 1205 2452 petentes
1230 2376 1270 2432 et
1299 2366 1465 2452 quendem

361 2472 536 2538 Rioerdum
557 2472 598 2538 de
621 2471 792 2538 Glanwilla
814 2477 981 2536 tenentem
1004 2470 1044 2536 de
1064 2470 1136 2556 ipse
1149 2478 1184 2536 et
1199 2469 1312 2536 eedem
1328 2477 1416 2534 terre
1430 2469 1464 2534 in

361 2577 441 2640 uille
469 2577 509 2641 de
538 2577 657 2662 Aspele
683 2576 731 2640 ite
757 2573 842 2661 quod
870 2575 938 2660 ipse
963 2574 1120 2638 Rieerdus
1142 2574 1330 2660 recognouit
1356 2573 1464 2642 eidem

362 2680 504 2746 Henrioo
529 2689 649 2746 terrem
674 2679 779 2746 illem²
806 2701 874 2744 esse
898 2678 949 2742 ius
973 2677 1075 2763 ipsius
1098 2677 1232 2744 Henriei
1258 2687 1292 2744 et
1316 2678 1347 2742 ei
1371 2678 1463 2748 illem

362 2783 486 2848 remisit
501 2791 559 2848 eto.
576 2791 610 2847 et
629 2781 705 2847 inde
725 2781 819 2846 offert
833 2803 952 2867 ponere
967 2803 1001 2848 se
1017 2803 1114 2866 super
1126 2781 1273 2866 petriam.
1311 2781 1465 2848 Preteree

361 2885 441 2952 dicit
470 2887 556 2973 quod
584 2887 675 2952 nullo
703 2885 798 2952 modo
827 2885 925 2952 debet
954 2885 1115 2952 Henricus
1144 2907 1212 2950 esse
1243 2885 1336 2950 heres
1360 2885 1464 2970 ipsus

361 2992 492 3058 Rioerdi
502 2991 542 3058 de
554 2991 718 3058 Glonuillo
729 2989 806 3076 quie
816 2990 878 3056 iste
894 2991 1055 3056 Henrious
1070 2991 1160 3056 nulle
1173 2991 1332 3056 affinitate
1347 3013 1463 3076 peren-

361 3096 426 3160 tele
448 3097 584 3184 attingit
605 3096 712 3182 ipsum
734 3094 908 3160 Rioerdum
927 3102 962 3159 et
976 3093 1103 3160 nullum
1118 3093 1298 3181 ingressum
1312 3095 1415 3160 hebet
1429 3094 1463 3160 in

361 3206 480 3264 terrem
502 3199 592 3267 illem
614 3199 677 3264 nisi
698 3220 756 3284 per
777 3198 988 3264 intrusionem
1010 3219 1125 3282 guerre
1148 3205 1182 3261 et
1202 3197 1263 3262 hoe
1276 3205 1369 3283 potet
1384 3197 1463 3284 quia

362 3325 467 3388 neque
481 3303 550 3388 ipse
565 3326 670 3390 neque
685 3302 847 3368 Henrieus
860 3303 993 3368 fuerunt
1008 3300 1083 3366 inde
1098 3301 1201 3368 seisiti
1215 3302 1278 3368 nisi
1289 3325 1347 3388 per
1357 3303 1462 3388 ipsam

361 3428 510 3492 guerram
540 3417 599 3474 ete
627 3416 661 3473 et
689 3407 774 3492 petit
803 3406 960 3472 iudicium
986 3405 1014 3470 si
1038 3413 1170 3490 propter
1198 3406 1298 3472 telem
1328 3407 1461 3472 modum

361 3510 533 3596 guarenoie
555 3511 673 3576 debeat
694 3511 746 3576 ius
765 3533 861 3576 suum
875 3509 1034 3576 emittere.
1080 3508 1124 3574 Et
1139 3517 1286 3594 preterea
1299 3510 1384 3595 petit
1400 3509 1462 3576 sibi
1584 3585 1585 3594 ἵ

361 3613 490 3677 elioeari
518 3613 605 3699 quod
634 3615 702 3699 ipse
732 3614 855 3680 nullam
885 3622 1007 3680 carram
1032 3613 1153 3698 profert
1178 3635 1236 3698 per
1264 3637 1363 3700 quem
1391 3615 1460 3700 ipse

363 3717 524 3782 Hem-icus
546 3717 663 3782 debeat
683 3718 789 3784 eidem
804 3717 939 3804 Hugoni
954 3716 1158 3784 warentizere
1174 3725 1208 3782 et
1222 3717 1316 3782 offert
1331 3717 1461 3782 domino

363 3819 446 3905 Regi
458 3819 482 3905 j.
498 3843 539 3885 m.
555 3843 613 3906 pro
633 3821 678 3888 sio
700 3821 786 3906 quod
808 3820 991 3906 inquiretur
1012 3828 1123 3886 utrum
1145 3820 1213 3906 ipse
1237 3821 1336 3908 Hugo
1359 3821 1459 3889 elium

362 3922 540 4008 ingressum
563 3923 683 3992 hebeat
702 3925 737 3988 in
757 3923 980 3990 terramillam
995 3923 1058 3988 nisi
1071 3945 1130 4008 per
1142 3944 1292 4009 guerram
1307 3931 1341 3987 et
1356 3923 1460 3990 intm-

284 4029 287 4037 “
361 4027 483 4092 sionem
497 4027 599 4112 ipsius
612 4050 728 4114 guerre
739 4036 798 4094 eto.
833 4028 877 4094 Et
888 4027 1050 4094 Henrious
1061 4027 1101 4092 de
1113 4027 1278 4092 Glenuille
1291 4049 1350 4113 per
1360 4037 1459 4096 ottor-

361 4138 475 4194 netum
497 4152 593 4194 suum
615 4130 695 4198 dicit
715 4129 802 4216 quod
815 4130 884 4216 ipse
899 4141 949 4196 est
964 4131 1057 4196 heres
1070 4129 1208 4216 predicti
1223 4129 1353 4198 Rieerdi
1373 4138 1407 4198 et
1421 4137 1459 4194 ut

361 4256 459 4319 nepos
474 4241 508 4298 et
523 4233 615 4298 heres
629 4255 706 4298 suus
720 4233 828 4320 posuit
843 4256 876 4300 se
891 4235 926 4300 in
941 4233 1156 4300 hereditatem
1171 4255 1263 4298 suem
1278 4240 1312 4298 et
1322 4255 1388 4298 non
1402 4253 1459 4318 per

360 4337 578 4402 intrusionem.
616 4337 694 4402 Post
708 4336 800 4403 uenit
816 4337 977 4404 Henrious
991 4337 1032 4404 de
1048 4337 1216 4404 Neffordie
1231 4345 1265 4403 et
1279 4337 1359 4402 dicit
1374 4334 1458 4422 quod

522 4465 530 4496 ¹
548 4467 691 4526 roooooouit
702 4465 755 4516 end
767 4474 857 4516 terram
868 4469 948 4525 illam.
960 4467 1098 4518 interlined
1110 4467 1142 4529 by
1153 4467 1300 4516 annotator.
