3308 5226
332 427 396 492 654
631 435 773 499 meme,
795 435 860 486 un.
885 423 978 498 1234,
1001 436 1064 486 nn.
1090 425 1138 486 18.

330 611 495 698 predictus
509 610 583 676 Ada
597 631 682 674 anno
697 617 731 674 et
746 609 799 674 die
814 632 879 696 quo
894 608 959 674 fuit
981 609 1080 674 uiuus
1100 617 1136 674 et
1158 615 1306 672 mortuus
1327 605 1438 672 tenuit

330 714 462 801 aliquod
491 721 717 780 tenementum
747 714 800 778 uel
830 713 962 778 feodum
991 713 1031 778 de
1061 713 1131 798 ipso
1161 713 1303 789 Oliuem,
1328 709 1384 775 uel
1410 709 1439 773 si

330 841 389 906 per
418 819 529 883 decem
556 840 657 882 ennon
678 825 755 882 ante
777 825 916 881 mortem
942 839 1034 880 tunm
1060 816 1192 880 feodum
1218 814 1305 902 qnod
1327 812 1439 878 tenuit

331 921 366 987 in
392 921 505 986 eadem
531 921 612 985 uilla
633 920 774 984 reddidit
797 919 861 1004 ipsi
885 920 1018 985 Oliuero
1042 927 1112 996 etc,
1133 927 1169 984 et
1190 917 1437 1004 inquisicionem

331 1025 443 1089 uenire
459 1023 556 1088 saciet
571 1023 606 1087 in
621 1023 692 1088 Oct.
709 1023 742 1088 S.
756 1022 852 1086 Mich.
868 1045 927 1108 per
942 1023 1068 1086 litterae
1083 1031 1117 1086 et
1131 1045 1190 1108 per
1200 1023 1281 1087 duos
1295 1029 1355 1086 etc.
1392 1021 1440 1084 Et

333 1127 501 1194 sciendum
531 1126 617 1212 quod
646 1125 809 1212 Margerie
832 1125 995 1210 cognoscit
1016 1125 1102 1211 quod
1125 1125 1212 1190 idem
1234 1125 1309 1190 Ado
1330 1124 1440 1189 tenuit

332 1239 557 1296 tenementum
572 1251 669 1294 suum
684 1229 720 1293 in
734 1227 966 1293 Aimodeshnm
981 1228 1016 1292 in
1031 1229 1174 1314 eocoegio
1188 1237 1248 1294 etc

395 1332 562 1398 «Iohannes
580 1331 610 1396 le
627 1331 731 1396 Oham
751 1337 786 1394 et
809 1330 968 1395 Keterine
989 1353 1072 1396 uxor
1092 1331 1163 1396 eius
1184 1339 1303 1417 petunt
1325 1353 1440 1396 nemus

331 1437 498 1502 Juliemm
521 1435 623 1500 filium
654 1435 831 1500 Normnnn’
858 1434 1069 1500 medietatem
1094 1435 1117 1520 j.
1145 1435 1230 1521 hyde
1254 1444 1339 1500 terre
1363 1457 1439 1499 cum

332 1547 413 1626 pert.
435 1539 471 1604 in
495 1538 602 1616 Burn’‚
625 1545 659 1602 et
681 1559 794 1602 uersus
816 1537 1000 1602 Johannem
1023 1537 1167 1602 Guloffre
1190 1538 1257 1624 viij.
1279 1561 1340 1604 nor.
1363 1561 1440 1604 cum

333 1649 413 1728 pert.
436 1641 471 1706 in
494 1640 607 1704 eedem
629 1639 709 1704 uilla
730 1648 769 1704 ut
794 1639 846 1706 ius
867 1663 963 1706 suum
987 1648 1022 1704 et
1047 1641 1134 1705 unde
1156 1641 1296 1727 quedam
1319 1640 1441 1726 Roysin

334 1747 402 1810 filio
438 1744 569 1810 Redulfi
601 1743 641 1810 de
673 1743 784 1808 Norm'
815 1752 850 1808 et
879 1752 984 1810 mater
1013 1745 1157 1830 predicte
1188 1746 1345 1810 Keterine
1373 1745 1440 1810 fuit

333 1848 445 1914 seieito
466 1847 501 1912 in
523 1846 684 1912 dominico
705 1869 765 1910 suo
786 1855 826 1912 ut
845 1847 886 1912 de
908 1847 1001 1912 feodo
1024 1856 1059 1913 et
1080 1849 1150 1914 iure
1172 1857 1317 1935 tempore
1339 1849 1441 1935 Regin

333 1955 365 2022 J.
388 1953 544 2040 capiendo
566 1951 697 2038 expleto
719 1959 779 2018 etc
804 1952 901 2017 etde
925 1952 1071 2038 predicta
1094 1953 1254 2018 Katerina
1273 1953 1442 2020 descendit

333 2057 390 2126 isti
405 2057 545 2124 Redulfo
552 2055 570 2122 ¹.

399 2163 444 2226 Et
455 2163 478 2227 J
480 2162 589 2226 uliano
600 2161 693 2226 uenit
705 2169 739 2226 et
754 2160 834 2228 dicit
846 2159 933 2246 quod
942 2161 1107 2246 predictus
1117 2161 1140 2226 J
1140 2161 1283 2226 ohannes
1295 2161 1441 2226 Guleffre

334 2263 420 2350 petit
449 2285 563 2328 uersus
589 2285 660 2330 eam
685 2263 821 2328 eandem
845 2263 1057 2329 medietatem
1080 2263 1168 2328 illius
1190 2264 1276 2350 hyde
1298 2273 1383 2329 terre
1405 2265 1442 2328 in

334 2369 424 2434 curio
454 2368 547 2434 Dom
578 2367 679 2454 Regis
715 2375 797 2452 aput
825 2368 1162 2446 westmonasterium,
1191 2377 1225 2434 et
1254 2368 1340 2434 unde
1370 2369 1444 2455 ipse

334 2472 443 2558 posuit
472 2493 506 2536 se
535 2471 571 2536 in
592 2493 745 2556 magnum
770 2470 900 2536 misam
929 2471 1022 2536 Dom.
1050 2471 1158 2557 Regis,
1183 2471 1269 2537 siout
1290 2480 1384 2558 potet
1406 2472 1442 2536 in

334 2577 440 2642 rotulo
459 2599 480 2641 e
499 2575 552 2640 die
572 2575 605 2640 S.
621 2575 695 2640 Joh.
710 2574 746 2640 in
765 2597 815 2640 xv.
837 2575 916 2652 dien,
930 2584 965 2640 et
986 2576 1073 2661 petit
1094 2576 1252 2640 iudicium
1273 2577 1301 2641 si
1322 2577 1444 2642 debeat

336 2681 466 2766 utrique
481 2679 681 2765 respondere.
722 2679 768 2744 Et
782 2679 860 2765 quie
874 2679 961 2744 idem
975 2680 999 2744 J
1000 2680 1143 2746 ohannes
1157 2681 1248 2768 prius
1261 2681 1444 2768 inpetrauit

335 2780 435 2846 breue
455 2803 551 2846 suum
571 2803 669 2866 quem
689 2779 753 2866 ipsi
772 2780 938 2845 Johonnes
958 2789 993 2845 et
1013 2782 1173 2848 Knterina
1191 2793 1225 2848 ct
1247 2784 1329 2850 illud
1351 2784 1444 2871 prius

335 2892 386 2950 est
401 2907 462 2949 usu
477 2892 512 2950 et
526 2891 682 2969 tempore,
698 2883 771 2948 ideo
785 2883 861 2948 inde
877 2884 946 2948 sine
962 2884 1014 2949 dic
1030 2884 1131 2950 donec
1146 2887 1268 2951 scietur
1282 2887 1335 2951 cui
1355 2895 1444 2951 term

335 2987 393 3053 illc
413 2987 603 3063 remanebit,
626 2995 660 3050 et
686 2986 787 3050 donec
817 2987 945 3072 loquele
974 2986 1168 3052 terminetur
1196 2988 1283 3052 inter
1312 2988 1442 3052 eosdem

335 3093 359 3158 J
361 3092 520 3157 ohannem
536 3090 679 3156 Guleffre
695 3099 729 3154 et
744 3091 767 3154 J
768 3090 919 3154 ulianam.

404 3196 448 3260 Et
459 3196 481 3260 J
483 3194 641 3259 ohannes²
652 3195 745 3258 uenit
761 3201 795 3258 et
809 3193 988 3280 dicitquod
1003 3196 1103 3260 nichil
1118 3204 1211 3260 tenet
1222 3196 1263 3262 de
1278 3197 1444 3278 termille,

336 3299 394 3366 sed
409 3299 541 3386 quidum
556 3299 678 3385 Symon
692 3299 779 3364 filiun
793 3299 954 3366 Johnnnis
969 3301 1026 3386 qui
1045 3310 1095 3365 est
1115 3301 1200 3365 infre
1214 3311 1337 3367 etatem
1351 3303 1442 3368 illam

338 3410 429 3467 tenet
444 3410 483 3466 ut
498 3401 538 3466 de
553 3401 637 3466 dono
652 3401 753 3488 ipsius
767 3402 790 3466 J
791 3402 927 3467 ohannis
947 3403 1092 3468 Guleffre
1111 3403 1196 3468 sicut
1216 3403 1306 3469 illem
1322 3405 1362 3470 de
1377 3429 1445 3492 que

337 3529 413 3572 eum
435 3506 580 3571 feoffauit
602 3514 777 3592 antequem
800 3507 900 3571 breue
922 3515 1007 3571 esset
1028 3507 1239 3592 inpetratum,
1261 3517 1296 3573 et
1316 3531 1445 3596 semper

336 3611 400 3676 fuit
422 3611 457 3675 in
479 3610 597 3675 seieine
617 3633 638 3674 a
659 3611 741 3675 festo
765 3611 796 3676 S.
819 3611 917 3676 Mich.
939 3633 1024 3675 anno
1046 3611 1085 3675 R.
1100 3612 1188 3696 xvij⁰.
1211 3621 1246 3677 et
1267 3613 1444 3700 incipiente
1505 3655 1507 3659 ·

335 3714 436 3800 xviij0.
459 3737 562 3800 usquc
584 3714 734 3780 adhunc
756 3715 843 3779 diem
866 3723 901 3778 et
923 3715 1054 3801 expleta
1075 3715 1151 3781 inde
1173 3717 1262 3802 capit
1283 3717 1332 3782 ita
1356 3719 1446 3804 quod

338 3817 425 3882 idem
440 3817 462 3882 J
463 3815 627 3882 ohennes‘
640 3817 764 3881 nullam
779 3817 930 3882 seieinam
948 3818 1065 3883 hebuit
1079 3841 1139 3883 nec
1161 3819 1292 3905 expleta
1312 3821 1445 3906 recepit.

339 3921 383 3987 Et
404 3921 572 3986 Johanncs
593 3928 628 3986 et
655 3919 834 3985 Keterinn⁴
859 3921 974 3986 dicunt
996 3922 1082 4008 quod
1106 3921 1195 4008 ipse‘
1221 3923 1285 3987 fuit
1310 3923 1387 3989 inde
1409 3925 1445 3990 in

336 4025 456 4091 seisine
470 4023 599 4109 quando
612 4023 713 4088 breue
729 4023 793 4088 fuit
808 4023 1009 4109 inpetratum
1024 4034 1059 4090 et
1074 4033 1193 4111 poetee

404 4130 481 4194 Poct
495 4128 589 4195 uenit
603 4127 627 4192 J
628 4127 771 4192 ohannes
786 4136 820 4192 et
835 4129 928 4214 ponit
943 4151 977 4194 se
990 4129 1026 4193 in
1041 4151 1193 4217 magnam
1205 4129 1338 4196 assisam
1349 4131 1445 4197 Dom.

372 4329 381 4362 ¹
400 4328 450 4380 Sic.
948 4328 959 4360 ⁴
975 4326 1030 4378 The
1040 4325 1222 4379 demandante.

371 4393 454 4508 :RS
464 4393 638 4509 iiiiii&
649 4393 773 4444 Gnlotire.
948 4392 1146 4443 ‘Thetenent
