3276 5234
474 425 627 487 2222222,
649 423 713 474 sn.
739 409 832 486 1227,
854 425 917 475 ss.
943 412 991 473 11.
1223 412 1285 472 215
1333 365 1336 372 ¹

172 610 297 666 cartam
316 601 442 686 profert
461 622 524 665 nec
543 599 667 686 aliquid
686 599 776 666 aliud
795 600 859 666 nisi
872 598 1052 686 simplicem
1067 621 1180 664 uocem
1194 621 1287 663 susm

173 711 208 769 22
222 713 375 790 preterea
388 703 556 790 cognoscit
571 702 657 789 quod
671 703 817 789 Rogerus
832 703 914 768 obiit
933 702 1064 767 22121222
1083 701 1123 768 (12
1144 702 1287 766 manerio

174 807 231 872 illo
260 829 339 871 curn
368 805 590 892 pertinenciis,
612 815 647 870 ct
676 805 785 870 Leuca
807 813 920 891 postea
942 805 1054 870 eodem
1077 805 1180 882 modo,
1203 803 1286 870 Gon·

176 909 358 973 sideratum
387 917 439 973 222
469 908 557 994 quod
587 907 756 994 Philippus
785 907 989 993 recuperauit
1015 907 1165 972 seisinam
1195 929 1287 972 suam

177 1014 305 1078 racione
321 1013 470 1077 custodie
486 1013 630 1098 predicte
644 1013 784 1098 Agnetis
799 1013 888 1077 saluo
908 1013 979 1076 iure
999 1011 1102 1097 ipsius
1116 1011 1245 1097 Rogeri,
1260 1011 1288 1076 si

178 1125 292 1203 postea
305 1117 384 1183 inde
399 1117 489 1203 loqui
505 1117 654 1193 uoluerit,
668 1125 703 1182 et
718 1116 865 1202 Rogerus
879 1116 913 1180 in
928 1115 1151 1180 misericordia
1172 1117 1178 1202 Ι

128 1261 135 1276 ·
242 1219 373 1284 ¹Assisa
399 1220 495 1284 uenit
516 1220 721 1306 recognitum
741 1219 815 1305 quis
836 1220 1013 1284 aduocatos
1035 1227 1178 1304 tempore
1200 1217 1289 1302 pacis

179 1323 385 1408 presentauit
399 1321 553 1387 ultimam
568 1345 735 1408 personam
756 1345 820 1408 que
839 1331 969 1387 mortua
988 1331 1038 1387 cst
1057 1323 1099 1387 ad
1121 1322 1288 1388 ecclesiam

180 1429 220 1493 de
457 1427 555 1513 ¹'que
578 1436 681 1502 uacat,
704 1427 797 1492 ouius
826 1427 1078 1493 aduocacionem'
1103 1429 1220 1492 Emma
1247 1427 1288 1492 de

181 1531 273 1595 Bella
287 1529 379 1617 Fago
393 1529 514 1594 clamat
528 1551 641 1594 uersus
655 1531 857 1594 Willelmum
872 1530 1024 1595 comitem
1040 1530 1080 1595 de
1095 1528 1290 1595 Warrenna⁸

180 1643 214 1698 ct
236 1633 436 1698 Matillidcm
464 1655 599 1697 uxorem
627 1633 697 1697 eius
725 1641 761 1698 et
783 1633 985 1697 Willelmum
1014 1633 1055 1698 de
1080 1633 1224 1698 Verdum
1253 1641 1288 1697 et

180 1735 359 1800 Ricardum
396 1735 436 1800 dc
476 1734 667 1822 Ferebrigg'.
731 1736 775 1800 Et
810 1735 946 1800 Matillis
978 1744 1013 1800 et
1043 1735 1226 1801 Willelmus
1255 1745 1290 1800 et

180 1840 341 1904 Rioerdus
369 1860 436 1902 non
465 1845 627 1902 uenerunt
649 1846 684 1902 et
705 1838 852 1902 fecerunt
873 1837 1037 1916 defaltam,
1059 1838 1107 1902 ita
1128 1837 1215 1924 quod
1236 1837 1289 1903 die

179 1939 344 2007 dominica
358 1947 436 2004 ante
451 1939 696 2004 descensionem
712 1940 845 2004 Domini
863 1939 1100 2006 consideratum
1120 1940 1184 2006 fuit
1203 1941 1290 2026 quod

181 2045 284 2111 assisa
298 2053 471 2131 caperetur
484 2067 543 2130 per
556 2043 711 2108 defaltam
726 2067 840 2110 uersus
854 2067 916 2110 eos.

245 2151 292 2214 Et
308 2149 426 2215 Comes
440 2147 534 2212 uenit
548 2171 606 2233 per
620 2156 822 2212 attomatum
837 2153 933 2212 suurn
948 2157 982 2213 22
997 2147 1077 2213 (11212
1092 2147 1177 2234 quod
1192 2147 1292 2213 assisa

180 2275 245 2317 non
274 2251 377 2316 debet
403 2251 480 2315 inde
501 2251 573 2315 fieri
594 2250 672 2336 quia
692 2251 763 2336 ipsa
784 2273 850 2314 non
872 2250 972 2316 habet
993 2250 1028 2314 in
1050 2251 1130 2316 uilla
1151 2252 1208 2316 illa
1229 2251 1292 2317 nisi

181 2357 317 2422 terciam
348 2363 476 2442 partem
506 2355 594 2419 illius
622 2354 700 2419 uilla
730 2362 765 2419 ct
788 2354 875 2418 idem
898 2355 1014 2421 Comes
1035 2364 1070 2420 ct
1091 2355 1148 2419 alii
1170 2355 1293 2420 habent

181 2461 262 2524 duas
293 2467 405 2545 partes
433 2467 469 2522 22
497 2457 571 2522 ideo
600 2479 664 2522 non
689 2466 799 2543 potest
821 2459 892 2542 ipsa
913 2458 1051 2522 clamare
1073 2458 1136 2522 nisi
1158 2460 1291 2526 terciam

182 2571 311 2648 purtem
333 2561 423 2625 illius
444 2559 676 2625 aduocacionis.
721 2559 764 2623 Et
784 2559 867 2624 bene
897 2559 1060 2646 cognoscit
1088 2560 1175 2646 quod
1205 2561 1292 2627 (1112-

182 2667 297 2731 bertus
314 2665 356 2729 de
378 2663 560 2729 Norfolcia⁴
574 2662 736 2749 quondam
758 2663 811 2728 uir
832 2664 934 2750 ipsius
956 2665 1071 2730 Emme
1093 2666 1295 2751 presentauit

186 2770 339 2834 nltimam
356 2791 533 2854 personam.

248 2873 295 2936 Et
310 2872 430 2936 Emma
443 2871 503 2935 1222
518 2870 605 2936 idem
620 2871 782 2956 cognoscit
797 2871 837 2935 (12
852 2871 1092 2957 presentatione
1108 2872 1170 2937 uiri
1185 2873 1244 2951 sui,
1259 2883 1294 2938 et

184 2975 314 3060 quesita
335 2973 364 3037 si
385 2973 579 3038 nominatim
601 2972 715 3037 dotata
736 2973 799 3037 suit
822 2973 862 3038 (12
885 2974 1097 3039 aduocacione
1119 2975 1176 3039 illa
1197 2983 1232 3040 22
1253 2975 1294 3039 (12

183 3081 240 3144 illa
261 3087 356 3165 purte
379 3087 465 3143 terre
488 3101 586 3164 quarn
608 3085 701 3142 tenet
723 3078 758 3142 in
778 3077 897 3156 dotem,
912 3077 992 3142 dicit
1011 3078 1098 3165 quod
1118 3079 1230 3156 nescit,
1245 3085 1295 3144 set

184 3185 264 3249 dicit
281 3183 368 3270 quod
389 3183 523 3248 22212212
542 3183 605 3247 sita
619 3183 719 3247 estin
733 3190 821 3247 terra
835 3183 892 3246 illa
906 3204 1004 3268 quam
1019 3191 1112 3248 tenet
1127 3183 1161 3248 in
1176 3183 1294 3249 dotem.

184 3285 244 3351 Er*
259 3308 373 3350 omncs
391 3293 588 3372 cognoscunt
608 3285 694 3371 quod
716 3285 901 3350 Gilebertus
920 3287 1123 3370 presentauit
1145 3287 1295 3352 ultimam

180 3411 364 3476 personam,
386 3388 635 3455 Consideratum
665 3395 715 3452 222
744 3387 832 3473 quod
861 3387 1019 3452 iuratores
1049 3388 1203 3454 recedant
1225 3389 1294 3454 sinc
1308 3412 1429 3461 sosquou

181 3492 245 3558 die.
291 3491 338 3555 Et
358 3490 438 3577 quia
458 3490 530 3576 ipsa
551 3491 668 3554 Emma
688 3489 790 3554 nichil
810 3489 954 3554 ostendit
976 3489 1062 3576 quod
1085 3491 1161 3556 inde
1183 3492 1296 3557 dotata
1307 3461 1444 3592 {3⁸¹}ss

181 3603 347 3660 essetnec
362 3601 485 3658 sectam
499 3615 558 3657 nec
578 3593 690 3658 uiuam
710 3615 823 3658 uocem
843 3593 920 3658 inde
943 3593 1100 3680 producit,
1124 3602 1158 3659 22
1180 3595 1296 3660 Comes
1308 3599 1460 3685 ffigssffl

181 3697 334 3763 defendit
357 3695 445 3782 quod
473 3695 546 3782 ipsa
566 3717 631 3760 non
653 3695 718 3760 fuit
739 3695 932 3761 nominatim
961 3696 1037 3761 inde
1067 3697 1188 3776 dotata,
1211 3697 1295 3763 (lon-
1308 3693 1460 3788 fflffi'

180 3801 367 3868 sideratum
389 3799 547 3886 estquod
568 3801 686 3864 Emma
705 3822 770 3864 non
787 3808 896 3886 potest
918 3799 1055 3865 clamare
1077 3801 1140 3865 nisi
1163 3801 1296 3866 terciam
1309 3785 1460 3872 llt'lrldffis

182 3915 316 3992 partem
346 3901 436 3968 illius
464 3901 695 3980 aduocacionis‚
717 3901 843 3967 desicut
869 3924 933 3967 non
955 3902 1056 3968 habet
1077 3903 1141 3968 nisi
1162 3903 1296 3969 terciam
1309 3877 1426 3920 immi

180 4015 313 4094 partem
336 4004 480 4071 manerii
527 4005 570 4070 Et
591 4004 664 4071 ideo
684 4005 801 4072 (lomes
820 4003 896 4070 inde
916 4005 986 4070 sine
1005 4005 1059 4072 die
1082 4014 1116 4072 et
1132 4006 1249 4072 Emma
1262 4006 1296 4072 in

182 4109 415 4177 misericordia

216 4246 225 4278 ¹
244 4247 276 4296 B.
289 4259 326 4295 m.
341 4246 381 4297 10.
803 4246 916 4310 ‘Norf3
933 4245 971 4296 212
982 4247 1012 4296 Β.

216 4311 268 4360 *A
291 4325 369 4375 space
393 4309 416 4360 is
438 4311 498 4370 lcft;
528 4310 549 4360 B
577 4311 625 4362 has
649 4313 718 4362 1212-
803 4311 930 4375 lSupply
942 4314 1013 4375 quia,
1026 4311 1056 4361 B.

184 4377 274 4439 triyq'.
802 4376 813 4408 ⁶
831 4377 878 4428 See
891 4377 934 4426 Br.
948 4377 964 4428 1.
980 4379 1012 4428 96
1023 4377 1047 4426 b.

217 4443 228 4475 ⁸
248 4441 344 4500 Worr’;
363 4441 401 4491 212
412 4441 442 4492 Β.
