3260 5218
343 431 385 494 28
528 445 754 494 6161661116
777 443 928 504 166611,
950 441 1016 492 an.
1042 429 1223 506 121616.
1246 429 1274 492 3.

408 619 452 684 Et
467 619 544 706 quia
563 627 721 686 testatum
741 627 790 685 661
810 641 907 705 super
924 619 1118 685 scaccarium
1139 625 1174 682 et
1193 637 1252 701 per
1273 612 1457 680 Radulfum

343 723 384 788 16
411 723 577 789 Noouilla¹
603 724 690 811 quod
713 724 775 789 Ida
797 723 896 787 finem
922 722 999 786 fecit
1023 743 1098 786 cum
1123 719 1254 784 domino
1277 717 1368 802 Rege
1395 735 1458 800 pro

343 827 493 892 habenda
507 828 653 892 custodia
667 827 794 892 heredis
809 825 960 892 Henriei¹
974 835 1008 892 et
1023 849 1097 891 eum
1116 823 1261 910 undique
1276 829 1403 908 ponunt
1418 842 1457 884 se

343 929 378 993 in
399 929 539 994 iuratam
561 929 602 994 de
624 930 769 1008 66161616,
793 927 1040 996 Consideratum
1064 935 1114 992 est
1137 926 1224 1012 quod
1248 925 1355 990 iurata
1376 921 1456 987 inde

343 1032 401 1096 fiat
416 1041 450 1097 et
465 1033 579 1098 ueniat
593 1056 613 1098 a
627 1033 680 1097 116
697 1033 728 1098 S.
745 1031 888 1096 11161116
903 1054 952 1096 xv.
968 1030 1038 1096 dies
1057 1029 1099 1095 61
1117 1027 1410 1115 recognoscendum
1426 1025 1457 1090 si

343 1135 507 1222 predictus
522 1137 687 1202 Walterus
705 1137 813 1200 tenuit
834 1143 953 1200 temam
974 1135 1009 1199 in
1032 1135 1176 1200 Gretona
1197 1155 1256 1220 per
1278 1131 1453 1197 seruioium

344 1239 484 1304 militare
500 1241 553 1304 uel
568 1262 627 1326 per
640 1239 813 1304 6616161616
829 1237 948 1323 socagii
963 1245 1022 1302 616

274 1405 280 1419 ,
410 1341 501 1406 Prior
525 1341 566 1406 de
589 1342 738 1406 Mertona
760 1340 837 1405 fecit
859 1339 1056 1404 summoneri
1082 1339 1226 1403 Alanum
1248 1337 1289 1402 (16
1312 1337 1456 1402 Β611666

287 1468 293 1480 ·
345 1451 380 1507 et
416 1443 567 1508 Roesiam
603 1465 737 1507 uxorem
774 1442 844 1506 6166
880 1450 914 1506 61
951 1441 1147 1506 Matillidem
1176 1463 1316 1504 sororem
1352 1439 1455 1524 ipsius

346 1545 484 1611 Rohesie
509 1546 552 1611 ad
580 1545 839 1632 respondendum
863 1567 961 1632 (16616
991 1545 1054 1631 ipsi
1075 1544 1260 1630 impediunt
1289 1550 1454 1630 presenta-

344 1649 469 1713 oionem
499 1671 591 1713 suam
614 1648 657 1714 ad
686 1649 853 1713 6661661661
878 1647 919 1713 (16
950 1649 1093 1712 Β611666
1122 1669 1185 1733 (166
1209 1655 1306 1712 uacat
1329 1654 1388 1709 ete
1420 1653 1456 1708 61

345 1751 407 1837 ipsi
422 1761 584 1818 uenerunt
603 1761 637 1816 61
657 1753 810 1816 dixerunt
831 1751 917 1838 quod
937 1751 1108 1817 616666616
1130 1751 1219 1816 illius
1237 1750 1369 1815 ecclesie
1390 1749 1455 1813 fuit

345 1856 396 1920 ius
410 1855 552 1940 ipsarum
573 1855 712 1920 Rohesie
732 1863 766 1920 61
790 1855 961 1920 Matillidis
983 1864 1022 1920 ut
1039 1856 1110 1941 ipsa
1132 1877 1195 1941 que
1218 1855 1266 1920 616
1287 1852 1456 1918 descendit

344 1958 415 2022 1616
437 1957 631 2022 hereditario
653 1958 694 2022 de
716 1957 970 2022 antecessoribus
992 1957 1059 2021 suis
1077 1964 1111 2022 61
1133 1955 1219 2042 (1661
1239 1964 1456 2021 antecessores

345 2061 397 2126 sui
432 2070 704 2148 presentauerunt
733 2062 884 2126 ultimam
921 2083 1090 2147 personam
1127 2059 1249 2125 66111661
1281 2057 1455 2145 quemdam

347 2165 536 2230 Sauarioum
572 2166 630 2251 qui
666 2165 783 2230 ultimo
811 2165 892 2230 obiit
929 2187 1066 2250 persona
1094 2173 1153 2229 etc
1199 2164 1243 2228 Et
1272 2163 1359 2248 prior
1394 2161 1456 2225 hoc

346 2267 492 2332 defendit
507 2268 555 2332 116
574 2267 661 2354 (1661
680 2290 739 2353 per
758 2291 924 2332 assensum
939 2268 1110 2354 utriusque
1125 2268 1227 2353 partis
1247 2276 1282 2331 61
1301 2289 1360 2353 per
1380 2288 1454 2331 con·

345 2371 454 2434 silium
483 2371 570 2435 curie
600 2370 798 2434 summonita
826 2371 889 2434 fuit
919 2370 1060 2455 quedam
1088 2371 1188 2434 assisa
1216 2370 1302 2434 inter
1331 2393 1385 2434 eos
1413 2369 1457 2434 ad

344 2473 635 2559 recognoscendum
664 2474 737 2559 quis
762 2473 939 2538 aduocatus
963 2482 1107 2559 tempore
1133 2473 1221 2560 pacis
1251 2474 1456 2560 presentauit

346 2577 496 2642 ultimam
524 2599 694 2662 personam
723 2577 799 2642 616ι
829 2587 863 2642 61
888 2587 984 2664 capta
1010 2579 1074 2643 fuit
1101 2579 1201 2643 assisa
1223 2578 1388 2642 intereos
1413 2576 1457 2642 de

346 2678 464 2742 ultima
488 2679 729 2764 presentacione
751 2688 785 2743 61
808 2679 977 2744 iusticiarii
998 2702 1063 2744 11611
1085 2687 1264 2765 potuerunt
1286 2679 1458 2744 certificari

347 2804 405 2868 per
425 2791 662 2848 sacramentum
684 2783 863 2848 iuratorum
885 2783 927 2848 ad
949 2806 1046 2869 quem
1069 2806 1180 2848 eorum
1205 2785 1383 2870 pertineret
1405 2783 1459 2848 ius

347 2885 554 2972 presentandi
577 2894 611 2950 61
634 2885 707 2950 1166
731 2895 810 2951 1666
834 2886 1071 2951 consideratum
1100 2887 1165 2952 fuit
1194 2887 1281 2973 quod
1304 2887 1358 2973 xij.
1385 2895 1456 2951 tam

347 2989 468 3053 milites
490 3011 588 3075 quam
610 2989 703 3054 liberi
725 2989 872 3054 homines
893 2989 934 3054 de
956 2990 1069 3055 eodem
1095 2991 1224 3056 6166616
1249 3000 1283 3056 61
1305 2992 1346 3056 16
1370 2993 1456 3056 6611-

348 3092 513 3178 quioribus
534 3100 569 3156 et
591 3091 831 3158 discretioribus
852 3101 1134 3159 summonerentur
1155 3117 1214 3180 per
1236 3116 1316 3180 quos
1338 3095 1457 3159 melius

348 3194 472 3280 possint
486 3194 660 3259 certificari.
707 3193 750 3258 Et
765 3193 828 3279 ipsi
842 3203 1004 3258 66661661
1019 3203 1053 3259 61
1067 3195 1221 3260 dixerunt
1242 3219 1339 3282 super
1353 3219 1456 3261 66616-

348 3305 497 3361 16661616
525 3321 620 3363 66616
650 3298 736 3384 (1661
773 3299 904 3384 quidem
943 3299 1115 3364 Sauaricus
1151 3300 1259 3364 166611
1288 3301 1455 3365 6661661616

348 3401 438 3466 111616
462 3410 533 3467 1616
558 3403 629 3467 6116
654 3425 714 3468 666
736 3411 775 3466 61
799 3425 935 3488 persona
958 3411 1007 3467 661
1032 3403 1182 3478 nesciunt
1207 3425 1268 3468 nee
1293 3404 1456 3489 inquirere

348 3513 525 3590 potuerunt
554 3504 594 3570 16
621 3505 712 3570 66166
740 3505 988 3592 presentaeione.
1035 3505 1120 3572 cum
1145 3515 1258 3571 661661
1284 3506 1371 3571 11616
1397 3507 1455 3572 Sa·

349 3605 476 3671 6611666
490 3605 667 3670 666166166*
682 3615 765 3670 esset
786 3607 875 3671 senio
895 3607 1003 3692 posuit
1023 3629 1057 3671 se
1077 3607 1112 3670 in
1133 3607 1280 3672 custodia
1300 3607 1457 3672 Eborardi

348 3709 408 3774 filii
431 3710 482 3774 sui
503 3718 538 3774 et
560 3710 726 3775 ecclesiam
748 3710 845 3774 illam.
891 3710 1056 3774 Defuncto
1077 3719 1189 3774 6616111
1211 3711 1281 3796 ipso
1304 3711 1457 3776 Sauarico

349 3811 530 3877 Eborardus
552 3812 730 3876 filiuseius
752 3811 907 3876 remansit
932 3812 967 3876 in
991 3812 1126 3877 66616616
1151 3812 1209 3876 illa
1231 3821 1281 3876 set
1307 3813 1457 3878 nesciunt

348 3913 496 3979 1666166
514 3913 754 3999 presentacione
773 3935 832 3977 nec
854 3913 882 3977 si
901 3912 1061 3978 admissus
1081 3921 1166 3978 esset
1188 3914 1230 3979 ad
1248 3923 1457 4000 personatum

348 4017 390 4081 ab
419 4017 575 4103 episcopo,
598 4024 649 4081 set
674 4025 712 4080 ut
738 4015 935 4080 6611661661
961 4038 1035 4080 6661
1059 4017 1207 4103 episcopo
1231 4018 1292 4082 loci
1315 4019 1459 4104 placeret

348 4120 510 4206 inquirere
536 4142 601 4206 qua
623 4119 836 4185 aduocaoione
862 4119 931 4204 ipse
961 4127 1088 4184 teneret
1118 4141 1151 4184 se
1182 4120 1375 4186 1666616616
1399 4122 1456 4187 ad-

382 4299 707 4350 111161166-(1116666161.
928 4301 1011 4360 Quare
1039 4301 1144 4362 impedit
1170 4299 1194 4348 i·
1223 4300 1318 4350 turned
1342 4301 1398 4351 into
1421 4317 1458 4352 66

382 4365 578 4493 1166
832 4428 876 4479 a
926 4365 1362 4492 ssu
