3212 5230
365 425 431 492 394
677 441 818 504 musar,
842 443 905 492 an.
931 430 1023 504 1231,
1047 445 1108 494 aa
1135 435 1182 494 15.

368 618 511 684 dendum
538 618 683 683 Imberto
709 617 812 683 Priori
838 619 878 684 de
904 619 1056 684 Wenloc¹
1079 643 1178 706 quare
1204 643 1269 685 non
1295 621 1424 686 faciunt
1450 622 1480 685 ei

287 749 300 779 ι
368 733 489 790 sectam
504 723 545 788 ad
565 723 787 788 molendinum
809 745 903 788 suum
928 723 968 789 de
992 725 1136 790 Suttona
1157 749 1255 812 quam.
1277 726 1366 790 idem
1391 725 1482 790 Prior

226 797 239 826 ο
259 797 274 825 n
295 797 353 827 nm
367 829 409 893 ab
424 827 471 892 eis
486 826 589 913 exigit
603 835 673 904 etc,
688 835 723 891 et
738 828 825 892 unde
840 827 927 892 idem
943 829 1036 892 Prior
1055 829 1204 914 queritur
1224 828 1310 914 quod
1325 851 1402 892 cum
1418 829 1480 913 ipsi

368 939 402 996 et
436 940 653 996 antecessores
681 932 732 996 sui
762 931 904 997 debeant
938 941 1059 998 sectam
1090 934 1193 998 facere
1222 932 1265 997 ad
1294 931 1478 1018 predictum

368 1033 589 1099 molendinum
612 1043 646 1098 et
668 1043 790 1100 sectam
813 1037 960 1101 fecerunt
982 1043 1111 1101 etcum
1133 1035 1203 1121 ipse
1224 1035 1315 1100 Prior
1335 1045 1372 1100 et
1387 1044 1476 1100 ante-

367 1159 505 1202 cessores
527 1137 578 1202 sui
599 1138 635 1202 in
657 1138 776 1203 seisina
797 1147 905 1203 essent
927 1139 968 1204 de
990 1147 1079 1204 secta
1100 1139 1157 1204 illa
1178 1139 1242 1225 ipsi
1264 1139 1430 1204 Robertus
1444 1149 1478 1202 et

366 1240 423 1305 alii
446 1249 567 1306 sectam
589 1240 680 1305 illam
702 1264 766 1306 non
789 1243 935 1306 lecerunt
959 1241 1025 1306 iam
1048 1241 1152 1306 tribus
1174 1243 1268 1307 annis
1289 1243 1411 1328 elapsis
1432 1241 1479 1306 ita

366 1345 453 1430 quod
477 1345 699 1410 molendinum
725 1345 807 1411 illud
832 1346 897 1410 iam
924 1345 1046 1410 decidit
1068 1355 1102 1410 et
1125 1348 1246 1410 factum
1269 1353 1320 1411 est
1347 1347 1466 1410 omnim

365 1447 483 1512 inutile
505 1447 591 1512 unde
614 1447 829 1514 deterioratos
849 1457 899 1514 est
914 1457 949 1513 et
963 1449 1143 1534 dampnum
1158 1449 1258 1514 habet
1273 1459 1334 1515 etc.
1351 1458 1388 1514 et
1402 1449 1476 1514 inde

366 1550 515 1636 producit
529 1558 659 1617 sectam.

432 1653 475 1717 Et
491 1653 653 1718 Robertus
667 1661 702 1718 et
716 1653 773 1718 alii
792 1654 932 1718 ueniunt
950 1663 985 1720 et
999 1654 1114 1720 dicunt
1129 1655 1215 1742 quod
1230 1677 1294 1720 non
1308 1653 1434 1720 debent
1446 1653 1474 1718 ei

366 1758 556 1842 respondere
580 1757 658 1844 quia
682 1757 769 1822 idem
796 1758 887 1822 Prior
912 1759 1040 1823 nullum
1065 1759 1288 1823 molendinum
1314 1759 1417 1824 habet
1441 1758 1474 1822 in

367 1859 509 1926 Suttona
529 1861 629 1926 immo
651 1862 874 1927 molendinum
896 1862 979 1928 illud
1001 1871 1051 1927 est
1073 1861 1240 1927 cuiusdam
1261 1861 1395 1928 Ricardi
1417 1861 1473 1926 filii

365 1963 488 2029 Thome
518 1964 574 2050 qui
608 1965 691 2030 illud
725 1964 930 2050 recuperauit
965 1964 1063 2029 simul
1100 1987 1174 2028 cum
1211 1963 1353 2050 quedam
1391 1973 1474 2030 terra

365 2089 472 2132 coram
493 2067 680 2133 iusticiariis
702 2067 934 2132 itinerantibus
955 2089 1013 2153 per
1034 2067 1167 2132 assisam
1189 2067 1303 2132 mortis
1329 2076 1471 2132 anteces-

365 2171 451 2236 soris.
496 2171 540 2235 Et
563 2170 619 2256 qui
642 2170 800 2236 Ricardus
821 2191 953 2256 presens
975 2177 1025 2234 est
1048 2177 1082 2234 et
1104 2170 1164 2234 hoc
1187 2169 1275 2234 idem
1297 2169 1387 2235 dicit
1432 2170 1472 2234 Et

365 2275 467 2340 eciam
481 2273 573 2338 Prior
588 2275 648 2339 hoc
661 2273 750 2339 idem
771 2273 935 2362 cognoscit
955 2281 989 2338 et
1012 2273 1115 2338 eciam
1137 2273 1217 2338 dicit
1239 2274 1326 2359 quod
1349 2274 1470 2338 nullum

364 2378 454 2442 aliud
469 2377 690 2442 molendinum
706 2377 805 2442 habet
825 2377 861 2442 in
881 2378 1031 2443 Suttona
1076 2379 1120 2442 Et
1138 2375 1143 2465 Ι
1164 2377 1236 2442 ideo
1259 2378 1422 2444 Robertus
1440 2387 1472 2444 et

365 2482 423 2546 alii
437 2481 513 2545 inde
527 2481 596 2546 sine
614 2481 668 2546 die
688 2489 723 2546 et
745 2481 836 2546 Prior
857 2481 892 2546 in
914 2481 1140 2559 misericordia,
1155 2491 1189 2547 et
1212 2481 1289 2568 quia
1309 2483 1470 2568 predictus

366 2585 523 2651 Ricardus
538 2585 700 2672 cognoscit
716 2593 750 2649 et
765 2586 913 2672 queritur
933 2585 1018 2672 quod
1033 2587 1178 2650 nondum
1200 2585 1300 2650 habet
1322 2587 1469 2651 seisinam

366 2713 457 2755 suam
473 2691 513 2755 de
529 2691 673 2776 predicto
689 2690 872 2754 molendino
887 2699 922 2754 et
936 2690 1048 2755 dimid.
1064 2691 1253 2776 uirg.quam
1269 2691 1470 2776 recuperauit

366 2815 471 2858 coram
493 2793 680 2858 iusticiariis
701 2792 940 2870 itinerantibus,
959 2802 1150 2879 preceptum
1173 2801 1223 2858 est
1246 2793 1332 2878 quod
1356 2794 1469 2860 habeat

366 2897 517 2961 seisinam
543 2919 635 2960 suam
662 2905 696 2960 et
722 2895 873 2960 similiter
898 2895 988 2960 Prior
1012 2895 1047 2960 in
1071 2895 1289 2960 misericordis
1314 2897 1393 2982 quia
1416 2919 1469 2982 per

366 3008 496 3065 tantum
512 3008 642 3086 tempus
658 3000 688 3064 ei
702 2999 845 3064 detinuit
860 3008 895 3064 et
909 2999 1100 3065 deforciauit
1115 2999 1267 3064 seisinam
1281 3022 1384 3066 suam.

245 3103 315 3165 505.
431 3104 577 3190 Rogerus
588 3102 629 3167 de
641 3103 753 3166 Monte
769 3101 847 3166 Alto
862 3123 920 3187 per
934 3111 1136 3166 attornatum
1152 3125 1247 3167 suum
1263 3103 1351 3188 petit
1362 3126 1467 3170 uersus

230 3201 327 3243 ΜΝ
366 3207 568 3272 Willelmum
594 3206 635 3270 de
658 3204 800 3270 Vernun'
826 3205 913 3289 quod
939 3205 1054 3270 reddat
1076 3207 1108 3271 ei
1129 3207 1310 3272 custodiam
1333 3217 1416 3273 terre
1437 3217 1468 3272 et

366 3311 494 3376 heredis
515 3311 635 3398 Rogeri
656 3310 697 3374 de
722 3311 834 3376 Monte
858 3311 937 3376 Alto
959 3308 999 3374 de
1024 3309 1221 3375 Ebbefordia
1246 3333 1309 3396 que
1331 3311 1375 3376 ed
1397 3333 1465 3375 eum

366 3415 509 3501 pertinet
524 3437 562 3479 eo
577 3413 664 3500 quod
679 3414 766 3478 idem
781 3415 928 3501 Rogerus
942 3413 983 3478 de
999 3413 1112 3478 Monte
1128 3414 1207 3478 Alto
1222 3413 1262 3477 de
1279 3413 1466 3479 Ellefordia¹

367 3516 475 3582 tenuit
497 3516 537 3581 de
559 3516 705 3602 predicto
725 3515 852 3602 Rogare
870 3516 910 3581 de
927 3515 1038 3580 Monte
1053 3516 1133 3580 Alto
1148 3515 1188 3579 de
1205 3515 1401 3581 Mawenlin⁸
1414 3538 1466 3601 per

193 3651 234 3710 'ne
243 3651 336 3692 acan
366 3621 539 3686 seruicium
554 3621 695 3686 militare
710 3629 779 3695 etc,
795 3629 830 3685 et
844 3619 930 3685 unde
947 3620 1015 3704 ipse
1031 3619 1111 3684 dicit
1126 3619 1213 3705 quod
1228 3619 1291 3683 fuit
1306 3620 1342 3683 in
1356 3619 1465 3684 seisim

202 3699 279 3738 mi
366 3725 407 3789 de
423 3724 569 3788 custodia
582 3723 727 3809 predicte
742 3731 828 3788 terre
843 3732 877 3788 et
892 3723 1020 3788 heredis
1034 3745 1093 3808 per
1103 3746 1153 3788 xv.
1166 3721 1235 3788 dies
1246 3732 1320 3808 post
1335 3731 1463 3788 mortem

366 3828 468 3914 ipsius
489 3826 608 3912 Itogeri
629 3826 671 3891 de
693 3825 806 3890 Monte
827 3825 905 3890 Alto
925 3825 966 3890 de
982 3825 1157 3890 Ellefordia
1171 3825 1273 3890 donec
1287 3825 1375 3890 idem
1390 3825 1464 3892 Wil-

366 3933 481 3998 lelmus
495 3932 603 4017 ipsum
617 3929 693 3994 inde
709 3929 893 3994 disseisiuit.
1406 3915 1408 3918 ⁵

432 4038 475 4101 Et
494 4035 678 4100 Willelmus
698 4033 791 4097 uenit
811 4041 846 4098 ot
866 4032 945 4097 dicit
970 4032 1056 4118 quod
1079 4055 1144 4096 non
1168 4033 1269 4099 habet
1292 4033 1461 4099 custodiam

366 4141 509 4228 predicte
532 4147 616 4204 terre
639 4146 673 4202 et
695 4135 823 4201 heredis
842 4157 902 4199 nec
922 4135 1046 4220 aliquid
1060 4136 1230 4202 clamat'in
1245 4137 1391 4202 custodia
1404 4136 1461 4208 illa,

399 4331 600 4382 ¹Monast.vol.
615 4332 676 4394 5‚p.
689 4331 729 4382 72.
946 4331 1047 4378 Geneal.
1064 4344 1090 4392 p.
1108 4331 1165 4383 247.
1199 4329 1263 4380 This
1279 4345 1338 4382 osse
1357 4330 1378 4380 is
1399 4327 1456 4378 ria

399 4399 410 4429 ²
426 4397 516 4447 Elford
526 4396 555 4446 in
567 4395 759 4446 staffordshire.
947 4396 1038 4456 Garde,
1057 4397 1110 4446 143.

397 4461 892 4526 ³Hauerdentl).SeeRoberts‚Cclend.
964 4531 966 4534 Ι
