3360 5236
418 411 650 473 monastrias,
672 413 735 460 aa.
762 399 854 472 1233,
876 413 939 460 aa
965 397 1098 464 17-18.
1243 397 1306 461 609

203 584 434 662 cristianitatis,
460 584 659 668 prohibitum
686 593 737 649 est
763 584 903 649 Radulfo
929 585 1014 670 quod
1040 587 1146 671 ipsum
1170 607 1235 649 nou
1259 585 1307 648 in-

202 688 345 774 placitet,
367 697 402 754 et
423 688 509 774 quod
531 689 637 774 ipsum
659 711 724 752 non
746 689 917 774 placitabit
936 689 1064 754 inuenit
1086 690 1208 777 plegios
1230 689 1308 754 istos

202 791 267 856 scil.
286 791 464 856 Radulfum
485 791 589 855 filium
610 791 630 856 ,J
634 791 769 855 ohannis
788 791 829 855 de
850 791 987 856 Lecohe¹
1004 800 1038 856 et
1056 792 1143 856 alios.
1191 793 1308 856 Postea

203 895 385 960 concordati
406 903 492 974 sunt,
507 903 541 959 et
556 894 740 960 Willelmus
762 894 819 960 dat
841 894 980 960 Radulfo
1002 896 1082 961 duas
1105 919 1227 961 marcas
1248 919 1306 982 pro

202 999 351 1064 omnibus
366 998 634 1064 conuentionibus
649 999 862 1076 remittendis
877 1007 945 1064 tam
961 1000 995 1064 in
1010 1001 1077 1065 foro
1092 999 1306 1064 ecclesiastico

202 1128 299 1190 quam
325 1104 412 1184 alibi,
435 1112 469 1168 et
493 1104 599 1168 soluet
620 1103 768 1169 decanos
789 1103 867 1168 istos
888 1104 930 1169 ad
952 1105 1071 1170 festum
1095 1105 1188 1170 Omn
1213 1105 1305 1170 Sanc.

202 1217 283 1295 aput
298 1208 631 1274 westmonasterium.
965 1253 976 1276 .

144 1379 152 1394 ,
265 1297 427 1401 'Rogatus
448 1313 489 1379 de
513 1313 742 1400 Saxlingeham
766 1321 801 1377 et
824 1313 986 1378 Robertus
1010 1297 1093 1380 filius
1115 1339 1193 1390 suus
1218 1339 1306 1380 sum·
1386 1339 1424 1368 0·

201 1417 316 1482 moniti
330 1418 463 1482 fuerunt
477 1417 519 1482 ad
539 1415 798 1504 respondendum
819 1417 953 1502 Symoni
973 1417 1013 1482 de
1035 1419 1186 1484 Nodan'is
1206 1442 1305 1505 quare

201 1543 265 1585 non
290 1521 487 1607 permittunt
513 1543 587 1586 eum
612 1527 797 1606 presentare
820 1519 969 1584 idoneam
995 1543 1163 1607 personam
1189 1522 1231 1586 ad
1254 1546 1305 1588 ec-

199 1625 328 1691 clesiam
344 1625 385 1690 de
401 1625 641 1713 Saxlingeham,
657 1647 720 1711 que
737 1633 832 1690 uacat
847 1633 886 1689 ut
901 1625 1021 1690 dicitur
1036 1635 1105 1704 etc,
1121 1627 1206 1692 unde
1225 1628 1305 1693 dicit

200 1729 286 1816 quod
311 1753 385 1794 cum
411 1729 684 1815 presentationem
708 1751 800 1793 suam
823 1728 887 1793 iam
911 1751 939 1793 v.
961 1729 1055 1793 annis
1077 1729 1193 1815 elapsis
1215 1754 1305 1796 recu-

199 1841 342 1918 perasset
357 1855 469 1898 uersus
484 1855 537 1897 eos
551 1831 594 1897 ad
609 1831 819 1896 medietatem
840 1831 927 1895 illius
948 1831 1081 1897 ecclesie
1101 1855 1159 1918 per
1173 1834 1305 1900 assisam

200 1935 315 2001 ultime
330 1935 588 2023 presentationis,
602 1935 666 2022 ipsi
680 1957 756 1999 eum
771 1935 945 2021 inpediunt
960 1945 1020 2003 etc.

265 2041 308 2105 Et
323 2041 469 2129 Rogerus
484 2049 518 2106 et
533 2040 695 2104 Robertus
711 2039 849 2104 ueniunt
865 2048 899 2104 et
916 2048 1111 2126 cognoscunt
1131 2041 1217 2128 quod
1237 2041 1306 2128 ipse

200 2143 322 2230 Symon
358 2143 562 2231 recuperauit
598 2165 711 2208 uersus
748 2166 802 2208 eos
838 2145 1112 2230 presentationem
1142 2167 1234 2209 suam
1264 2146 1307 2210 ad

200 2247 409 2314 medietatem
425 2248 570 2314 eiusdem
586 2248 726 2326 ecclesie,
742 2248 831 2314 etde
846 2249 911 2314 alia
930 2251 1106 2315 medietate
1127 2249 1205 2314 tulit
1219 2249 1306 2314 idem

200 2353 324 2438 Symon
349 2377 462 2419 uersus
488 2377 542 2419 eos
567 2354 667 2419 breue
693 2353 734 2418 de
760 2361 849 2419 recto
875 2354 961 2419 unde
988 2355 1110 2419 habent
1134 2354 1221 2419 diem
1245 2354 1305 2420 hic.

200 2459 243 2523 Et
262 2458 336 2524 ideo
356 2459 541 2525 mandauit⁸
561 2459 719 2546 Episcopo
742 2459 940 2525 Norwicensi
962 2460 1048 2546 quod
1070 2482 1134 2524 non
1156 2460 1306 2526 obstante

198 2562 426 2627 reclamatione
449 2562 591 2648 ipsorum
614 2564 734 2650 Rogeri
756 2572 789 2629 et
812 2564 948 2629 Roberti
969 2565 1011 2629 ad
1033 2563 1305 2650 presentationem

198 2665 300 2750 ipsius
316 2665 465 2752 Symonis
480 2667 633 2732 clericum
647 2668 802 2733 admittat
822 2668 864 2732 ad
885 2667 1063 2754 predictam
1084 2668 1305 2744 medietatem,

199 2777 233 2834 et
248 2769 288 2834 de
303 2770 406 2836 altera
420 2771 597 2838 medietate
612 2773 763 2860 procedat
777 2773 936 2860 placitum
952 2774 991 2839 de
1006 2781 1102 2839 recte.

138 2930 144 2942 .
263 2873 396 2940 ⁴Emma
410 2898 474 2961 que
489 2876 553 2940 fuit
568 2899 649 2941 uxor
663 2876 836 2963 Reginaldi
851 2876 892 2942 de
905 2877 1085 2942 Bradebroe
1096 2877 1182 2963 petit
1194 2899 1306 2942 uersus
1377 2900 1411 2930 ere

197 2977 361 3046 Abbatem
391 2980 431 3045 de
461 2981 668 3046 Abbenduna
697 2981 830 3046 terciam
857 2990 984 3068 partem
1009 2982 1085 3048 dim.
1109 2981 1195 3068 hyde
1221 2991 1306 3046 terre

197 3105 271 3147 cum
286 3093 366 3170 pert.
382 3083 417 3149 in
433 3085 620 3150 Garefordia
639 3093 678 3150 ut
699 3085 808 3152 dotem
829 3109 921 3152 suam
942 3095 1001 3152 etc.
1017 3087 1065 3152 ita
1086 3087 1172 3173 quod
1194 3087 1306 3152 Abbas

198 3189 364 3275 respondit
379 3190 465 3276 quod
479 3212 545 3254 non
558 3189 674 3256 debuit
688 3191 764 3257 inde
779 3191 890 3257 dotem
906 3191 1024 3256 habere
1043 3191 1121 3278 quia
1140 3191 1305 3277 predictus

199 3292 399 3379 Reginaldus
414 3293 522 3358 tenuit
537 3293 571 3358 in
588 3293 770 3381 uillenagio,
786 3303 820 3360 et
836 3296 885 3360 ita
900 3294 986 3382 quod
1001 3295 1192 3381 posuerunt⁶
1209 3319 1306 3383 super

198 3396 360 3482 quandam
375 3397 627 3484 inquisicionem.
673 3399 718 3464 Et
732 3407 923 3486 preceptum
938 3399 1002 3463 luit
1021 3399 1205 3465 uicecomiti
1220 3400 1306 3487 quod

199 3499 309 3563 uenire
332 3500 451 3564 faceret
473 3501 526 3586 xij.
548 3523 654 3566 eoram
673 3501 859 3567 iusticiariia
880 3509 962 3588 aput
982 3501 1305 3569 westmonasterium

198 3625 256 3688 per
270 3625 350 3688 quos
365 3611 424 3668 etc.
440 3601 482 3667 ad
503 3605 796 3690 recognoscendum
817 3613 877 3672 etc.
923 3606 967 3670 Et
989 3605 1051 3692 ipsi
1072 3606 1186 3672 dicunt
1208 3629 1305 3693 super

198 3714 435 3770 sacramentum
450 3705 536 3792 quod
551 3705 716 3792 predictus
730 3708 932 3796 Reginaldus
947 3709 1055 3774 tenuit
1074 3708 1108 3773 in
1129 3708 1304 3795 uillenagio

198 3807 276 3894 quia
297 3831 361 3873 non
382 3809 492 3896 potuit
513 3809 615 3876 filiam
637 3833 729 3877 suam
751 3813 903 3879 maritare
925 3813 994 3878 sino
1017 3811 1188 3890 merchato,
1203 3821 1237 3877 et
1256 3812 1306 3876 ita

198 3912 366 3976 maritauit
388 3913 551 3999 quandam
572 3914 764 3994 Diouisiam‚
783 3926 817 3982 et
837 3917 927 3982 dedit
948 3939 1005 4002 pro
1026 3939 1065 3981 ea
1084 3917 1207 3981 Abbati
1227 3917 1302 3982 dim.

198 4037 348 4094 marcam,
364 4025 397 4082 et
411 4026 560 4104 preterea
574 4018 686 4084 Abbas
706 4021 815 4106 potuit
835 4042 910 4084 eum
931 4019 1088 4107 taylliare,
1103 4028 1138 4085 et
1157 4028 1305 4106 preterea

197 4123 267 4210 ipse
282 4123 400 4190 habuit
414 4126 651 4212 quatuordlios
666 4135 701 4192 et
715 4126 822 4192 iunior
836 4126 979 4217 ipsorum
994 4125 1149 4192 remansit
1168 4125 1204 4190 in
1219 4135 1305 4194 terra

229 4303 240 4338 ¹
256 4307 360 4368 Lecctr,
373 4306 404 4358 A.
810 4309 822 4342 ⁴
836 4308 866 4358 A.
878 4323 914 4359 m.
928 4311 959 4359 13
968 4309 993 4360 d.

230 4369 284 4420 ¹A.
296 4387 331 4421 m.
344 4373 383 4424 11.
810 4375 820 4406 ⁸
837 4375 935 4439 supply
945 4390 980 4438 se,
993 4375 1023 4425 Δ.

229 4435 241 4468 ³
257 4437 327 4486 Oorr.
339 4439 487 4488 mandatum
498 4444 551 4498 ειη·
570 4439 663 4498 moad,
674 4440 704 4492 Δ.

283 4553 318 4602 Μ.
