3308 5226
401 473 634 533 mouentum,
656 473 721 521 nn.
747 458 841 534 1233,
862 456 1086 524 1117-18.
1234 456 1298 526 617

192 670 225 712 se
249 669 363 712 uersus
387 644 569 711 Gnlfridum
589 643 630 710 de
652 641 887 709 Bodekelham¹
911 643 951 709 de
973 644 1093 730 placito
1115 667 1213 731 quare
1236 667 1300 709 non
1313 658 1464 755 mmm

192 759 283 819 tenet
298 753 330 818 ei
344 751 593 817 conuentionem
607 749 694 814 inter
710 771 764 814 eos
779 749 898 813 factam
913 747 953 812 de
969 748 1012 812 lx.
1029 755 1063 812 ot
1078 771 1127 813 xv.
1140 769 1200 814 eor.
1216 756 1301 814 terre
1314 752 1456 840 pgffi*

192 879 265 922 cum
281 864 361 942 pert.
377 855 413 921 in
428 853 562 941 Kuling'
578 861 637 918 etc.
683 853 727 917 Et
748 851 912 918 Gnlfridus
932 873 996 916 non
1019 851 1111 916 uenit
1125 859 1186 918 etc.
1202 861 1252 917 set
1267 876 1302 918 se
1315 847 1445 934 3513Τὲ1,

192 960 367 1027 cesoniauit
396 960 437 1024 de
466 959 552 1024 melo
582 957 659 1024 lecti
689 965 860 1044 postquem
886 955 1063 1021 esconiauit
1089 979 1123 1022 se
1149 958 1190 1022 de
1218 959 1303 1023 malo

192 1065 347 1131 ueniendi
368 1073 402 1130 et
423 1063 585 1129 essonium
605 1084 670 1126 non
690 1062 753 1126 fuit
774 1061 805 1126 ei
827 1060 1001 1126 allocutum
1024 1059 1100 1146 quia
1122 1060 1162 1125 de
1185 1061 1304 1148 placito

193 1169 426 1254 conuencionis.
472 1169 516 1233 Et
531 1166 604 1233 ideo
622 1165 822 1231 attachictur
836 1165 922 1251 quod
937 1155 981 1230 s‘it
996 1172 1056 1230 otc,

139 1324 145 1335 .
258 1273 386 1339 ‘Amisa
399 1273 492 1338 uenit
503 1270 708 1358 recognitum
719 1269 746 1334 si
758 1269 809 1334 W.
824 1269 939 1335 Comes
951 1269 1123 1347 Waronne,
1133 1269 1304 1356 Philippus
1378 1287 1392 1314 ¹¹
1409 1275 1429 1312 ·⁸

195 1377 396 1442 Foresterius
426 1385 460 1442 et
490 1375 567 1442 ulii⁶
596 1375 718 1439 iniusto
749 1381 783 1439 et
813 1374 881 1438 sine
911 1372 1031 1438 iudicio
1060 1381 1304 1460 prostrauerunt

195 1479 358 1566 quandam
373 1502 483 1565 sepem
497 1479 532 1544 in
548 1477 707 1542 Hammes
722 1475 762 1540 ad
774 1484 1007 1540 nocumentum
1019 1476 1113 1540 liberi
1124 1477 1305 1541 tenementi

196 1583 352 1648 willelmi
368 1581 408 1646 do
425 1582 490 1668 Scy
510 1581 545 1645 in
566 1579 679 1645 eadem
700 1580 787 1644 willa
809 1589 882 1666 post
905 1579 1043 1665 primam
1066 1581 1303 1646 coronacionem

196 1687 289 1751 Dom.
306 1685 414 1772 Regis,
429 1693 509 1770 aput
530 1683 865 1760 Westmonaeterium,
884 1690 918 1748 et
941 1683 1028 1748 unde
1050 1683 1198 1769 queritur
1220 1684 1306 1769 quod

196 1813 270 1854 cum
286 1797 418 1854 centum
433 1787 527 1853 annis
547 1786 711 1873 preteritis
732 1793 766 1850 et
787 1808 825 1850 eo
845 1787 985 1873 emplius
1005 1797 1090 1852 esset
1110 1787 1157 1852 ibi
1175 1789 1306 1874 quidem

197 1915 311 1979 percus
326 1891 383 1978 qui
398 1891 461 1955 fuit
475 1897 714 1955 antecessorum
729 1913 871 1969 suorum,
886 1901 920 1956 et
937 1892 994 1957 ubi
1013 1891 1100 1956 idem
1117 1891 1233 1958 Comes
1248 1915 1307 1957 ncc

196 1993 313 2080 aliquis
343 1992 511 2056 hominum
541 2014 672 2056 suorum
702 2014 907 2057 communem
937 1992 1056 2057 habere
1086 1992 1222 2058 debent⁶
1249 2015 1307 2058 nec

197 2097 317 2163 bestiae
332 2119 445 2183 capere
460 2097 562 2184 possit
584 2120 658 2162 cum
679 2120 793 2184 parcus
813 2097 868 2162 illc
889 2098 932 2162 sit
954 2098 1132 2184 separabile
1155 2121 1250 2163 suum
1273 2107 1307 2162 et

197 2211 434 2268 antecessorum
464 2225 595 2267 suorum
622 2211 656 2266 et
682 2226 757 2268 cum
786 2203 881 2267 illum
908 2202 1057 2267 claudere
1082 2204 1183 2268 uellet
1213 2204 1305 2290 haya,

197 2307 284 2371 idem
311 2306 427 2372 Comes
451 2307 610 2392 prosterni
633 2305 710 2371 fecit
732 2306 849 2392 heyam
872 2306 971 2384 illem,
993 2305 1119 2370 doeicut
1143 2329 1238 2370 nemo
1259 2306 1306 2371 ibi

198 2431 403 2476 communem
418 2411 537 2476 habere
552 2409 650 2476 debet
665 2410 706 2476 de
721 2411 801 2488 iure,
816 2419 850 2475 et
865 2411 948 2476 bene
964 2409 1044 2475 dicit
1059 2410 1145 2497 quod
1161 2419 1305 2496 tempore

198 2525 436 2581 antecessomm
452 2539 583 2580 suorum
600 2516 728 2581 clausus
743 2515 815 2582 fuit.

238 2621 308 2686 ·Et
334 2621 450 2687 Comes
474 2621 567 2686 uenit
591 2628 626 2685 et
651 2620 732 2686 dicit
761 2619 847 2706 quod
873 2642 1001 2706 semper
1030 2630 1175 2706 tempore
1204 2619 1306 2706 patris

199 2723 300 2809 ipsius
315 2723 471 2788 willelmi
486 2725 550 2789 fuit
571 2746 686 2812 parcus
706 2725 762 2789 ille
783 2724 949 2802 disclusum
965 2733 999 2788 ot
1023 2724 1109 2810 quod
1130 2731 1306 2809 antequam

199 2827 297 2892 breue
320 2834 405 2891 esset
427 2827 627 2913 inpetratum
649 2849 669 2892 a
691 2836 836 2914 tempore
857 2849 920 2913 quo
940 2828 1011 2891 Rex
1025 2827 1192 2891 «Iohannes
1214 2829 1306 2892 uenit

200 2930 239 2994 de
255 2929 415 2995 Hibernia
433 2930 468 2994 in
488 2929 657 3018 Angliem³
678 2939 712 2995 et
732 2939 805 3017 post
825 2930 924 2994 breue
946 2929 1158 3014 impetratum
1181 2952 1308 3015 semper

200 3031 316 3096 habuit
338 3032 424 3096 idem
448 3033 564 3099 Comes
586 3055 790 3098 communem
812 3033 847 3097 in
870 3055 966 3118 parco
988 3031 1044 3096 illo
1070 3041 1104 3096 et
1129 3031 1176 3096 ibi
1199 3039 1307 3117 potest

199 3135 320 3200 bestias
335 3159 447 3222 capere
463 3145 497 3202 et
508 3137 629 3202 bestias
640 3137 735 3224 cepit,
747 3145 781 3202 et
793 3138 841 3202 ita
852 3137 937 3223 quod
949 3136 1113 3223 predictus
1123 3135 1307 3201 Willelmus

200 3239 305 3304 nullas
330 3238 451 3304 bestias
476 3239 523 3304 ibi
546 3263 659 3327 cepere
683 3247 791 3326 potest
814 3261 873 3304 nec
895 3262 1039 3326 unquam
1061 3238 1154 3305 fecit⁸
1176 3247 1210 3304 et
1232 3237 1307 3303 inde

201 3345 293 3430 ponit
319 3366 352 3409 se
379 3367 476 3431 super
498 3344 639 3412 assisam,
684 3345 729 3410 Et
751 3345 936 3411 Willelmus
962 3345 1119 3412 similiter.
1166 3345 1209 3410 Et
1234 3343 1308 3409 ideo

201 3447 353 3533 procedat
368 3447 467 3514 assim
480 3455 531 3513 set
545 3447 678 3534 ponitur
697 3448 731 3514 in
751 3457 934 3536 respectum
954 3471 1057 3535 usque
1072 3471 1093 3514 a
1106 3448 1159 3514 dic
1175 3456 1234 3514 etc.
1250 3471 1307 3534 pro

202 3551 331 3615 defectu
346 3551 583 3638 recognitorum
599 3551 676 3638 quie
696 3559 825 3617 tentum
847 3560 986 3638 quatuor
1007 3558 1169 3616 uenerunt
1189 3551 1308 3637 quibus

202 3655 289 3720 idem
304 3655 372 3720 dies
391 3664 459 3733 etc,
474 3663 509 3721 et
531 3657 709 3722 uicecomes
729 3659 797 3722 looo
817 3658 953 3723 eliorum
976 3657 1032 3743 qui
1054 3665 1248 3722 amouontur
1270 3677 1308 3720 eo

203 3758 288 3846 quod
303 3759 436 3824 inutiles
451 3758 550 3837 sunt',
565 3760 606 3825 de
621 3759 713 3825 feodo
729 3759 866 3826 Comitis
881 3767 1023 3845 apponat
1044 3759 1122 3824 alios
1141 3759 1198 3844 qui
1218 3757 1308 3821 nullo

203 3861 297 3928 modo
317 3862 383 3927 sint
403 3862 608 3928 esconiabiles
628 3869 662 3926 et
685 3863 741 3948 qui
763 3885 827 3927 non
848 3862 914 3926 sint
934 3860 974 3926 de
998 3861 1090 3926 feodo
1113 3861 1258 3937 Comitis,
1273 3868 1308 3924 et

202 3967 273 4032 illos
287 3967 407 4033 hebeat
421 3965 463 4032 od
477 3965 660 4053 predictum
676 3953 859 4034 terminum.

235 4187 245 4220 ²
261 4188 440 4246 Bodeterhom,
452 4186 483 4238 Α.
812 4183 824 4217 ⁶
839 4185 919 4246 debet,
932 4184 963 4235 Δ.

234 4251 304 4304 ²Br.
319 4252 337 4304 t
350 4253 406 4311 oto,
418 4252 441 4304 b.
479 4251 544 4302 rtis
555 4267 613 4303 cose
624 4251 726 4303 isnin.
812 4248 823 4283 ⁷
839 4251 903 4312 Aug.
916 4247 989 4300 1210.

203 4321 304 4380 Enom,
320 4318 375 4370 194.
813 4313 823 4346 ⁸
839 4315 910 4366 Gorr.
923 4315 1007 4377 cepit:
1025 4312 1073 4362 but
1084 4327 1113 4362 so
1124 4313 1154 4361 Δ.

235 4383 246 4413 ³
264 4383 368 4442 Sussex,
379 4383 410 4432 A.
812 4379 880 4431 ⁹No
897 4381 955 4442 stop
972 4378 1000 4428 in
1017 4379 1052 4438 A;
1074 4394 1101 4427 eo
1118 4379 1184 4441 quod
1200 4379 1305 4428 inculca

235 4447 246 4479 ⁴
261 4448 292 4497 A.
306 4461 342 4497 m.
355 4449 394 4500 lo.
779 4453 838 4496 mut
849 4446 962 4509 descodo
973 4447 1021 4495 etc.

263 4511 324 4562 Two
335 4512 430 4574 othere,
444 4513 474 4561 Δ.
