3212 5230
415 423 568 483 ramur,
591 422 655 471 su.
681 407 772 482 12³0,
796 423 858 471 su.
883 409 931 470 14.
1162 409 1223 470 :345

135 597 389 674 recuperauerunt
405 587 560 653 seisiuam
574 610 666 652 suam
681 587 940 673 presentacionis‚
956 595 990 651 et
1004 585 1067 673 ipsi
1082 587 1227 674 Rogems

136 701 164 754 ct
176 689 266 755 Aldu
280 690 472 777 perquirant
487 699 607 756 ten-am
622 699 656 756 et
670 697 798 777 partem
812 713 905 756 suam
916 691 957 755 de
967 689 1025 755 illa
1035 691 1226 768 hereditate,

135 803 164 858 et
184 802 255 859 tune
277 795 411 860 demum
436 805 538 884 agant
561 796 602 861 de
625 805 718 882 perte
742 795 964 860 eduoeacionis
990 817 1087 882 quam
1113 796 1228 860 dicunt

135 899 169 963 sd
187 921 218 962 se
238 899 408 984 pertinere
454 899 500 962 Et
520 899 666 985 Rogems
685 905 723 970 et,
737 898 897 963 Nicholsa
914 897 1056 962 habeant
1072 899 1171 963 breue
1186 898 1228 963 ad

135 1003 313 1089 Episcopum
344 1003 561 1068 Exoniensem
591 1002 677 1090 quod
711 1025 775 1069 non
811 1002 961 1067 obstante
998 1003 1227 1068 reclamacione

135 1106 337 1192 predictarum
360 1107 482 1172 Cecilie
505 1115 539 1171 et
561 1107 702 1172 Ismanie
724 1107 766 1174 ad
787 1107 1062 1193 presentacionem
1085 1107 1227 1194 ipsomm

137 1211 239 1298 Rogcri
252 1219 286 1275 et
302 1211 463 1276 Nicholae
478 1211 628 1275 idoneam
643 1233 811 1297 personam
827 1219 886 1276 etc.

57 1323 101 1389 Εἴ,
189 1315 312 1381 'Assisa
335 1315 431 1381 uenit
453 1315 658 1402 recognitum
679 1317 751 1402 quis
772 1316 950 1381 aduocatus
972 1324 1117 1403 tempore
1139 1317 1227 1403 pacis
1307 1336 1342 1366 ¹¹·

137 1421 322 1506 presentauit
336 1421 489 1485 ultimam
506 1442 674 1506 personam
695 1443 758 1506 que
778 1427 907 1484 mortua
928 1429 978 1485 est
998 1421 1040 1485 ad
1060 1421 1227 1486 ecclesiam

137 1523 169 1588 de
181 1523 324 1588 Trillawe
339 1545 403 1610 que
424 1532 521 1588 uacat
542 1531 580 1587 ut
599 1523 719 1587 dicitur
737 1523 830 1588 euius
850 1521 1096 1588 eduocsciouem
1116 1525 1227 1589 Abbas

137 1627 169 1692 de
189 1627 274 1692 Bello
301 1629 422 1692 clamat
449 1650 561 1692 uersus
586 1627 769 1692 Hemonem
799 1627 914 1704 Peche,
938 1635 972 1692 et
1002 1628 1133 1692 Hamon
1162 1651 1227 1693 non
1240 1635 1379 1722 mffie

138 1731 214 1796 uenit
236 1740 269 1796 et
293 1731 360 1796 fuit
385 1731 636 1796 resummonitus
659 1739 830 1817 postquam
856 1730 1010 1795 defaltam
1037 1731 1114 1796 fecit
1139 1732 1226 1818 apud
1240 1729 1376 1824 ’,ΨΜ

139 1834 447 1899 westmonasterium
468 1834 553 1920 quod
573 1841 658 1899 esset
677 1835 764 1921 apud
779 1835 1084 1901 Chelmerefordiam
1101 1844 1134 1900 et
1154 1837 1227 1901 ideo
1240 1823 1379 1956 ᾗῇ,

137 1939 271 2024 procedat
285 1937 389 2004 assisa
402 1961 515 2002 uersus
529 1961 604 2003 eum
619 1961 677 2024 per
691 1939 854 2004 defaltum.
898 1939 942 2003 Et
960 1939 1125 2004 sciendum
1140 1941 1227 2026 quod
1239 1963 1374 2049 winae

138 2043 295 2108 essoniauit
311 2067 346 2108 se
361 2043 401 2108 de
417 2043 552 2108 seruicio
567 2041 690 2108 domini
705 2043 813 2130 Regis,
828 2052 878 2108 set
899 2044 1060 2109 essouium
1081 2067 1145 2109 non
1163 2046 1226 2110 fuit
1239 2056 1390 2144 fflgpffl

138 2147 162 2209 ci
173 2148 340 2213 allocatum
356 2147 434 2234 quia
447 2155 636 2234 preceptum
651 2155 701 2211 est
721 2145 807 2232 quod
826 2169 891 2210 non
912 2147 1061 2213 obstante
1082 2172 1120 2214 eo
1140 2149 1226 2235 quod
1239 2151 1392 2245 {gjffl‘fffi

138 2251 223 2336 aliqui
242 2252 309 2316 sint
330 2252 366 2316 in
385 2252 521 2317 seruicio
540 2252 663 2317 domini
682 2251 782 2339 Regis
803 2251 987 2316 huiusmodi
1009 2251 1106 2316 assise
1129 2252 1225 2317 simul
1238 2243 1381 2330 fflfflp*

138 2376 199 2418 cum
232 2355 305 2420 aliis
343 2355 452 2419 assisis
486 2377 571 2419 noue
601 2354 766 2420 disseisine
802 2363 836 2419 et
869 2353 981 2419 mortis
1017 2355 1226 2421 antecessoris
1239 2337 1384 2470 mii*

139 2455 338 2521 terminentur
352 2464 387 2521 et
402 2455 578 2542 capiantur.
1238 2431 1367 2564 i's'isffrn·

190 2559 354 2626 Juratores
368 2559 482 2623 dicunt
496 2559 583 2644 quod
597 2559 729 2645 quidam
750 2559 911 2652 Robertus
932 2559 988 2645 qui
1008 2559 1125 2624 ultimo
1145 2559 1226 2624 obiit
1238 2535 1285 2574 ΜΡ
1318 2534 1372 2563 ω’

139 2685 256 2746 persona
284 2685 451 2750 nunquam
482 2663 546 2727 fuit
571 2663 729 2728 admissus
754 2661 795 2728 ad
819 2663 955 2727 eandem
979 2664 1145 2728 ecclesiam
1172 2665 1226 2730 uel

139 2766 293 2834 institutus
320 2769 362 2834 ab
388 2767 536 2855 episcopo
561 2769 615 2833 uel
641 2767 862 2833 archidiacono
886 2767 928 2832 ad
951 2769 1225 2853 presentacionem

140 2871 266 2951 alicuius,
280 2881 331 2938 set
346 2873 410 2938 fuit
425 2873 459 2937 iu
475 2872 672 2958 possessione
687 2878 817 2935 tantum
838 2869 878 2935 de
898 2871 982 2935 dono
1001 2869 1176 2956 patrissui,
1192 2879 1226 2936 et

140 2977 268 3061 requisiti
287 2975 292 3062 Ι
313 2977 386 3062 quis
408 2975 609 3062 presentauit
632 2973 804 3060 quemdam
826 2973 983 3038 Thomam
1006 2973 1062 3059 qui
1088 2973 1169 3038 obiit
1191 2973 1226 3038 in

142 3079 256 3146 eeclesia
274 3081 331 3146 illa
350 3103 487 3167 persona
505 3087 582 3144 ante
601 3078 782 3165 predictum
803 3077 991 3154 Robertum,
1005 3076 1118 3142 dicunt
1140 3077 1226 3163 quod

141 3185 286 3265 predictus
309 3185 421 3250 Abbas
444 3193 479 3249 et
502 3183 544 3248 ed
566 3182 761 3269 peticionem
787 3182 917 3246 Ricardi
946 3183 986 3246 de
1016 3181 1106 3268 Lucy
1134 3181 1226 3247 cuius

141 3286 256 3352 clericus
270 3288 338 3373 ipse
354 3287 494 3352 Thomas
508 3286 572 3350 fuit
590 3285 791 3371 presentauit
810 3285 917 3370 ipsum
938 3283 1094 3348 Th0mam
1115 3291 1149 3349 et
1169 3284 1226 3370 qui

141 3388 175 3453 ad
187 3389 455 3475 presentacionsm
471 3411 563 3454 suam
583 3388 647 3452 fuit
666 3387 831 3453 admissus
878 3387 921 3450 Et
942 3386 1015 3451 ideo
1038 3386 1226 3452 Considera·

141 3501 202 3558 tum
225 3505 271 3560 est
300 3495 387 3582 quod
410 3495 522 3559 Abbas
546 3493 750 3579 recuperauit
774 3491 924 3556 seisinam
948 3513 1039 3556 suam
1062 3501 1227 3578 presenta-

143 3595 227 3661 cionis
239 3619 294 3662 sue
309 3605 345 3662 et
363 3596 482 3661 habeat
501 3596 601 3661 breue
621 3593 662 3660 ad
678 3594 872 3680 Episcopum
888 3593 1126 3659 Norwicensem
1141 3595 1226 3681 quod

142 3697 177 3762 ad
199 3699 466 3784 presentationem
489 3697 591 3784 ipsius
615 3697 754 3762 Abbatis
779 3705 839 3761 etc.
895 3696 939 3760 Et
962 3695 1039 3782 quia
1064 3699 1227 3783 predictus

144 3798 235 3866 Hamo
253 3811 302 3868 est
322 3802 357 3866 in
376 3801 522 3888 partibus
542 3800 764 3866 transmarinis
783 3801 818 3865 in
832 3800 967 3865 seruicio
982 3800 1104 3866 domini
1119 3802 1227 3890 Regis,

144 3911 172 3966 et
184 3906 316 3970 nescitur
329 3905 437 3970 adhue
451 3913 562 3970 utrum
576 3905 848 3992 impedimentum
859 3905 1001 3991 positum
1013 3905 1056 3970 sit
1071 3926 1129 3991 per
1143 3929 1227 3985 eum,

172 4172 295 4236 ¹Rooerur
316 4184 341 4225 et
361 4177 429 4225 Aldu
452 4175 539 4226 interl.
557 4175 590 4239 by
607 4191 651 4226 uu-
700 4178 834 4240 perbreve
850 4177 1030 4236 DomRepet
1047 4190 1129 4224 eoram
1146 4177 1226 4228 chr.

145 4240 247 4300 notatum
262 4241 388 4290 nctinA.
703 4243 732 4290 de
755 4243 882 4305 Braytroc
904 4249 928 4290 ct
953 4243 1032 4290 Vitat.
1049 4243 1181 4302 Enpoiprc
1203 4252 1227 4293 ct

172 4301 314 4355 ²tualt.
349 4305 414 4356 This
429 4319 487 4356 case
503 4305 526 4355 is
542 4305 650 4364 beseled,
703 4307 1015 4369 BiaMoudutRicsrl.
1037 4307 1226 4370 simonisque·

147 4369 192 4418 Aa.
204 4377 265 4432 cupre
277 4373 345 4433 opud
362 4373 555 4435 thlmercsorrl’
567 4388 649 4421 coram
702 4373 870 4421 aerumnosior
882 4378 1071 4433 constupuerunt,
1084 4372 1114 4420 A.

150 4431 180 4480 W.
201 4435 225 4482 de
244 4437 346 4498 Ruteptr
370 4439 427 4487 Ric.
451 4439 535 4498 Remp'
558 4438 651 4488 eric’
734 4437 745 4469 ³
761 4436 872 4486 Bractou
884 4435 948 4486 cites
959 4435 1013 4485 this
1023 4450 1091 4495 osse,
1104 4437 1121 4485 f.
1134 4439 1181 4490 339
1194 4438 1217 4488 b.
