3360 5236
360 423 421 489 578
456 454 458 458 ·
655 420 1084 494 srnnnr,s.n.1233,x.n.
1111 419 1157 486 17.

358 632 412 674 eos
427 609 469 674 ed
483 608 640 695 placitum
656 607 697 672 de
713 629 786 672 xxx.
802 606 918 671 murcie
938 627 995 692 per
1014 607 1100 693 quod
1121 607 1309 674 deteriorati
1332 618 1410 673 sunt
1433 617 1468 672 et

358 713 536 800 dampnum
552 713 674 778 hubent
696 711 738 777 ed
758 711 939 777 ualenciem
959 735 1009 776 xx
1034 735 1213 778 marcarum
1238 722 1272 778 et
1294 713 1370 778 inde
1393 735 1466 799 pro-

357 817 448 883 ducit
467 826 596 882 sectum.
616 815 621 903 Ι

423 921 467 986 Et
493 920 678 986 Gilebertus
705 917 797 984 uenit
820 927 855 984 et
877 917 957 984 dicit
979 919 1066 1004 quod
1089 920 1207 986 cotella
1231 921 1289 986 illa
1317 929 1395 986 sunt
1424 919 1467 985 de

357 1032 554 1089 testamento
569 1024 647 1110 quia
662 1024 784 1110 Synton
799 1032 893 1110 peter
912 1045 990 1088 suus
1011 1031 1045 1088 et
1067 1045 1149 1088 auus
1169 1023 1271 1110 ipsius
1295 1024 1468 1090 Metillidis

358 1127 481 1214 legeuit
504 1127 535 1191 ei
557 1127 592 1191 in
614 1125 768 1191 extremis
791 1149 862 1190 xxx,
887 1147 1018 1203 marcas,
1033 1133 1068 1190 et
1090 1126 1254 1211 cognoscit
1276 1127 1363 1213 quod
1384 1128 1468 1192 obiit

358 1232 467 1318 xxxiij.
491 1232 585 1296 annis
603 1231 728 1318 elapsis,
749 1240 783 1294 et
803 1229 950 1294 defendit
973 1229 1061 1315 quod
1082 1239 1194 1295 contra
1211 1230 1467 1316 prohibicionem

358 1343 416 1398 etc.

422 1439 467 1503 Et
483 1439 644 1503 Robertus
659 1447 693 1502 et
709 1437 844 1501 Matillis
859 1436 999 1500 ueniunt
1021 1445 1056 1500 et
1070 1436 1184 1501 dicunt
1199 1437 1285 1523 quod
1300 1438 1467 1524 predictus

359 1543 480 1628 Symon
495 1565 577 1606 enus
592 1541 673 1606 obiit
694 1541 803 1626 xxxiij.
824 1540 918 1606 annis
940 1539 1058 1625 elapsis
1080 1547 1114 1604 et
1136 1549 1324 1606 executores
1344 1542 1467 1606 mortui

357 1656 443 1723 sunt,
466 1656 499 1711 et
522 1654 595 1732 post
617 1644 801 1730 predictum
824 1643 960 1730 Symon¹
984 1644 1107 1730 Symon
1129 1645 1217 1710 filius
1238 1668 1316 1710 suus
1338 1647 1466 1712 heredi-

359 1761 463 1815 tatem
483 1751 652 1834 patrissui
673 1749 781 1814 tenuit
797 1771 854 1835 per
868 1772 898 1814 x.
914 1771 1015 1814 annos
1035 1757 1070 1813 et
1090 1749 1190 1814 nichil
1206 1751 1305 1836 peciit
1319 1751 1361 1816 ab
1376 1773 1415 1816 eo
1429 1751 1465 1816 in

358 1861 428 1916 totu
442 1852 514 1916 uite
528 1875 594 1927 suc,
615 1859 649 1915 et
670 1859 742 1936 post
761 1873 837 1914 eum
858 1849 967 1914 tenuit
991 1850 1062 1936 ipsa
1084 1851 1220 1916 Metillis
1242 1875 1300 1938 per
1322 1853 1464 1918 multum
1568 1863 1570 1870 '

357 1964 486 2040 tempus
522 1963 697 2039 antequam
733 1951 804 2037 ipsa
836 1951 974 2016 nuberet
1008 1973 1042 2016 se
1072 1953 1217 2038 predicto
1247 1954 1397 2028 Boberto,
1429 1965 1464 2020 et

356 2066 475 2142 petunt
503 2056 659 2122 iudicium
696 2054 723 2118 si
760 2054 902 2118 debeant
936 2053 968 2118 ei
1002 2054 1194 2140 respondere
1230 2056 1356 2122 desicut
1392 2058 1464 2145 ipsa

357 2160 492 2224 Metillis
516 2181 580 2224 non
603 2167 653 2224 est
681 2159 773 2222 heres
796 2158 913 2244 ipsius²
935 2159 1086 2244 Symonis
1107 2159 1171 2236 cui,
1193 2181 1253 2224 nec
1275 2161 1399 2248 aliquid
1420 2163 1463 2227 cd

355 2287 427 2330 cam
443 2265 593 2350 peruenit
608 2265 648 2329 de
663 2265 757 2329 bonis
776 2264 831 2328 aui
851 2263 903 2328 sui
923 2271 984 2330 etc.
1030 2263 1073 2328 Et
1096 2264 1173 2350 quia
1195 2265 1382 2332 Gilebertus
1401 2267 1462 2332 hoc

354 2369 525 2454 cognoscit,
555 2355 589 2433 et
619 2369 678 2432 hoc
715 2391 780 2432 non
810 2375 917 2454 potest
947 2367 1105 2445 dedicere,
1134 2368 1382 2436 Oonsiderntum
1412 2383 1463 2438 est

355 2471 440 2556 quod
455 2471 498 2534 sb
513 2493 550 2534 eo
566 2471 669 2556 quieti
689 2479 724 2536 et
744 2471 830 2557 quod
849 2471 917 2556 ipse
941 2493 1006 2535 non
1027 2479 1136 2557 potest
1153 2473 1246 2560 sequi
1263 2497 1377 2541 uersus
1400 2499 1463 2552 eos,

355 2584 388 2636 et
403 2573 471 2658 ipse
489 2573 675 2638 Gilcbertus
688 2573 896 2638 custodiatur.

260 2702 272 2716 ·
299 2746 304 2760 ¹
418 2677 440 2742 J
443 2677 585 2742 ohannes
600 2677 640 2742 de
656 2678 766 2764 Burgo
781 2687 815 2742 et
832 2679 985 2764 chysia
999 2701 1080 2744 uxor
1097 2680 1167 2746 eius
1186 2704 1244 2766 per
1260 2693 1463 2749 ettomctum

240 2798 283 2836 un·
311 2825 317 2836 .
354 2779 456 2865 ipsius
486 2779 637 2866 Hewysie
661 2787 780 2866 petunt
802 2803 915 2845 uersus
937 2781 1140 2847 Willclrnum
1161 2785 1202 2848 de
1225 2785 1317 2850 Bello
1340 2785 1464 2874 Campo

354 2883 532 2950 custodiam
548 2885 734 2950 medietatis
749 2885 827 2950 uille
842 2885 883 2951 de
904 2886 1108 2953 Hemertons
1127 2911 1201 2953 curn
1220 2899 1300 2975 pert.
1318 2893 1462 2978 exceptis

354 2987 567 3052 eduocecione
598 2989 730 3054 ecclesie
760 2989 905 3054 eiusdem
932 2989 1012 3054 uille
1034 2999 1069 3054 et
1091 2991 1217 3056 duabus
1238 3013 1300 3059 scr.
1323 2999 1408 3059 terre
1431 3005 1465 3060 et

354 3093 429 3156 dim.
446 3115 509 3179 que
524 3093 565 3158 ad
588 3115 641 3158 eos
662 3093 846 3158 Johunnem
865 3106 899 3158 et
920 3095 1107 3179 Hewysism
1130 3095 1297 3181 pertinent
1317 3119 1355 3162 co
1376 3098 1462 3184 quod

353 3196 519 3262 Johcnnes
545 3197 586 3263 dc
610 3198 703 3263 Bello
727 3199 851 3284 Campo
879 3199 965 3263 filius
994 3198 1096 3284 ipsius
1122 3199 1279 3264 Willelmi
1305 3210 1340 3265 et
1369 3201 1462 3266 heres

355 3301 503 3364 Gonnore
532 3300 695 3386 quondam
726 3301 834 3365 uxoris
864 3301 965 3387 ipsius
996 3301 1152 3366 Willclmi
1175 3323 1233 3388 per
1254 3325 1352 3388 quem
1375 3303 1462 3368 idem

354 3405 536 3470 Willelmus
566 3406 682 3471 habuit
705 3406 841 3470 eundem
864 3405 1044 3470 custodiam
1067 3405 1158 3484 obiit,
1180 3406 1273 3471 cuius
1295 3407 1387 3472 heres
1413 3418 1464 3474 est

353 3507 436 3572 infra
450 3517 572 3574 etatem
589 3519 622 3574 et
638 3519 758 3576 terrem
773 3510 863 3574 illam
875 3509 915 3576 dc
928 3511 975 3576 eis
986 3519 1097 3576 tenere
1109 3509 1207 3576 debet
1219 3532 1277 3597 per
1288 3513 1462 3578 seruioium

354 3610 493 3675 militare
509 3621 547 3676 ut
562 3612 624 3698 ipsi
638 3613 661 3676 J
663 3613 805 3676 ohannes
821 3622 855 3676 et
871 3611 1025 3698 Hawysic.
1039 3613 1153 3678 dicunt
1168 3623 1228 3680 etc
1264 3607 1267 3613 ’

258 3741 270 3756 ·
297 3789 303 3802 ¹
418 3717 530 3802 Agnes
549 3740 612 3802 que
635 3719 698 3782 fuit
721 3739 802 3792 uxor
825 3717 961 3782 Honrici
983 3717 1024 3782 de
1048 3719 1219 3783 Dokehem
1242 3721 1328 3805 petit
1350 3743 1464 3787 uersus

284 3849 302 3878 x
354 3817 561 3884 Abbatissam
588 3819 628 3884 de
655 3820 818 3907 Berkinge
848 3821 933 3907 quod
963 3821 1078 3886 reddat
1107 3821 1137 3886 ei
1167 3822 1347 3888 custodiam
1377 3832 1462 3890 terre

354 3921 456 4009 ipsius
479 3925 614 3988 Henrici
638 3925 678 3990 de
703 3924 884 3989 Dalehsm⁸
906 3935 940 3989 et
962 3925 997 3989 in
1021 3925 1185 4012 Berkinge
1207 3949 1270 4013 que
1292 3928 1335 3992 ad
1358 3928 1461 4014 ipsum

353 4029 496 4114 pertinet
526 4051 563 4093 eo
593 4029 678 4114 quod
714 4029 878 4116 predictus
916 4030 1077 4095 Henricus
1114 4031 1224 4096 tenuit
1253 4033 1287 4097 in
1317 4032 1462 4118 soccegio

354 4131 532 4217 predictam
560 4139 687 4210 terrem,
714 4141 748 4198 et
774 4133 861 4198 unde
887 4133 1077 4221 dicitquod
1108 4135 1273 4220 predictus
1299 4135 1463 4201 Henricus

354 4237 401 4301 ite
423 4237 531 4301 tenuit
554 4235 715 4322 quondam
739 4245 857 4302 terrmn
881 4260 972 4305 suam
997 4239 1037 4304 de
1060 4239 1206 4325 predicta
1229 4239 1404 4305 Abbatissc
1425 4241 1461 4305 in

386 4396 393 4427 ¹
412 4395 483 4444 Gorr.
497 4398 634 4459 symonem
932 4400 955 4449 is
967 4403 1013 4448 not
1024 4397 1081 4448 heir
1090 4397 1139 4448 but
1150 4396 1229 4449 heir’s
1239 4397 1304 4449 heir.

386 4462 491 4524 ’ipsius
503 4461 589 4512 interl.
602 4462 635 4526 by
645 4467 791 4516 annotator.
828 4465 880 4516 She
963 4465 1215 4517 ’GomDuketcm
1249 4463 1426 4526 chgenhem.
