<?xml version="1.0" encoding="UTF-8"?>
<!DOCTYPE html PUBLIC "-//W3C//DTD XHTML 1.0 Transitional//EN"
    "http://www.w3.org/TR/xhtml1/DTD/xhtml1-transitional.dtd">
<html xmlns="http://www.w3.org/1999/xhtml" xml:lang="en" lang="en">
 <head>
  <title>
</title>
<meta http-equiv="Content-Type" content="text/html;charset=utf-8" />
  <meta name='ocr-system' content='tesseract 3.04.00' />
  <meta name='ocr-capabilities' content='ocr_page ocr_carea ocr_par ocr_line ocrx_word'/>
</head>
<body>
  <div class='ocr_page' id='page_1' title='image "./bractonsnoteboo04bracgoog_0675.png"; bbox 0 0 3308 5226; ppageno 0'>
   <div class='ocr_carea' id='block_1_1' title="bbox 0 19 3 688">
    <p class='ocr_par' dir='ltr' id='par_1_1' title="bbox 0 19 3 688">
     <span class='ocr_line' id='line_1_1' title="bbox 0 19 3 688; baseline 0 0"><span class='ocrx_word' id='word_1_1' title='bbox 0 19 3 688; x_wconf 95' lang='lat' dir='ltr'> </span> 
     </span>
    </p>
   </div>
   <div class='ocr_carea' id='block_1_2' title="bbox 501 431 1301 509">
    <p class='ocr_par' dir='ltr' id='par_1_2' title="bbox 501 431 1301 509">
     <span class='ocr_line' id='line_1_2' title="bbox 501 431 1301 509; baseline 0.003 -13"><span class='ocrx_word' id='word_1_2' title='bbox 501 445 638 509; x_wconf 80' lang='lat' dir='ltr'>msrnn,</span> <span class='ocrx_word' id='word_1_3' title='bbox 661 445 726 496; x_wconf 75' lang='lat' dir='ltr'>sn.</span> <span class='ocrx_word' id='word_1_4' title='bbox 751 431 844 507; x_wconf 78' lang='lat'>1234,</span> <span class='ocrx_word' id='word_1_5' title='bbox 867 445 930 494; x_wconf 78' lang='lat' dir='ltr'>sn.</span> <span class='ocrx_word' id='word_1_6' title='bbox 955 433 1004 494; x_wconf 88' lang='lat'>18.</span> <span class='ocrx_word' id='word_1_7' title='bbox 1237 433 1301 500; x_wconf 86' lang='grc'>667</span> 
     </span>
    </p>
   </div>
   <div class='ocr_carea' id='block_1_3' title="bbox 194 612 1362 2362">
    <p class='ocr_par' dir='ltr' id='par_1_3' title="bbox 194 612 1362 1636">
     <span class='ocr_line' id='line_1_3' title="bbox 197 612 1301 700; baseline -0.004 -18"><span class='ocrx_word' id='word_1_8' title='bbox 197 617 349 684; x_wconf 90' lang='lat' dir='ltr'>Huberto</span> <span class='ocrx_word' id='word_1_9' title='bbox 378 613 520 681; x_wconf 89' lang='lat' dir='ltr'>abducto</span> <span class='ocrx_word' id='word_1_10' title='bbox 550 637 613 700; x_wconf 92' lang='lat' dir='ltr'>que</span> <span class='ocrx_word' id='word_1_11' title='bbox 643 612 775 700; x_wconf 91' lang='lat' dir='ltr'>quidem</span> <span class='ocrx_word' id='word_1_12' title='bbox 805 612 1016 700; x_wconf 86' lang='lat' dir='ltr'>transgressio</span> <span class='ocrx_word' id='word_1_13' title='bbox 1045 613 1231 699; x_wconf 78' lang='lat' dir='ltr'>pertinebat</span> <span class='ocrx_word' id='word_1_14' title='bbox 1259 612 1301 678; x_wconf 88' lang='lat' dir='ltr'>ad</span> 
     </span>
     <span class='ocr_line' id='line_1_4' title="bbox 195 717 1303 805; baseline -0.004 -19"><span class='ocrx_word' id='word_1_15' title='bbox 195 721 289 787; x_wconf 87' lang='lat' dir='ltr'>Dom</span> <span class='ocrx_word' id='word_1_16' title='bbox 321 720 455 805; x_wconf 82' lang='lat' dir='ltr'><strong>Regem,</strong></span> <span class='ocrx_word' id='word_1_17' title='bbox 485 725 519 782; x_wconf 90' lang='lat' dir='ltr'>et</span> <span class='ocrx_word' id='word_1_18' title='bbox 543 717 620 804; x_wconf 89' lang='lat' dir='ltr'>quia</span> <span class='ocrx_word' id='word_1_19' title='bbox 648 717 809 783; x_wconf 82' lang='lat' dir='ltr'>Dominus</span> <span class='ocrx_word' id='word_1_20' title='bbox 833 719 906 782; x_wconf 84' lang='lat' dir='ltr'>Rex</span> <span class='ocrx_word' id='word_1_21' title='bbox 935 717 1099 804; x_wconf 78' lang='lat' dir='ltr'>cognoscit</span> <span class='ocrx_word' id='word_1_22' title='bbox 1128 718 1215 803; x_wconf 94' lang='lat' dir='ltr'>quod</span> <span class='ocrx_word' id='word_1_23' title='bbox 1239 717 1303 803; x_wconf 90' lang='lat' dir='ltr'>ipsi</span> 
     </span>
     <span class='ocr_line' id='line_1_5' title="bbox 194 821 1304 909; baseline 0 -21"><span class='ocrx_word' id='word_1_24' title='bbox 194 845 325 909; x_wconf 77' lang='lat' dir='ltr'>semper</span> <span class='ocrx_word' id='word_1_25' title='bbox 347 822 537 887; x_wconf 88' lang='lat' dir='ltr'>obtulerunt</span> <span class='ocrx_word' id='word_1_26' title='bbox 562 843 621 907; x_wconf 91' lang='lat' dir='ltr'>per</span> <span class='ocrx_word' id='word_1_27' title='bbox 645 821 771 886; x_wconf 78' lang='lat' dir='ltr'>litteras</span> <span class='ocrx_word' id='word_1_28' title='bbox 793 829 828 886; x_wconf 89' lang='lat' dir='ltr'>et</span> <span class='ocrx_word' id='word_1_29' title='bbox 849 843 908 908; x_wconf 82' lang='lat' dir='ltr'>per</span> <span class='ocrx_word' id='word_1_30' title='bbox 928 821 1064 886; x_wconf 87' lang='lat' dir='ltr'>nuncios</span> <span class='ocrx_word' id='word_1_31' title='bbox 1086 821 1240 888; x_wconf 89' lang='lat' dir='ltr'>ueniendi</span> <span class='ocrx_word' id='word_1_32' title='bbox 1261 821 1304 888; x_wconf 89' lang='lat' dir='ltr'>ad</span> 
     </span>
     <span class='ocr_line' id='line_1_6' title="bbox 195 923 1304 1012; baseline -0.002 -20"><span class='ocrx_word' id='word_1_33' title='bbox 195 926 320 992; x_wconf 70' lang='lat' dir='ltr'>citriam</span> <span class='ocrx_word' id='word_1_34' title='bbox 343 933 378 992; x_wconf 90' lang='lat' dir='ltr'>et</span> <span class='ocrx_word' id='word_1_35' title='bbox 403 924 513 998; x_wconf 81' lang='lat' dir='ltr'>standi</span> <span class='ocrx_word' id='word_1_36' title='bbox 537 932 634 1002; x_wconf 88' lang='lat' dir='ltr'>recto,</span> <span class='ocrx_word' id='word_1_37' title='bbox 659 924 907 990; x_wconf 82' lang='lat' dir='ltr'>Consideratum</span> <span class='ocrx_word' id='word_1_38' title='bbox 936 923 1001 990; x_wconf 87' lang='lat' dir='ltr'>est¹</span> <span class='ocrx_word' id='word_1_39' title='bbox 1028 925 1115 1012; x_wconf 92' lang='lat' dir='ltr'>quod</span> <span class='ocrx_word' id='word_1_40' title='bbox 1143 925 1304 1012; x_wconf 87' lang='lat' dir='ltr'>utlagatio</span> 
     </span>
     <span class='ocr_line' id='line_1_7' title="bbox 194 1027 1304 1114; baseline 0 -20"><span class='ocrx_word' id='word_1_41' title='bbox 194 1030 253 1095; x_wconf 90' lang='lat' dir='ltr'>illa</span> <span class='ocrx_word' id='word_1_42' title='bbox 277 1029 370 1094; x_wconf 89' lang='lat' dir='ltr'>nulla</span> <span class='ocrx_word' id='word_1_43' title='bbox 394 1037 453 1106; x_wconf 87' lang='lat' dir='ltr'>est,</span> <span class='ocrx_word' id='word_1_44' title='bbox 477 1035 512 1093; x_wconf 91' lang='lat' dir='ltr'>et</span> <span class='ocrx_word' id='word_1_45' title='bbox 537 1050 595 1114; x_wconf 92' lang='lat' dir='ltr'>pro</span> <span class='ocrx_word' id='word_1_46' title='bbox 620 1028 711 1102; x_wconf 87' lang='lat' dir='ltr'>nulla</span> <span class='ocrx_word' id='word_1_47' title='bbox 740 1027 900 1094; x_wconf 87' lang='lat' dir='ltr'>habeatur</span> <span class='ocrx_word' id='word_1_48' title='bbox 925 1028 966 1094; x_wconf 92' lang='lat' dir='ltr'>de</span> <span class='ocrx_word' id='word_1_49' title='bbox 996 1035 1118 1101; x_wconf 85' lang='lat' dir='ltr'>cetero.¹</span> <span class='ocrx_word' id='word_1_50' title='bbox 1157 1029 1202 1094; x_wconf 86' lang='lat' dir='ltr'>Et</span> <span class='ocrx_word' id='word_1_51' title='bbox 1230 1029 1304 1094; x_wconf 91' lang='lat' dir='ltr'>ideo</span> 
     </span>
     <span class='ocr_line' id='line_1_8' title="bbox 195 1130 1303 1218; baseline -0.002 -18"><span class='ocrx_word' id='word_1_52' title='bbox 195 1134 388 1200; x_wconf 86' lang='lat' dir='ltr'>mandatum</span> <span class='ocrx_word' id='word_1_53' title='bbox 403 1140 453 1198; x_wconf 89' lang='lat' dir='ltr'>est</span> <span class='ocrx_word' id='word_1_54' title='bbox 468 1132 618 1198; x_wconf 86' lang='lat' dir='ltr'>omnibus</span> <span class='ocrx_word' id='word_1_55' title='bbox 633 1131 879 1196; x_wconf 86' lang='lat' dir='ltr'>uiceoomitibus</span> <span class='ocrx_word' id='word_1_56' title='bbox 898 1131 1018 1218; x_wconf 87' lang='lat' dir='ltr'>Anglie</span> <span class='ocrx_word' id='word_1_57' title='bbox 1038 1130 1125 1218; x_wconf 92' lang='lat' dir='ltr'>quod</span> <span class='ocrx_word' id='word_1_58' title='bbox 1140 1133 1303 1199; x_wconf 79' lang='lat' dir='ltr'>occasione</span> 
     </span>
     <span class='ocr_line' id='line_1_9' title="bbox 195 1235 1362 1324; baseline -0.002 -20"><span class='ocrx_word' id='word_1_59' title='bbox 195 1238 285 1304; x_wconf 91' lang='lat' dir='ltr'>illius</span> <span class='ocrx_word' id='word_1_60' title='bbox 314 1236 526 1324; x_wconf 73' lang='lat' dir='ltr'>utlagationis</span> <span class='ocrx_word' id='word_1_61' title='bbox 554 1235 638 1300; x_wconf 91' lang='lat' dir='ltr'>nulli</span> <span class='ocrx_word' id='word_1_62' title='bbox 667 1235 811 1322; x_wconf 87' lang='lat' dir='ltr'>ipsorum</span> <span class='ocrx_word' id='word_1_63' title='bbox 847 1235 1031 1300; x_wconf 79' lang='lat' dir='ltr'>molestiam</span> <span class='ocrx_word' id='word_1_64' title='bbox 1067 1236 1209 1302; x_wconf 86' lang='lat' dir='ltr'>inferant</span> <span class='ocrx_word' id='word_1_65' title='bbox 1244 1243 1304 1302; x_wconf 91' lang='lat' dir='ltr'>aut</span> <span class='ocrx_word' id='word_1_66' title='bbox 1359 1316 1362 1324; x_wconf 17' lang='grc' dir='ltr'><strong>Α</strong></span> 
     </span>
     <span class='ocr_line' id='line_1_10' title="bbox 196 1337 1303 1428; baseline 0.001 -21"><span class='ocrx_word' id='word_1_67' title='bbox 196 1341 309 1408; x_wconf 75' lang='lat' dir='ltr'>inferri</span> <span class='ocrx_word' id='word_1_68' title='bbox 333 1341 534 1428; x_wconf 87' lang='lat' dir='ltr'>permittant.</span> <span class='ocrx_word' id='word_1_69' title='bbox 555 1338 560 1427; x_wconf 93' lang='grc' dir='ltr'>Ι</span> <span class='ocrx_word' id='word_1_70' title='bbox 580 1340 719 1405; x_wconf 85' lang='lat' dir='ltr'>Factum</span> <span class='ocrx_word' id='word_1_71' title='bbox 743 1347 794 1404; x_wconf 86' lang='lat' dir='ltr'>est</span> <span class='ocrx_word' id='word_1_72' title='bbox 819 1337 879 1404; x_wconf 91' lang='lat' dir='ltr'>hoo</span> <span class='ocrx_word' id='word_1_73' title='bbox 902 1338 1060 1406; x_wconf 91' lang='lat' dir='ltr'>iudicium</span> <span class='ocrx_word' id='word_1_74' title='bbox 1082 1340 1228 1426; x_wconf 89' lang='lat' dir='ltr'>predicto</span> <span class='ocrx_word' id='word_1_75' title='bbox 1249 1339 1303 1408; x_wconf 87' lang='lat' dir='ltr'>die</span> 
     </span>
     <span class='ocr_line' id='line_1_11' title="bbox 197 1441 1304 1531; baseline -0.001 -20"><span class='ocrx_word' id='word_1_76' title='bbox 197 1445 335 1512; x_wconf 83' lang='lat' dir='ltr'>Sabbati</span> <span class='ocrx_word' id='word_1_77' title='bbox 371 1467 457 1510; x_wconf 88' lang='lat' dir='ltr'>anno</span> <span class='ocrx_word' id='word_1_78' title='bbox 484 1443 579 1531; x_wconf 87' lang='lat' dir='ltr'>regni</span> <span class='ocrx_word' id='word_1_79' title='bbox 614 1442 714 1531; x_wconf 88' lang='lat' dir='ltr'>Regis</span> <span class='ocrx_word' id='word_1_80' title='bbox 744 1441 888 1522; x_wconf 75' lang='lat' dir='ltr'>Henrici</span> <span class='ocrx_word' id='word_1_81' title='bbox 917 1443 978 1508; x_wconf 91' lang='lat' dir='ltr'>filii</span> <span class='ocrx_word' id='word_1_82' title='bbox 1006 1444 1107 1531; x_wconf 88' lang='lat' dir='ltr'>Regis</span> <span class='ocrx_word' id='word_1_83' title='bbox 1136 1443 1304 1524; x_wconf 83' lang='lat' dir='ltr'>Johannis,</span> 
     </span>
     <span class='ocr_line' id='line_1_12' title="bbox 196 1547 639 1636; baseline -0.009 -20"><span class='ocrx_word' id='word_1_84' title='bbox 196 1549 299 1636; x_wconf 82' lang='lat' dir='ltr'>xviij⁰</span> <span class='ocrx_word' id='word_1_85' title='bbox 313 1571 421 1616; x_wconf 90' lang='lat' dir='ltr'>coram</span> <span class='ocrx_word' id='word_1_86' title='bbox 435 1547 639 1635; x_wconf 82' lang='lat' dir='ltr'>supradictis.</span> 
     </span>
    </p>

    <p class='ocr_par' dir='ltr' id='par_1_4' title="bbox 197 1649 1305 1948">
     <span class='ocr_line' id='line_1_13' title="bbox 263 1649 1305 1740; baseline 0.003 -22"><span class='ocrx_word' id='word_1_87' title='bbox 263 1654 308 1720; x_wconf 88' lang='lat' dir='ltr'>Et</span> <span class='ocrx_word' id='word_1_88' title='bbox 330 1675 428 1740; x_wconf 86' lang='lat' dir='ltr'>super</span> <span class='ocrx_word' id='word_1_89' title='bbox 449 1652 510 1719; x_wconf 89' lang='lat' dir='ltr'>hoc</span> <span class='ocrx_word' id='word_1_90' title='bbox 531 1650 670 1738; x_wconf 77' lang='lat' dir='ltr'>predicti</span> <span class='ocrx_word' id='word_1_91' title='bbox 693 1649 879 1716; x_wconf 83' lang='lat' dir='ltr'>Gilebertus</span> <span class='ocrx_word' id='word_1_92' title='bbox 898 1657 933 1716; x_wconf 90' lang='lat' dir='ltr'>et</span> <span class='ocrx_word' id='word_1_93' title='bbox 952 1649 1010 1716; x_wconf 87' lang='lat' dir='ltr'>alii</span> <span class='ocrx_word' id='word_1_94' title='bbox 1029 1658 1149 1736; x_wconf 89' lang='lat' dir='ltr'>petunt</span> <span class='ocrx_word' id='word_1_95' title='bbox 1163 1650 1305 1736; x_wconf 83' lang='lat' dir='ltr'>dampna</span> 
     </span>
     <span class='ocr_line' id='line_1_14' title="bbox 197 1753 1303 1842; baseline -0.001 -18"><span class='ocrx_word' id='word_1_96' title='bbox 197 1757 244 1824; x_wconf 88' lang='lat' dir='ltr'>eis</span> <span class='ocrx_word' id='word_1_97' title='bbox 272 1756 366 1822; x_wconf 86' lang='lat' dir='ltr'>illata</span> <span class='ocrx_word' id='word_1_98' title='bbox 394 1763 471 1822; x_wconf 88' lang='lat' dir='ltr'>ante</span> <span class='ocrx_word' id='word_1_99' title='bbox 501 1753 739 1842; x_wconf 81' lang='lat' dir='ltr'>utlagacionem</span> <span class='ocrx_word' id='word_1_100' title='bbox 768 1753 858 1820; x_wconf 90' lang='lat' dir='ltr'>illam</span> <span class='ocrx_word' id='word_1_101' title='bbox 887 1754 935 1820; x_wconf 90' lang='lat' dir='ltr'>eis</span> <span class='ocrx_word' id='word_1_102' title='bbox 963 1754 1094 1820; x_wconf 86' lang='lat' dir='ltr'>restitui</span> <span class='ocrx_word' id='word_1_103' title='bbox 1122 1755 1164 1821; x_wconf 91' lang='lat' dir='ltr'>ab</span> <span class='ocrx_word' id='word_1_104' title='bbox 1190 1755 1237 1823; x_wconf 89' lang='lat' dir='ltr'>eis</span> <span class='ocrx_word' id='word_1_105' title='bbox 1263 1756 1303 1822; x_wconf 91' lang='lat' dir='ltr'>de</span> 
     </span>
     <span class='ocr_line' id='line_1_15' title="bbox 197 1858 822 1948; baseline -0.006 -22"><span class='ocrx_word' id='word_1_106' title='bbox 197 1883 334 1948; x_wconf 89' lang='lat' dir='ltr'>quorum</span> <span class='ocrx_word' id='word_1_107' title='bbox 350 1859 481 1926; x_wconf 85' lang='lat' dir='ltr'>oonsilio</span> <span class='ocrx_word' id='word_1_108' title='bbox 496 1858 543 1924; x_wconf 91' lang='lat' dir='ltr'>eis</span> <span class='ocrx_word' id='word_1_109' title='bbox 557 1859 667 1924; x_wconf 83' lang='lat' dir='ltr'>ablata</span> <span class='ocrx_word' id='word_1_110' title='bbox 681 1859 822 1924; x_wconf 86' lang='lat' dir='ltr'>fuemnt.</span> 
     </span>
    </p>

    <p class='ocr_par' dir='ltr' id='par_1_5' title="bbox 198 1959 1362 2362">
     <span class='ocr_line' id='line_1_16' title="bbox 263 1959 1305 2046; baseline 0 -19"><span class='ocrx_word' id='word_1_111' title='bbox 263 1961 436 2040; x_wconf 85' lang='lat' dir='ltr'>Predictus</span> <span class='ocrx_word' id='word_1_112' title='bbox 453 1983 531 2026; x_wconf 88' lang='lat' dir='ltr'>uero</span> <span class='ocrx_word' id='word_1_113' title='bbox 551 1960 722 2026; x_wconf 89' lang='lat' dir='ltr'>Hubertus</span> <span class='ocrx_word' id='word_1_114' title='bbox 736 1959 777 2025; x_wconf 92' lang='lat' dir='ltr'>de</span> <span class='ocrx_word' id='word_1_115' title='bbox 792 1959 902 2046; x_wconf 88' lang='lat' dir='ltr'>Burgo</span> <span class='ocrx_word' id='word_1_116' title='bbox 917 1959 1031 2026; x_wconf 88' lang='lat' dir='ltr'>eodem</span> <span class='ocrx_word' id='word_1_117' title='bbox 1045 1959 1141 2026; x_wconf 92' lang='lat' dir='ltr'>modo</span> <span class='ocrx_word' id='word_1_118' title='bbox 1155 1960 1248 2027; x_wconf 89' lang='lat' dir='ltr'>uenit</span> <span class='ocrx_word' id='word_1_119' title='bbox 1262 1959 1305 2028; x_wconf 89' lang='lat' dir='ltr'>ad</span> 
     </span>
     <span class='ocr_line' id='line_1_17' title="bbox 198 2061 1304 2152; baseline -0.001 -20"><span class='ocrx_word' id='word_1_120' title='bbox 198 2063 292 2133; x_wconf 89' lang='lat' dir='ltr'>Dom.</span> <span class='ocrx_word' id='word_1_121' title='bbox 308 2066 433 2152; x_wconf 83' lang='lat' dir='ltr'>Regem</span> <span class='ocrx_word' id='word_1_122' title='bbox 455 2087 531 2130; x_wconf 87' lang='lat' dir='ltr'>eum</span> <span class='ocrx_word' id='word_1_123' title='bbox 550 2063 713 2150; x_wconf 78' lang='lat' dir='ltr'>predictis,</span> <span class='ocrx_word' id='word_1_124' title='bbox 729 2071 763 2130; x_wconf 89' lang='lat' dir='ltr'>et</span> <span class='ocrx_word' id='word_1_125' title='bbox 783 2061 824 2128; x_wconf 94' lang='lat' dir='ltr'>de</span> <span class='ocrx_word' id='word_1_126' title='bbox 846 2070 916 2128; x_wconf 86' lang='lat' dir='ltr'>toto</span> <span class='ocrx_word' id='word_1_127' title='bbox 938 2064 1048 2150; x_wconf 90' lang='lat' dir='ltr'>posuit</span> <span class='ocrx_word' id='word_1_128' title='bbox 1069 2087 1104 2133; x_wconf 90' lang='lat' dir='ltr'>se</span> <span class='ocrx_word' id='word_1_129' title='bbox 1126 2063 1161 2129; x_wconf 84' lang='lat' dir='ltr'>in‘</span> <span class='ocrx_word' id='word_1_130' title='bbox 1180 2064 1304 2131; x_wconf 90' lang='lat' dir='ltr'>miseri·</span> 
     </span>
     <span class='ocr_line' id='line_1_18' title="bbox 199 2167 1305 2255; baseline -0.002 -19"><span class='ocrx_word' id='word_1_131' title='bbox 199 2169 340 2236; x_wconf 85' lang='lat' dir='ltr'>cordiam</span> <span class='ocrx_word' id='word_1_132' title='bbox 356 2169 449 2234; x_wconf 91' lang='lat' dir='ltr'>Dom.</span> <span class='ocrx_word' id='word_1_133' title='bbox 465 2167 574 2255; x_wconf 87' lang='lat' dir='ltr'>Regis,</span> <span class='ocrx_word' id='word_1_134' title='bbox 589 2167 762 2234; x_wconf 87' lang='lat' dir='ltr'>ostendens</span> <span class='ocrx_word' id='word_1_135' title='bbox 782 2167 922 2253; x_wconf 82' lang='lat' dir='ltr'>qualiter</span> <span class='ocrx_word' id='word_1_136' title='bbox 939 2189 998 2253; x_wconf 92' lang='lat' dir='ltr'>per</span> <span class='ocrx_word' id='word_1_137' title='bbox 1011 2167 1166 2253; x_wconf 84' lang='lat' dir='ltr'>quosdam</span> <span class='ocrx_word' id='word_1_138' title='bbox 1181 2169 1305 2234; x_wconf 87' lang='lat' dir='ltr'>emulos</span> 
     </span>
     <span class='ocr_line' id='line_1_19' title="bbox 199 2271 1362 2362; baseline -0.003 -21"><span class='ocrx_word' id='word_1_139' title='bbox 199 2297 273 2342; x_wconf 88' lang='lat' dir='ltr'>suos</span> <span class='ocrx_word' id='word_1_140' title='bbox 301 2273 386 2340; x_wconf 82' lang='lat' dir='ltr'>male</span> <span class='ocrx_word' id='word_1_141' title='bbox 416 2280 576 2338; x_wconf 87' lang='lat' dir='ltr'>tractatus</span> <span class='ocrx_word' id='word_1_142' title='bbox 605 2273 679 2349; x_wconf 88' lang='lat' dir='ltr'>fuit,</span> <span class='ocrx_word' id='word_1_143' title='bbox 708 2279 743 2338; x_wconf 86' lang='lat' dir='ltr'>et</span> <span class='ocrx_word' id='word_1_144' title='bbox 772 2271 914 2357; x_wconf 79' lang='lat' dir='ltr'>qualiter</span> <span class='ocrx_word' id='word_1_145' title='bbox 941 2293 1001 2357; x_wconf 90' lang='lat' dir='ltr'>per</span> <span class='ocrx_word' id='word_1_146' title='bbox 1027 2271 1139 2338; x_wconf 88' lang='lat' dir='ltr'>dimid’</span> <span class='ocrx_word' id='word_1_147' title='bbox 1165 2272 1305 2338; x_wconf 83' lang='lat' dir='ltr'>dublin&#39;¹</span> <span class='ocrx_word' id='word_1_148' title='bbox 1358 2352 1362 2362; x_wconf 29' lang='grc' dir='ltr'>Ι</span> 
     </span>
    </p>
   </div>
   <div class='ocr_carea' id='block_1_4' title="bbox 200 2375 1423 2465">
    <p class='ocr_par' dir='ltr' id='par_1_6' title="bbox 200 2375 1423 2465">
     <span class='ocr_line' id='line_1_20' title="bbox 200 2375 1423 2465; baseline -0.007 -20"><span class='ocrx_word' id='word_1_149' title='bbox 200 2387 235 2446; x_wconf 89' lang='lat' dir='ltr'>et</span> <span class='ocrx_word' id='word_1_150' title='bbox 260 2401 319 2465; x_wconf 88' lang='lat' dir='ltr'>per</span> <span class='ocrx_word' id='word_1_151' title='bbox 343 2378 423 2444; x_wconf 86' lang='lat' dir='ltr'>alios</span> <span class='ocrx_word' id='word_1_152' title='bbox 452 2399 579 2463; x_wconf 84' lang='lat' dir='ltr'>semper</span> <span class='ocrx_word' id='word_1_153' title='bbox 607 2375 708 2463; x_wconf 89' lang='lat' dir='ltr'>peciit</span> <span class='ocrx_word' id='word_1_154' title='bbox 733 2375 984 2442; x_wconf 89' lang='lat' dir='ltr'>misericordiam</span> <span class='ocrx_word' id='word_1_155' title='bbox 1007 2375 1100 2443; x_wconf 90' lang='lat' dir='ltr'>Dom</span> <span class='ocrx_word' id='word_1_156' title='bbox 1123 2376 1248 2463; x_wconf 86' lang='lat' dir='ltr'>Regis⁸,</span> <span class='ocrx_word' id='word_1_157' title='bbox 1269 2385 1304 2444; x_wconf 88' lang='lat' dir='ltr'>et</span> <span class='ocrx_word' id='word_1_158' title='bbox 1421 2431 1423 2436; x_wconf 90' lang='lat'><em>.</em></span> 
     </span>
    </p>
   </div>
   <div class='ocr_carea' id='block_1_5' title="bbox 180 2479 1363 3702">
    <p class='ocr_par' dir='ltr' id='par_1_7' title="bbox 180 2479 1363 3702">
     <span class='ocr_line' id='line_1_21' title="bbox 200 2479 1305 2568; baseline 0.001 -22"><span class='ocrx_word' id='word_1_159' title='bbox 200 2481 341 2567; x_wconf 83' lang='lat' dir='ltr'>qualiter</span> <span class='ocrx_word' id='word_1_160' title='bbox 370 2481 460 2567; x_wconf 89' lang='lat' dir='ltr'>prius</span> <span class='ocrx_word' id='word_1_161' title='bbox 489 2503 587 2548; x_wconf 89' lang='lat' dir='ltr'>ausus</span> <span class='ocrx_word' id='word_1_162' title='bbox 616 2502 681 2544; x_wconf 88' lang='lat' dir='ltr'>non</span> <span class='ocrx_word' id='word_1_163' title='bbox 710 2479 775 2544; x_wconf 83' lang='lat' dir='ltr'>luit</span> <span class='ocrx_word' id='word_1_164' title='bbox 803 2479 954 2546; x_wconf 87' lang='lat' dir='ltr'>accedere</span> <span class='ocrx_word' id='word_1_165' title='bbox 984 2479 1027 2546; x_wconf 90' lang='lat' dir='ltr'>ad</span> <span class='ocrx_word' id='word_1_166' title='bbox 1052 2480 1145 2550; x_wconf 90' lang='lat' dir='ltr'>Dom.</span> <span class='ocrx_word' id='word_1_167' title='bbox 1172 2481 1305 2568; x_wconf 88' lang='lat' dir='ltr'>Regem.</span> 
     </span>
     <span class='ocr_line' id='line_1_22' title="bbox 201 2582 1306 2669; baseline -0.003 -16"><span class='ocrx_word' id='word_1_168' title='bbox 201 2583 245 2653; x_wconf 83' lang='lat' dir='ltr'>Et</span> <span class='ocrx_word' id='word_1_169' title='bbox 274 2583 367 2650; x_wconf 92' lang='lat' dir='ltr'>Dom.</span> <span class='ocrx_word' id='word_1_170' title='bbox 395 2584 466 2650; x_wconf 86' lang='lat' dir='ltr'>Rex</span> <span class='ocrx_word' id='word_1_171' title='bbox 491 2583 684 2669; x_wconf 89' lang='lat' dir='ltr'>perdonauit</span> <span class='ocrx_word' id='word_1_172' title='bbox 708 2582 739 2648; x_wconf 92' lang='lat' dir='ltr'>ei</span> <span class='ocrx_word' id='word_1_173' title='bbox 764 2583 950 2650; x_wconf 85' lang='lat' dir='ltr'>suasionem</span> <span class='ocrx_word' id='word_1_174' title='bbox 976 2583 1017 2650; x_wconf 93' lang='lat' dir='ltr'>de</span> <span class='ocrx_word' id='word_1_175' title='bbox 1041 2592 1145 2651; x_wconf 88' lang='lat' dir='ltr'>castro</span> <span class='ocrx_word' id='word_1_176' title='bbox 1174 2607 1233 2652; x_wconf 91' lang='lat' dir='ltr'>suo</span> <span class='ocrx_word' id='word_1_177' title='bbox 1264 2585 1306 2651; x_wconf 86' lang='lat' dir='ltr'>de</span> 
     </span>
     <span class='ocr_line' id='line_1_23' title="bbox 200 2685 1306 2775; baseline 0.002 -23"><span class='ocrx_word' id='word_1_178' title='bbox 200 2685 333 2766; x_wconf 89' lang='lat' dir='ltr'>Diuisis‚</span> <span class='ocrx_word' id='word_1_179' title='bbox 374 2687 537 2752; x_wconf 77' lang='lat' dir='ltr'>occasione</span> <span class='ocrx_word' id='word_1_180' title='bbox 578 2687 671 2756; x_wconf 84' lang='lat' dir='ltr'>cuius</span> <span class='ocrx_word' id='word_1_181' title='bbox 712 2687 873 2754; x_wconf 88' lang='lat' dir='ltr'>suasionis</span> <span class='ocrx_word' id='word_1_182' title='bbox 915 2688 1083 2775; x_wconf 86' lang='lat' dir='ltr'>utlagatus</span> <span class='ocrx_word' id='word_1_183' title='bbox 1123 2689 1194 2756; x_wconf 85' lang='lat' dir='ltr'>fuit.</span> <span class='ocrx_word' id='word_1_184' title='bbox 1261 2689 1306 2762; x_wconf 83' lang='lat' dir='ltr'>Et</span> 
     </span>
     <span class='ocr_line' id='line_1_24' title="bbox 200 2789 1307 2878; baseline 0.001 -22"><span class='ocrx_word' id='word_1_185' title='bbox 200 2789 279 2877; x_wconf 89' lang='lat' dir='ltr'>quia</span> <span class='ocrx_word' id='word_1_186' title='bbox 311 2813 377 2856; x_wconf 91' lang='lat' dir='ltr'>non</span> <span class='ocrx_word' id='word_1_187' title='bbox 405 2791 469 2856; x_wconf 89' lang='lat' dir='ltr'>fuit</span> <span class='ocrx_word' id='word_1_188' title='bbox 503 2797 634 2875; x_wconf 88' lang='lat' dir='ltr'>propter</span> <span class='ocrx_word' id='word_1_189' title='bbox 662 2789 858 2856; x_wconf 88' lang='lat' dir='ltr'>sedicionem</span> <span class='ocrx_word' id='word_1_190' title='bbox 887 2791 1114 2877; x_wconf 84' lang='lat' dir='ltr'>inprisonatus,</span> <span class='ocrx_word' id='word_1_191' title='bbox 1143 2815 1204 2858; x_wconf 88' lang='lat' dir='ltr'>nec</span> <span class='ocrx_word' id='word_1_192' title='bbox 1232 2800 1307 2878; x_wconf 88' lang='lat' dir='ltr'>post</span> 
     </span>
     <span class='ocr_line' id='line_1_25' title="bbox 180 2885 1306 2982; baseline -0.004 -17"><span class='ocrx_word' id='word_1_193' title='bbox 180 2885 384 2966; x_wconf 67' lang='lat' dir='ltr'>‘senionem</span> <span class='ocrx_word' id='word_1_194' title='bbox 408 2893 449 2962; x_wconf 90' lang='lat' dir='ltr'>de</span> <span class='ocrx_word' id='word_1_195' title='bbox 472 2893 620 2962; x_wconf 90' lang='lat' dir='ltr'>robberia</span> <span class='ocrx_word' id='word_1_196' title='bbox 645 2893 699 2958; x_wconf 90' lang='lat' dir='ltr'>uel</span> <span class='ocrx_word' id='word_1_197' title='bbox 724 2893 765 2958; x_wconf 88' lang='lat' dir='ltr'>de</span> <span class='ocrx_word' id='word_1_198' title='bbox 790 2895 856 2960; x_wconf 89' lang='lat' dir='ltr'>alia</span> <span class='ocrx_word' id='word_1_199' title='bbox 880 2896 1131 2982; x_wconf 74' lang='lat' dir='ltr'>transgressione</span> <span class='ocrx_word' id='word_1_200' title='bbox 1156 2902 1306 2972; x_wconf 87' lang='lat' dir='ltr'>rettatus,</span> 
     </span>
     <span class='ocr_line' id='line_1_26' title="bbox 200 2995 1306 3085; baseline 0 -23"><span class='ocrx_word' id='word_1_201' title='bbox 200 3019 260 3070; x_wconf 86' lang='lat' dir='ltr'>nec</span> <span class='ocrx_word' id='word_1_202' title='bbox 281 3019 340 3083; x_wconf 87' lang='lat' dir='ltr'>per</span> <span class='ocrx_word' id='word_1_203' title='bbox 359 2995 496 3062; x_wconf 88' lang='lat' dir='ltr'>alieuius</span> <span class='ocrx_word' id='word_1_204' title='bbox 517 3003 640 3062; x_wconf 83' lang='lat' dir='ltr'>sectam</span> <span class='ocrx_word' id='word_1_205' title='bbox 661 2996 717 3062; x_wconf 89' lang='lat' dir='ltr'>uel</span> <span class='ocrx_word' id='word_1_206' title='bbox 739 2997 904 3082; x_wconf 90' lang='lat' dir='ltr'>appellum</span> <span class='ocrx_word' id='word_1_207' title='bbox 926 2997 1145 3085; x_wconf 87' lang='lat' dir='ltr'>interrogatus</span> <span class='ocrx_word' id='word_1_208' title='bbox 1166 2997 1230 3062; x_wconf 88' lang='lat' dir='ltr'>fuit</span> <span class='ocrx_word' id='word_1_209' title='bbox 1251 2997 1306 3062; x_wconf 91' lang='lat' dir='ltr'>uel</span> 
     </span>
     <span class='ocr_line' id='line_1_27' title="bbox 200 3099 1306 3187; baseline -0.001 -21"><span class='ocrx_word' id='word_1_210' title='bbox 200 3099 368 3187; x_wconf 83' lang='lat' dir='ltr'>utlagatus</span> <span class='ocrx_word' id='word_1_211' title='bbox 390 3121 451 3165; x_wconf 90' lang='lat' dir='ltr'>nec</span> <span class='ocrx_word' id='word_1_212' title='bbox 477 3099 579 3164; x_wconf 83' lang='lat' dir='ltr'>eciam</span> <span class='ocrx_word' id='word_1_213' title='bbox 602 3099 685 3164; x_wconf 89' lang='lat' dir='ltr'>solet</span> <span class='ocrx_word' id='word_1_214' title='bbox 708 3099 825 3186; x_wconf 84' lang='lat' dir='ltr'>aliquis</span> <span class='ocrx_word' id='word_1_215' title='bbox 850 3100 991 3186; x_wconf 87' lang='lat' dir='ltr'>utlagari</span> <span class='ocrx_word' id='word_1_216' title='bbox 1016 3107 1090 3186; x_wconf 88' lang='lat' dir='ltr'>post</span> <span class='ocrx_word' id='word_1_217' title='bbox 1112 3099 1306 3178; x_wconf 83' lang='lat' dir='ltr'>suasionem,</span> 
     </span>
     <span class='ocr_line' id='line_1_28' title="bbox 200 3200 1306 3289; baseline 0.002 -23"><span class='ocrx_word' id='word_1_218' title='bbox 200 3202 264 3276; x_wconf 81' lang='lat' dir='ltr'>nisi</span> <span class='ocrx_word' id='word_1_219' title='bbox 285 3200 473 3289; x_wconf 91' lang='lat' dir='ltr'>precederet</span> <span class='ocrx_word' id='word_1_220' title='bbox 494 3201 704 3289; x_wconf 80' lang='lat' dir='ltr'>transgressio</span> <span class='ocrx_word' id='word_1_221' title='bbox 726 3203 780 3268; x_wconf 90' lang='lat' dir='ltr'>uel</span> <span class='ocrx_word' id='word_1_222' title='bbox 803 3202 1005 3280; x_wconf 86' lang='lat' dir='ltr'>maleficium,</span> <span class='ocrx_word' id='word_1_223' title='bbox 1020 3225 1094 3268; x_wconf 87' lang='lat' dir='ltr'>cum</span> <span class='ocrx_word' id='word_1_224' title='bbox 1116 3211 1197 3268; x_wconf 87' lang='lat' dir='ltr'>tuuc</span> <span class='ocrx_word' id='word_1_225' title='bbox 1217 3203 1306 3270; x_wconf 89' lang='lat' dir='ltr'>suffi-</span> 
     </span>
     <span class='ocr_line' id='line_1_29' title="bbox 200 3305 1306 3394; baseline 0.005 -22"><span class='ocrx_word' id='word_1_226' title='bbox 200 3313 289 3372; x_wconf 85' lang='lat' dir='ltr'>ceret</span> <span class='ocrx_word' id='word_1_227' title='bbox 312 3305 421 3372; x_wconf 81' lang='lat' dir='ltr'>suasio</span> <span class='ocrx_word' id='word_1_228' title='bbox 443 3306 501 3372; x_wconf 89' lang='lat' dir='ltr'>illa</span> <span class='ocrx_word' id='word_1_229' title='bbox 522 3306 563 3372; x_wconf 87' lang='lat' dir='ltr'>de</span> <span class='ocrx_word' id='word_1_230' title='bbox 585 3307 846 3373; x_wconf 78' lang='lat' dir='ltr'>malefactoribus</span> <span class='ocrx_word' id='word_1_231' title='bbox 871 3315 1002 3372; x_wconf 85' lang='lat' dir='ltr'>tantum</span> <span class='ocrx_word' id='word_1_232' title='bbox 1027 3307 1070 3373; x_wconf 92' lang='lat' dir='ltr'>ad</span> <span class='ocrx_word' id='word_1_233' title='bbox 1091 3307 1306 3394; x_wconf 79' lang='lat' dir='ltr'>condempna-</span> 
     </span>
     <span class='ocr_line' id='line_1_30' title="bbox 200 3407 1307 3498; baseline 0.005 -24"><span class='ocrx_word' id='word_1_234' title='bbox 200 3407 351 3487; x_wconf 86' lang='lat' dir='ltr'>cionem⁴,</span> <span class='ocrx_word' id='word_1_235' title='bbox 378 3408 616 3476; x_wconf 86' lang='lat' dir='ltr'>consideratum</span> <span class='ocrx_word' id='word_1_236' title='bbox 641 3417 692 3475; x_wconf 89' lang='lat' dir='ltr'>est</span> <span class='ocrx_word' id='word_1_237' title='bbox 717 3409 802 3476; x_wconf 90' lang='lat' dir='ltr'>sicut</span> <span class='ocrx_word' id='word_1_238' title='bbox 831 3410 921 3496; x_wconf 93' lang='lat' dir='ltr'>prius</span> <span class='ocrx_word' id='word_1_239' title='bbox 946 3410 1032 3496; x_wconf 92' lang='lat' dir='ltr'>quod</span> <span class='ocrx_word' id='word_1_240' title='bbox 1061 3411 1231 3498; x_wconf 82' lang='lat' dir='ltr'>utlagatio.</span> <span class='ocrx_word' id='word_1_241' title='bbox 1249 3411 1307 3480; x_wconf 87' lang='lat' dir='ltr'>illa</span> 
     </span>
     <span class='ocr_line' id='line_1_31' title="bbox 200 3513 1363 3606; baseline 0.003 -28"><span class='ocrx_word' id='word_1_242' title='bbox 200 3514 300 3592; x_wconf 87' lang='lat' dir='ltr'>nulla,</span> <span class='ocrx_word' id='word_1_243' title='bbox 313 3521 347 3580; x_wconf 88' lang='lat' dir='ltr'>et</span> <span class='ocrx_word' id='word_1_244' title='bbox 358 3535 416 3599; x_wconf 90' lang='lat' dir='ltr'>pro</span> <span class='ocrx_word' id='word_1_245' title='bbox 429 3513 521 3578; x_wconf 85' lang='lat' dir='ltr'>nulla</span> <span class='ocrx_word' id='word_1_246' title='bbox 535 3513 696 3580; x_wconf 88' lang='lat' dir='ltr'>habeatur</span> <span class='ocrx_word' id='word_1_247' title='bbox 710 3514 867 3581; x_wconf 88' lang='lat' dir='ltr'>decetero.</span> <span class='ocrx_word' id='word_1_248' title='bbox 903 3515 948 3580; x_wconf 89' lang='lat' dir='ltr'>Et</span> <span class='ocrx_word' id='word_1_249' title='bbox 962 3514 1035 3580; x_wconf 92' lang='lat' dir='ltr'>ideo</span> <span class='ocrx_word' id='word_1_250' title='bbox 1050 3515 1241 3581; x_wconf 82' lang='lat' dir='ltr'>mandatum</span> <span class='ocrx_word' id='word_1_251' title='bbox 1256 3524 1307 3583; x_wconf 87' lang='lat' dir='ltr'>est</span> <span class='ocrx_word' id='word_1_252' title='bbox 1359 3594 1363 3606; x_wconf 33' lang='grc' dir='ltr'>Ι</span> 
     </span>
     <span class='ocr_line' id='line_1_32' title="bbox 199 3615 656 3702; baseline 0 -20"><span class='ocrx_word' id='word_1_253' title='bbox 199 3616 445 3684; x_wconf 90' lang='lat' dir='ltr'>uicecomitibus</span> <span class='ocrx_word' id='word_1_254' title='bbox 459 3615 545 3686; x_wconf 86' lang='lat' dir='ltr'>siout</span> <span class='ocrx_word' id='word_1_255' title='bbox 559 3616 656 3702; x_wconf 89' lang='lat' dir='ltr'>prius.</span> 
     </span>
    </p>
   </div>
   <div class='ocr_carea' id='block_1_6' title="bbox 199 3801 1307 4322">
    <p class='ocr_par' dir='ltr' id='par_1_8' title="bbox 199 3801 1307 3995">
     <span class='ocr_line' id='line_1_33' title="bbox 232 3801 1307 3868; baseline 0.004 -16"><span class='ocrx_word' id='word_1_256' title='bbox 232 3801 324 3852; x_wconf 80' lang='lat' dir='ltr'>¹&#39;I&#39;his</span> <span class='ocrx_word' id='word_1_257' title='bbox 341 3801 476 3866; x_wconf 79' lang='lat' dir='ltr'>judgment</span> <span class='ocrx_word' id='word_1_258' title='bbox 492 3815 544 3852; x_wconf 82' lang='lat' dir='ltr'>was</span> <span class='ocrx_word' id='word_1_259' title='bbox 561 3801 727 3866; x_wconf 85' lang='lat' dir='ltr'>pronounoed</span> <span class='ocrx_word' id='word_1_260' title='bbox 810 3801 885 3854; x_wconf 81' lang='lat' dir='ltr'>⁴See</span> <span class='ocrx_word' id='word_1_261' title='bbox 901 3804 944 3856; x_wconf 90' lang='lat' dir='ltr'>Br.</span> <span class='ocrx_word' id='word_1_262' title='bbox 963 3803 982 3854; x_wconf 85' lang='lat' dir='ltr'>l.</span> <span class='ocrx_word' id='word_1_263' title='bbox 1001 3803 1058 3856; x_wconf 77' lang='lat'>127.</span> <span class='ocrx_word' id='word_1_264' title='bbox 1089 3802 1307 3868; x_wconf 69' lang='lat' dir='ltr'>Anoutlwryst</span> 
     </span>
     <span class='ocr_line' id='line_1_34' title="bbox 199 3865 1306 3934; baseline 0.001 -15"><span class='ocrx_word' id='word_1_265' title='bbox 199 3867 234 3934; x_wconf 82' lang='lat' dir='ltr'>by</span> <span class='ocrx_word' id='word_1_266' title='bbox 248 3868 294 3918; x_wconf 78' lang='lat' dir='ltr'>the</span> <span class='ocrx_word' id='word_1_267' title='bbox 310 3867 403 3917; x_wconf 72' lang='lat' dir='ltr'>mouth</span> <span class='ocrx_word' id='word_1_268' title='bbox 419 3867 449 3916; x_wconf 73' lang='lat' dir='ltr'>ol</span> <span class='ocrx_word' id='word_1_269' title='bbox 470 3866 587 3918; x_wconf 81' lang='lat' dir='ltr'>william</span> <span class='ocrx_word' id='word_1_270' title='bbox 608 3867 727 3931; x_wconf 60' lang='lat' dir='ltr'>Baleigha</span> <span class='ocrx_word' id='word_1_271' title='bbox 777 3865 823 3917; x_wconf 84' lang='lat' dir='ltr'>tha</span> <span class='ocrx_word' id='word_1_272' title='bbox 844 3869 929 3931; x_wconf 78' lang='lat' dir='ltr'>king’s</span> <span class='ocrx_word' id='word_1_273' title='bbox 952 3868 1006 3918; x_wconf 86' lang='lat' dir='ltr'>snit</span> <span class='ocrx_word' id='word_1_274' title='bbox 1027 3883 1057 3918; x_wconf 89' lang='lat' dir='ltr'>or</span> <span class='ocrx_word' id='word_1_275' title='bbox 1078 3868 1218 3919; x_wconf 84' lang='lat' dir='ltr'>command</span> <span class='ocrx_word' id='word_1_276' title='bbox 1239 3869 1262 3919; x_wconf 85' lang='lat' dir='ltr'>is</span> <span class='ocrx_word' id='word_1_277' title='bbox 1289 3884 1306 3921; x_wconf 80' lang='lat' dir='ltr'>a</span> 
     </span>
     <span class='ocr_line' id='line_1_35' title="bbox 199 3931 1306 3995; baseline 0.001 -12"><span class='ocrx_word' id='word_1_278' title='bbox 199 3934 264 3984; x_wconf 84' lang='lat' dir='ltr'>Mat.</span> <span class='ocrx_word' id='word_1_279' title='bbox 275 3933 335 3982; x_wconf 85' lang='lat' dir='ltr'>Par.</span> <span class='ocrx_word' id='word_1_280' title='bbox 346 3931 397 3981; x_wconf 83' lang='lat' dir='ltr'>vol.</span> <span class='ocrx_word' id='word_1_281' title='bbox 408 3932 432 3992; x_wconf 82' lang='grc'>6,</span> <span class='ocrx_word' id='word_1_282' title='bbox 444 3947 470 3995; x_wconf 84' lang='lat' dir='ltr'>p.</span> <span class='ocrx_word' id='word_1_283' title='bbox 482 3933 523 3984; x_wconf 76' lang='lat'>74.</span> <span class='ocrx_word' id='word_1_284' title='bbox 777 3931 875 3995; x_wconf 77' lang='lat' dir='ltr'>nullity</span> <span class='ocrx_word' id='word_1_285' title='bbox 890 3933 979 3984; x_wconf 85' lang='lat' dir='ltr'>unless</span> <span class='ocrx_word' id='word_1_286' title='bbox 994 3947 1030 3983; x_wconf 84' lang='lat' dir='ltr'>an</span> <span class='ocrx_word' id='word_1_287' title='bbox 1046 3932 1150 3994; x_wconf 79' lang='lat' dir='ltr'>inquest</span> <span class='ocrx_word' id='word_1_288' title='bbox 1171 3933 1220 3983; x_wconf 81' lang='lat' dir='ltr'>bas</span> <span class='ocrx_word' id='word_1_289' title='bbox 1241 3933 1306 3984; x_wconf 83' lang='lat' dir='ltr'>baeu</span> 
     </span>
    </p>

    <p class='ocr_par' dir='ltr' id='par_1_9' title="bbox 199 3996 1307 4259">
     <span class='ocr_line' id='line_1_36' title="bbox 232 3996 1307 4062; baseline 0.003 -15"><span class='ocrx_word' id='word_1_290' title='bbox 232 3997 243 4030; x_wconf 86' lang='lat'><strong>¹</strong></span> <span class='ocrx_word' id='word_1_291' title='bbox 259 3997 330 4047; x_wconf 76' lang='lat' dir='ltr'>(terr.</span> <span class='ocrx_word' id='word_1_292' title='bbox 346 4011 391 4059; x_wconf 77' lang='lat' dir='ltr'>per</span> <span class='ocrx_word' id='word_1_293' title='bbox 406 3997 541 4046; x_wconf 81' lang='lat' dir='ltr'>Dominum</span> <span class='ocrx_word' id='word_1_294' title='bbox 551 3998 729 4048; x_wconf 78' lang='lat' dir='ltr'>Dublimmem</span> <span class='ocrx_word' id='word_1_295' title='bbox 778 3997 858 4048; x_wconf 81' lang='lat' dir='ltr'>taken</span> <span class='ocrx_word' id='word_1_296' title='bbox 865 3997 899 4060; x_wconf 79' lang='lat' dir='ltr'>by</span> <span class='ocrx_word' id='word_1_297' title='bbox 907 3997 951 4048; x_wconf 83' lang='lat' dir='ltr'>the</span> <span class='ocrx_word' id='word_1_298' title='bbox 961 3997 1075 4061; x_wconf 80' lang='lat' dir='ltr'>justioas,</span> <span class='ocrx_word' id='word_1_299' title='bbox 1086 3996 1307 4062; x_wconf 76' lang='lat' dir='ltr'>andthefngitive</span> 
     </span>
     <span class='ocr_line' id='line_1_37' title="bbox 199 4059 1307 4138; baseline -0.001 -23"><span class='ocrx_word' id='word_1_300' title='bbox 199 4061 437 4126; x_wconf 78' lang='lat' dir='ltr'>iabyIrulreabp.</span> <span class='ocrx_word' id='word_1_301' title='bbox 451 4061 594 4122; x_wconf 81' lang='lat' dir='ltr'>olDublin,</span> <span class='ocrx_word' id='word_1_302' title='bbox 608 4061 729 4113; x_wconf 81' lang='lat' dir='ltr'>whohad</span> <span class='ocrx_word' id='word_1_303' title='bbox 778 4061 903 4112; x_wconf 80' lang='lat' dir='ltr'>hasbeen</span> <span class='ocrx_word' id='word_1_304' title='bbox 915 4059 1098 4138; x_wconf 67' lang='lat' dir='ltr'>loundguiltp.</span> <span class='ocrx_word' id='word_1_305' title='bbox 1130 4059 1307 4114; x_wconf 80' lang='lat' dir='ltr'>Bractonwss</span> 
     </span>
     <span class='ocr_line' id='line_1_38' title="bbox 200 4125 1307 4190; baseline 0.003 -13"><span class='ocrx_word' id='word_1_306' title='bbox 200 4125 347 4178; x_wconf 82' lang='lat' dir='ltr'>interceded</span> <span class='ocrx_word' id='word_1_307' title='bbox 371 4126 411 4176; x_wconf 82' lang='lat' dir='ltr'>lor</span> <span class='ocrx_word' id='word_1_308' title='bbox 433 4125 542 4180; x_wconf 82' lang='lat' dir='ltr'>Hubert.</span> <span class='ocrx_word' id='word_1_309' title='bbox 579 4125 644 4178; x_wconf 82' lang='lat' dir='ltr'>Mat.</span> <span class='ocrx_word' id='word_1_310' title='bbox 669 4127 728 4177; x_wconf 82' lang='lat' dir='ltr'>Par.</span> <span class='ocrx_word' id='word_1_311' title='bbox 778 4141 840 4190; x_wconf 80' lang='lat' dir='ltr'>very</span> <span class='ocrx_word' id='word_1_312' title='bbox 855 4127 980 4190; x_wconf 81' lang='lat' dir='ltr'>probably</span> <span class='ocrx_word' id='word_1_313' title='bbox 995 4127 1119 4190; x_wconf 76' lang='lat' dir='ltr'>thinking</span> <span class='ocrx_word' id='word_1_314' title='bbox 1135 4127 1164 4178; x_wconf 78' lang='lat' dir='ltr'>ol</span> <span class='ocrx_word' id='word_1_315' title='bbox 1179 4125 1232 4180; x_wconf 85' lang='lat' dir='ltr'>this</span> <span class='ocrx_word' id='word_1_316' title='bbox 1248 4143 1307 4180; x_wconf 85' lang='lat' dir='ltr'>ease</span> 
     </span>
     <span class='ocr_line' id='line_1_39' title="bbox 201 4190 1268 4259; baseline -0.002 -15"><span class='ocrx_word' id='word_1_317' title='bbox 201 4193 251 4244; x_wconf 84' lang='lat' dir='ltr'>vol.</span> <span class='ocrx_word' id='word_1_318' title='bbox 265 4194 289 4251; x_wconf 79' lang='lat'>3,</span> <span class='ocrx_word' id='word_1_319' title='bbox 300 4206 326 4254; x_wconf 92' lang='lat' dir='ltr'>p.</span> <span class='ocrx_word' id='word_1_320' title='bbox 338 4193 395 4242; x_wconf 74' lang='lat'>229.</span> <span class='ocrx_word' id='word_1_321' title='bbox 779 4192 807 4242; x_wconf 83' lang='lat' dir='ltr'>ol</span> <span class='ocrx_word' id='word_1_322' title='bbox 818 4191 922 4244; x_wconf 84' lang='lat' dir='ltr'>Hubert</span> <span class='ocrx_word' id='word_1_323' title='bbox 930 4192 975 4243; x_wconf 84' lang='lat' dir='ltr'>the</span> <span class='ocrx_word' id='word_1_324' title='bbox 986 4190 1118 4259; x_wconf 80' lang='lat' dir='ltr'>Justiciar.</span> <span class='ocrx_word' id='word_1_325' title='bbox 1266 4219 1268 4224; x_wconf 95' lang='lat'>·</span> 
     </span>
    </p>

    <p class='ocr_par' dir='ltr' id='par_1_10' title="bbox 233 4255 696 4322">
     <span class='ocr_line' id='line_1_40' title="bbox 233 4255 696 4322; baseline 0 -14"><span class='ocrx_word' id='word_1_326' title='bbox 233 4257 244 4291; x_wconf 80' lang='lat'><strong>³</strong></span> <span class='ocrx_word' id='word_1_327' title='bbox 259 4259 283 4308; x_wconf 89' lang='lat' dir='ltr'><em>R</em></span> <span class='ocrx_word' id='word_1_328' title='bbox 295 4257 391 4322; x_wconf 71' lang='lat' dir='ltr'>(Reate)</span> <span class='ocrx_word' id='word_1_329' title='bbox 404 4255 488 4309; x_wconf 84' lang='lat' dir='ltr'>interl</span> <span class='ocrx_word' id='word_1_330' title='bbox 503 4255 536 4322; x_wconf 80' lang='lat' dir='ltr'>by</span> <span class='ocrx_word' id='word_1_331' title='bbox 547 4259 696 4308; x_wconf 71' lang='lat' dir='ltr'>annotator.</span> 
     </span>
    </p>
   </div>
   <div class='ocr_carea' id='block_1_7' title="bbox 0 0 1667 5226">
    <p class='ocr_par' dir='ltr' id='par_1_11' title="bbox 0 0 1667 5226">
     <span class='ocr_line' id='line_1_41' title="bbox 0 0 1667 5226; baseline 0 0"><span class='ocrx_word' id='word_1_332' title='bbox 0 0 1667 5226; x_wconf 95' lang='lat' dir='ltr'> </span> 
     </span>
    </p>
   </div>
  </div>
 </body>
</html>
