3314 5238
107 3361 185 3426 658.

439 473 674 536 nicaenam,
692 473 760 523 en.
786 461 880 536 1231,
901 475 968 526 sn.
993 466 1130 529 15-16.
1248 467 1334 550 ἲ505

227 673 305 715 suus
328 649 476 715 feoffauit
499 647 680 713 Henrioum
702 645 823 732 Pipard
844 655 971 732 patrem
991 648 1130 734 predicti
1145 650 1281 716 Henrici
1295 651 1336 717 de

227 753 372 839 predicta
397 761 482 817 terra
502 773 561 837 per
586 748 758 814 seruicium
783 749 911 815 dimidii
937 751 1060 830 militis,
1086 762 1120 818 et
1146 755 1229 819 bene
1255 754 1336 821 dicit

227 857 314 943 qnod
330 881 394 922 non
410 857 557 921 feoffauit
572 855 679 941 ipsum
694 876 753 940 per
767 863 890 920 cartam
905 855 1002 920 istam
1018 866 1052 921 et
1073 858 1193 923 dedicit
1214 867 1337 924 cartam

227 961 325 1026 istam
340 969 376 1026 et
390 960 471 1025 dicit
485 959 572 1046 quod
586 957 752 1045 predictus
769 959 931 1026 Henrious
945 969 1040 1047 pater
1049 962 1187 1048 predicti
1203 963 1338 1030 Henrici

227 1087 357 1150 semper
377 1063 455 1129 fecit
477 1071 549 1127 tote
570 1062 642 1127 uita
662 1085 722 1126 sua
744 1061 916 1127 servicium
940 1063 1067 1128 dimidii
1089 1064 1204 1130 militie
1224 1075 1258 1130 et
1273 1090 1338 1132 non

228 1173 404 1238 seruicium
424 1172 524 1237 tercie
544 1170 647 1257 partis
664 1170 689 1256 j.
704 1169 819 1235 militis
834 1170 909 1236 inde
925 1179 960 1235 et
974 1171 1076 1236 eciam
1092 1172 1161 1258 ipse
1176 1173 1339 1242 Hemicus

229 1301 333 1364 usqne
348 1301 442 1343 nunc.

295 1383 340 1447 Et
368 1381 530 1446 Henricus
559 1379 653 1444 uenit
680 1387 714 1444 et
737 1379 818 1444 dicit
842 1379 928 1466 qnod
952 1381 1109 1446 Ricardus
1135 1383 1195 1448 hoc
1218 1383 1339 1448 iniuste

230 1485 310 1549 dicit
326 1485 404 1571 quia
423 1484 588 1572 predictus
610 1483 758 1569 Rogerus
780 1481 900 1568 Pipard
922 1483 1068 1548 feoffauit
1090 1494 1215 1571 patrem
1238 1487 1340 1572 ipsius

232 1589 368 1654 Henrici
388 1589 428 1653 de
451 1587 598 1674 predicto
622 1593 811 1650 tenemento
834 1608 893 1670 per
918 1587 1091 1651 seruicium
1115 1587 1214 1652 tercie
1238 1588 1340 1674 partis

232 1692 317 1757 feodi
334 1693 358 1778 J'.
375 1691 490 1756 militia
511 1690 689 1756 secundnm
710 1690 797 1776 qnod
816 1690 1000 1776 predictum
1015 1697 1065 1755 est
1079 1691 1170 1755 saluo
1185 1691 1340 1756 forinseco

231 1794 367 1858 seruicio
391 1816 449 1880 per
472 1801 594 1857 cartam
618 1792 720 1877 ipsius
744 1793 864 1879 Rogeri
887 1815 985 1878 quam
1005 1793 1126 1878 profert
1147 1802 1181 1857 et
1200 1817 1264 1879 que
1280 1794 1339 1858 hoc

233 1907 381 1962 testatur.
426 1897 552 1961 Profert
577 1895 680 1961 eciam
706 1889 987 1962 cartam'Ricardi
1013 1896 1133 1982 Piperd
1154 1896 1214 1960 filii
1238 1896 1341 1982 ipsius

234 2001 353 2087 Rogeri
367 2001 486 2086 Pipard
502 2009 537 2065 et
552 2001 707 2066 auunculi
722 2001 817 2066 istius
832 2001 963 2066 Ricardi
979 2023 1041 2086 que
1053 2000 1222 2065 confirmat
1233 2001 1339 2066 eidem

234 2104 376 2169 Henrico
401 2113 625 2170 tenementum
649 2105 731 2170 illud
754 2127 813 2191 per
836 2105 1009 2170 seruicium
1035 2105 1217 2190 predictum
1241 2105 1340 2170 tercie

233 2207 335 2292 partis
350 2207 435 2271 feodi
445 2207 469 2293 j
486 2207 609 2284 militis,
624 2216 658 2272 et
672 2207 756 2272 bene
772 2207 852 2272 dicit
867 2207 953 2293 quod
968 2207 1037 2293 ipse
1053 2229 1220 2292 nunquam
1236 2207 1341 2271 maius

234 2311 407 2376 seruicium
423 2311 499 2375 inde
515 2311 591 2375 feeit
606 2311 668 2375 nisi
684 2333 742 2396 per
755 2310 1001 2376 districcionem.

301 2415 345 2478 Et
368 2413 525 2478 Ricardus
550 2414 713 2500 cognoscit
739 2413 983 2478 feoffamentum
1009 2421 1059 2477 set
1084 2411 1230 2476 defendit
1256 2411 1343 2498 quod

235 2541 300 2583 non
315 2517 379 2582 fnit
394 2518 442 2582 ita
457 2518 607 2581 feoffatus
625 2515 690 2582 scil.
705 2539 764 2602 per
778 2516 950 2581 seruicium
966 2515 1065 2586 tercie
1081 2516 1182 2602 pertis
1192 2517 1217 2602 j.
1230 2517 1343 2581 militis

235 2631 287 2687 set
301 2645 360 2708 per
373 2620 547 2686 seruicium
567 2619 695 2685 dimidii
717 2619 831 2684 militis
853 2620 1030 2685 seeundum
1053 2620 1139 2706 quod
1161 2620 1342 2706 predictum

236 2733 295 2790 est.

301 2827 419 2892 Postea
440 2825 533 2891 uenit
553 2827 710 2892 Ricardns
730 2835 765 2891 et
782 2826 946 2914 cognoscit
961 2827 1135 2892 secundam
1151 2826 1293 2892 cartam¹
1309 2836 1343 2892 et

236 2955 301 2996 non
315 2931 437 2996 dedicit
452 2931 599 3017 primam.
634 2931 677 2995 Et
688 2929 762 2995 ideo
778 2930 1026 2996 Consideratnm
1038 2939 1088 2995 est
1100 2930 1185 3016 quod
1197 2930 1344 3016 aquietet

236 3057 311 3098 eum
338 3057 450 3098 uersus
476 3033 630 3118 capitales
655 3033 801 3098 dominos
829 3055 888 3118 per
917 3033 1089 3097 seruicium
1116 3032 1215 3097 tercie
1241 3033 1343 3118 partis

232 3137 257 3222 j.
272 3135 386 3201 militis
401 3143 435 3201 et
450 3135 609 3200 Ricardus
623 3135 658 3199 in
673 3135 890 3199 misericordia
904 3135 981 3222 quia
1000 3134 1107 3220 ipsum
1127 3157 1192 3199 non
1214 3135 1341 3221 acquie-

238 3239 323 3304 tauit
338 3247 373 3304 et
388 3238 565 3304 satisfaciat
579 3239 620 3304 de
636 3239 804 3326 arreragiis
819 3249 879 3304 etc.

302 3343 419 3407 Petrus
433 3343 474 3408 de
490 3343 522 3408 S.
538 3343 696 3408 Edwardo
711 3353 746 3408 et
767 3343 906 3408 Eeohina
926 3366 1007 3408 uxor
1028 3344 1098 3408 eius
1120 3365 1177 3429 per
1199 3352 1342 3409 attorna-
1446 3377 1462 3405 r.

239 3455 309 3510 turn
330 3445 432 3532 ipsius
453 3445 591 3510 Eschine
607 3454 726 3531 petunt
743 3469 854 3510 uersus
870 3434 1040 3533 Nigellum
1055 3446 1095 3511 de
1110 3447 1344 3512 Amnndeuilla
1403 3431 1447 3470 ‘¹¹²'

237 3572 333 3636 quem
356 3549 523 3614 dohannes
545 3548 586 3613 de
610 3549 757 3634 Kirkeby
772 3549 903 3613 uocauit
926 3549 967 3613 ad
982 3557 1162 3614 warantum
1185 3559 1220 3614 et
1240 3549 1297 3636 qui
1312 3550 1343 3614 ei

237 3651 460 3717 warantizauit
482 3645 617 3717 terciam
639 3661 765 3739 partem
789 3652 925 3716 manerii
946 3651 986 3716 de
1002 3652 1158 3717 Prestona
1173 3675 1246 3718 cum
1264 3663 1343 3739 pert.

237 3767 275 3822 ut
290 3757 400 3822 dotem
414 3755 517 3842 ipsius
533 3757 671 3821 Eschine
687 3765 746 3821 etc

303 3863 346 3926 Et
362 3861 514 3948 Nigellus
529 3861 621 3925 uenit
637 3870 671 3926 et
686 3860 833 3926 concedit
848 3861 879 3925 ei
895 3860 1028 3925 terciam
1049 3868 1174 3946 partem
1197 3863 1342 3928 eiusdem

237 3966 373 4032 manerii
390 3965 475 4030 siout
495 3965 584 4029 Elias
604 3965 728 4050 primus
749 3965 800 4028 nir
824 3987 901 4028 suns
926 3963 1107 4028 manerium
1131 3964 1213 4030 illud
1234 3967 1343 4030 tenuit

236 4071 289 4136 die
312 4093 375 4156 quo
398 4091 469 4134 eam
492 4067 710 4154 desponsanit.
756 4067 800 4132 Et
822 4067 895 4132 ideo
919 4067 1167 4133 Consideratum
1188 4071 1343 4154 estquod

237 4177 353 4240 Petrus
368 4183 402 4240 et
419 4173 558 4239 Rachina
572 4180 846 4258 recuperauernnt
864 4171 1016 4237 seisinam
1035 4193 1127 4236 suem
1142 4173 1182 4238 de
1198 4173 1344 4259 predicta

237 4279 338 4345 tercia
360 4286 452 4365 parte
478 4277 563 4342 sicut
589 4275 754 4362 predictus
780 4275 869 4340 Elias
892 4275 944 4339 uir
967 4298 1045 4340 suus
1068 4274 1151 4339 illud
1175 4276 1283 4340 tenuit
1308 4277 1343 4342 in

237 4381 405 4447 dominicis
420 4390 454 4446 ot
469 4379 613 4475 seruiciis
629 4377 712 4443 etin
728 4377 799 4443 aliis
815 4378 917 4444 rebus
958 4379 1000 4442 Et
1016 4377 1093 4463 quia
1110 4379 1132 4442 J
1134 4377 1275 4444 ohannes
1291 4381 1343 4445 oui

481 4509 489 4540 ¹
507 4508 570 4558 This
582 4523 639 4559 case
652 4523 734 4558 seems
746 4511 774 4557 to
785 4507 815 4556 be
827 4507 894 4557 Fitz.
910 4510 1019 4564 duotore,
1032 4507 1088 4556 243.
