3276 5234
514 459 652 519 unsrun,
674 457 740 508 tn.
764 441 856 520 1227,
880 457 941 510 lut
966 447 1016 512 11.
1252 449 1314 512 199

201 629 337 708 cionem,
346 637 384 696 et
398 631 487 718 quod
502 631 673 718 negocium
688 630 885 698 determinet
896 632 964 698 sine
976 633 1151 720 dylacione,
1161 641 1195 698 et
1206 641 1314 720 partes

202 744 432 800 concesserunt
447 735 536 821 quod
551 758 615 799 non
629 735 840 820 appellabunt
854 759 875 801 a
893 738 1059 803 sentencia
1073 737 1153 803 dicti
1173 739 1313 825 episcopi

202 847 237 901 et
258 837 348 924 quod
370 839 564 905 terminabit
585 839 755 926 negocium
777 840 862 906 infra
883 841 1080 927 quindenam
1102 851 1175 930 post
1197 842 1311 908 telem¹

202 940 391 1007 terminum.
436 941 491 1006 Ad
520 941 607 1008 diem
630 943 724 1007 illurn
750 943 920 1009 mandauit
945 945 1112 1031 episcopus
1136 945 1223 1032 quod
1248 967 1312 1012 non

202 1042 320 1110 babuit
349 1045 536 1132 predictum
562 1047 763 1112 Willelmum
792 1069 850 1134 pro
874 1048 1028 1136 legitimo.
1073 1049 1117 1114 Et
1139 1049 1211 1114 ideo
1237 1069 1311 1114 con-

202 1147 384 1212 sideratum
413 1149 477 1214 fuit
506 1150 593 1236 quod
621 1151 804 1216 Willelmus
833 1151 919 1218 filius
949 1153 1078 1218 Ricerdi
1106 1155 1311 1240 recuperauit

202 1251 355 1318 seisinem
375 1250 381 1337 Ι
400 1275 493 1318 suam
514 1254 555 1320 de
578 1255 689 1320 eadem
718 1255 896 1321 secundum
920 1257 1097 1342 predictam
1121 1258 1309 1324 conuencio·

201 1378 277 1421 nem
289 1365 325 1422 et
336 1357 777 1425 Robertusinmisericordia
809 1361 853 1426 Et
864 1369 1052 1448 preceptum
1064 1370 1114 1426 est
1126 1361 1308 1428 uicocomiti

203 1460 335 1524 Fssexie
365 1459 452 1545 quod
474 1460 626 1546 procedet
648 1462 683 1526 in
705 1463 861 1528 comitatu
884 1464 998 1528 sucin
1020 1464 1148 1550 loquela
1168 1485 1232 1550 que
1258 1487 1307 1530 re·

201 1563 323 1629 mansit
337 1564 373 1628 in
388 1562 501 1630 eodem
516 1564 673 1630 comitatu
688 1566 834 1652 predicta
847 1568 1018 1634 occasione.

141 1727 149 1738 .
267 1669 398 1734 'Assise
420 1691 505 1734 noue
534 1667 699 1735 disseisine
728 1670 815 1736 inter
844 1672 1019 1758 Hugonem
1048 1671 1089 1736 de
1120 1671 1243 1736 Elonde
1272 1679 1307 1736 et
1408 1683 1425 1714 ¹·

201 1771 388 1838 Johannem
411 1772 453 1837 de
482 1771 619 1858 Anhope
649 1783 821 1859 querentes
850 1781 885 1838 et
914 1773 1114 1838 Willelmum
1145 1773 1307 1840 Comitem

202 1875 365 1942 Wnrenne
380 1875 422 1942 de
441 1875 635 1941 tenementis
646 1875 681 1940 in
697 1875 909 1962 Kyrkestuna
923 1883 957 1942 et
973 1876 1123 1961 Hiperun
1142 1885 1308 1962 ponuntur

199 1980 236 2044 in
255 1987 441 2065 respectum
454 2001 557 2066 usque
572 2001 592 2043 a
605 1979 658 2044 die
674 1979 706 2046 S.
722 1978 831 2044 Mitt!
849 1979 874 2064 j.
887 2002 1031 2046 mensem
1046 2002 1104 2065 per
1117 1989 1306 2067 preceptum

199 2085 325 2150 domini
340 2085 441 2172 Regis
454 2093 489 2150 et
504 2085 660 2150 iuratores
675 2093 754 2152 tunc
769 2085 913 2152 ueniant.
957 2086 1003 2150 Et
1017 2085 1117 2172 Hugo
1131 2086 1224 2172 pouit
1238 2085 1306 2152 loco

199 2213 260 2256 suo
274 2190 458 2254 Walterum
473 2189 514 2256 de
529 2189 660 2254 Elande.

125 2296 149 2355 '.
266 2293 471 2358 ‘Willelmus
494 2293 610 2360 comes
624 2294 787 2359 Warenne
809 2293 902 2379 ponit
920 2294 988 2358 loco
1005 2313 1063 2357 suo
1083 2293 1246 2378 Rogerum
1264 2292 1304 2358 de
1390 2320 1420 2349 or·

145 2463 150 2475 ,
201 2397 304 2464 Hales
319 2419 433 2462 uersus
448 2397 597 2462 Emmem
612 2397 652 2462 de
668 2397 761 2462 Belle
775 2398 864 2485 Fago
885 2398 926 2462 de
946 2397 1065 2484 placito
1084 2396 1305 2462 aduocaoionis

143 2657 151 2673 .
201 2503 399 2672 allidimus
421 2605 514 2670 uenit
532 2605 737 2692 recognitum
760 2607 832 2692 quis
853 2608 1030 2672 aduocatos
1050 2614 1194 2692 tempore
1217 2604 1306 2690 pecie

199 2711 403 2797 presentauit
418 2709 567 2776 ultimam
587 2733 835 2797 personamque
858 2721 1054 2778 mortuaest
1075 2711 1117 2776 ad
1139 2709 1305 2776 ecclesiam

198 2815 242 2880 de
277 2815 392 2902 Legha
424 2837 488 2901 que
524 2823 620 2880 uacat
648 2823 688 2880 ut
716 2813 845 2890 dicitur,
875 2821 910 2879 et
939 2815 1030 2880 cuius
1058 2813 1304 2880 aduooaoionem

199 2919 233 2982 N
234 2918 360 2984 icholae
370 2917 439 2982 filie
452 2917 672 2982 Bartholomei
682 2917 723 2982 de
740 2916 851 3003 legha
865 2916 984 2982 clamat
1001 2939 1110 2982 uersus
1125 2915 1305 2981 Gelfridum

198 3020 343 3085 Priorem
357 3019 399 3086 de
414 3020 545 3106 Esseby,
560 3019 616 3106 qui
636 3019 729 3084 uenit
749 3027 784 3084 et
803 3017 985 3104 dicitquod
1004 3017 1103 3082 assisa
1123 3040 1188 3082 nou
1207 3017 1306 3082 debet

198 3125 274 3190 inde
293 3125 375 3203 fieri,
396 3125 474 3211 quia
495 3125 578 3190 bene
600 3123 763 3210 cognoscit
786 3123 872 3209 quod
896 3125 995 3212 Hugo
1018 3122 1058 3188 de
1079 3122 1192 3209 Legba
1214 3130 1305 3188 ante·

198 3251 304 3293 oessor
324 3229 428 3315 ipsius
449 3229 606 3294 Nicholae
630 3228 853 3315 praesentabit
876 3227 1026 3292 ultimam
1049 3248 1216 3312 personam
1243 3249 1306 3311 que

198 3341 328 3398 mortua
342 3341 401 3410 est,
416 3343 467 3398 set
485 3341 558 3420 post
579 3332 855 3419 presentacionem
876 3331 965 3396 illam
985 3331 1072 3396 idem
1093 3330 1192 3417 Hugo
1214 3329 1306 3396 dedit

198 3435 310 3501 domui
324 3436 366 3500 de
382 3436 505 3524 cheby
515 3437 680 3502 ecclesiam
695 3437 785 3502 illam
800 3436 834 3500 iu
851 3435 985 3500 liberam
1000 3433 1215 3498 elemosinam.
1261 3435 1305 3498 Et

199 3541 321 3626 profert
335 3549 460 3606 curtam
474 3541 576 3628 ipsius
591 3542 749 3629 Hugonis,
765 3563 828 3626 que
845 3547 986 3604 testatur
1000 3538 1086 3625 quod
1103 3538 1190 3605 idem
1206 3540 1306 3625 Hugo
1325 3539 1328 3544 ’

198 3643 291 3708 dedit
315 3653 375 3708 etc.
399 3644 459 3709 deo
481 3653 516 3710 et
537 3645 670 3710 ecclesie
693 3645 725 3710 S.
749 3644 852 3708 Merie
874 3642 915 3708 de
940 3640 1062 3727 Esseby
1086 3649 1121 3706 et
1142 3641 1303 3706 canonicis

198 3747 321 3812 ibidem
345 3746 407 3811 deo
432 3747 651 3814 seruientibus
673 3747 840 3814 ecclesiam
863 3746 904 3811 de
926 3745 1038 3831 Legha
1060 3767 1135 3808 cum
1157 3752 1248 3830 pert,
1271 3752 1306 3808 et

199 3874 298 3916 unam
314 3851 424 3917 dimid
440 3852 520 3940 uirg.
537 3853 671 3918 terrain
686 3853 1006 3938 Pudingtonaquam
1022 3850 1179 3916 Osbertus
1197 3848 1306 3912 tenuit

199 3977 273 4019 cum
288 3955 440 4042 mesagio,
455 3965 490 4020 et
503 3956 602 4022 aliam
616 3955 726 4022 dimid
742 3955 823 4041 uirg.
840 3963 924 4019 terre
939 3952 980 4018 de
995 3952 1155 4017 dominico
1171 3951 1304 4015 liberam

198 4067 233 4123 et
247 4057 395 4144 quietam
410 4058 451 4124 ab
466 4059 555 4125 omni
569 4059 705 4126 seculari
726 4059 869 4124 seruici0.
914 4058 1039 4124 Profert
1061 4055 1162 4121 eciam
1182 4063 1305 4120 cartam

199 4163 421 4228 Bartholomei
435 4163 494 4230 lilii
514 4164 616 4252 ipsius
631 4163 782 4252 Hugonis
797 4187 859 4251 que
880 4163 1001 4228 donum
1025 4160 1107 4226 illud
1128 4160 1306 4236 confirmat,
