3314 5238
439 419 673 484 merissime,
696 423 761 472 xc.
787 411 879 484 1231,
904 423 965 472 su
992 407 1126 474 15-16.
1271 407 1335 476 493

227 618 291 659 non
307 595 409 660 habet
424 595 604 682 ingressum
617 594 679 658 nisi
691 605 749 680 per
761 594 931 658 Metheum
946 595 1095 660 Meuncel
1107 596 1160 660 cui
1171 596 1336 682 predictus

228 697 376 762 Eruisius
392 706 486 784 peter
499 720 577 762 suus
591 698 681 762 illem
697 697 833 762 tradidit
848 698 889 762 ed
910 699 1087 764 terminum
1102 699 1159 786 qui
1178 700 1336 785 preteriit,

227 810 261 866 et
276 800 366 866 unde
381 801 462 866 dicit
477 800 563 887 quod
579 801 716 866 tradidit
731 801 762 866 ei
777 810 897 867 terrem
915 803 1005 867 illam
1025 803 1067 868 ed
1088 803 1264 868 terminum
1285 827 1334 870 xx.

225 927 385 970 annorum
401 914 435 971 εὴ
450 905 516 970 iam
532 906 632 992 elapsi
647 914 725 970 sunt
740 930 811 972 xxx.
828 908 914 974 anni.

294 1008 340 1072 Et
355 1007 512 1073 Ricardus
535 1007 627 1073 uenit
650 1016 684 1073 et
698 1008 779 1074 dicit
794 1009 880 1096 quod
901 1033 964 1075 non
986 1010 1084 1075 debet
1105 1009 1146 1075 ed
1162 1010 1222 1076 hcc
1236 1010 1336 1075 breue

227 1111 421 1198 respondere
431 1112 509 1198 quie
517 1112 586 1198 ipse
598 1135 663 1176 non
672 1122 765 1178 tenet
777 1121 881 1178 totum
891 1122 1010 1179 terram
1020 1114 1109 1179 illem
1119 1115 1196 1201 quie
1205 1115 1337 1202 quidem

226 1215 376 1301 Rogerus
397 1223 489 1280 tenet
509 1215 585 1279 inde
606 1215 647 1301 vj.
665 1238 726 1280 aer.
746 1224 831 1280 terre
855 1215 942 1281 uude
966 1217 1035 1302 ipse
1058 1217 1216 1282 Ricardus
1237 1217 1336 1282 nichil

227 1329 321 1386 tenet
341 1344 402 1386 nec
420 1321 455 1385 in
469 1320 630 1386 dominico
648 1321 762 1386 necin
784 1321 926 1387 seruicic.
966 1323 1043 1387 Post
1065 1322 1157 1387 uenit
1180 1322 1337 1388 Ricardus

227 1431 262 1487 et
276 1422 359 1487 dicit
374 1423 461 1509 quod
477 1445 644 1509 nunquam
659 1423 776 1488 hebuit
791 1423 972 1511 ingressum
988 1423 1023 1488 in
1039 1431 1158 1488 terram
1174 1424 1264 1489 illum
1279 1448 1337 1511 per

227 1527 399 1592 Matheum
425 1526 574 1591 Mcuncel
597 1525 697 1610 immo
717 1549 776 1613 per
795 1527 971 1592 Ricardum
994 1527 1035 1592 de
1060 1528 1186 1594 Weude
1208 1537 1335 1614 patrem

227 1631 361 1696 Ricardi
376 1631 433 1718 qui
447 1632 523 1696 inde
539 1631 621 1696 obiit
635 1631 773 1696 saisitus.

292 1738 337 1802 Et
357 1737 523 1802 Johcnnes
544 1737 624 1802 dicit
646 1747 680 1802 et
703 1738 866 1824 cognoscit
882 1737 968 1823 quod
990 1737 1155 1823 predictus
1177 1737 1335 1804 Ricardus

225 1841 308 1907 obiit
328 1841 404 1906 inde
424 1841 562 1920 scisitus
577 1849 628 1907 set
643 1841 723 1907 dicit
738 1841 824 1928 quod
840 1849 954 1927 postea
972 1842 1065 1906 uenit
1082 1841 1228 1906 Eruisius
1243 1849 1336 1928 pater

224 1969 303 2012 suus
318 1955 354 2010 et
369 1945 576 2032 inplacitauit
591 1945 772 2032 predictum
785 1945 959 2010 Ricardum
971 1945 1006 2009 in
1018 1945 1107 2010 curia
1117 1944 1157 2009 de
1169 1945 1335 2032 Aueringe

224 2057 259 2113 et
273 2049 322 2114 ibi
336 2047 524 2135 recogncuit
539 2047 627 2112 idem
643 2047 800 2112 Ricardus
821 2055 925 2112 totam
944 2055 1063 2111 terram
1084 2047 1173 2110 illem
1195 2070 1263 2112 esse
1284 2047 1334 2112 ius

224 2151 327 2238 ipsius
354 2152 500 2216 Heruisii
522 2174 580 2237 pro
602 2151 655 2236 xij.
679 2174 773 2217 merc.
797 2175 877 2237 ques
899 2152 930 2216 ei
952 2151 1067 2216 debuit
1089 2152 1166 2217 dere
1189 2161 1223 2217 et
1246 2153 1333 2218 unde

224 2257 390 2344 predictus
408 2256 562 2321 Metheus
584 2254 672 2340 cepit
694 2263 813 2320 terrem
836 2255 926 2320 illem
949 2256 983 2320 in
1006 2279 1139 2321 menum
1162 2279 1254 2322 suam
1277 2281 1335 2344 pro

224 2365 278 2450 xij.
288 2387 383 2430 marc
395 2386 475 2450 ques
484 2362 583 2428 soluit
594 2385 653 2449 pro
661 2363 773 2427 eodem
787 2362 940 2428 Heruisio
957 2371 991 2428 et
1003 2363 1079 2427 inde
1088 2363 1180 2449 ponit
1192 2386 1225 2428 se
1237 2387 1335 2449 super

224 2466 373 2553 patriam,
388 2475 423 2530 et
445 2464 603 2530 Ricardus
625 2464 784 2542 similiter,
799 2473 834 2528 et
856 2465 950 2529 offert
973 2465 1067 2530 Dom.
1087 2464 1171 2552 Regi
1189 2465 1214 2551 j.
1237 2488 1332 2531 merc.

223 2591 280 2655 pro
303 2553 458 2633 hcbeudc.¹
477 2558 747 2654 inquisicione'et
769 2567 931 2653 recipitur.
979 2569 1023 2632 Et
1045 2567 1118 2633 ideo
1143 2577 1333 2654 preceptum

118 2751 123 2758 ⁹
223 2681 273 2737 est
295 2671 481 2736 uicecomiti
504 2671 591 2757 quod
611 2671 723 2736 uenire
748 2672 845 2736 feciet
869 2695 975 2737 comm
996 2672 1182 2737 iusticieriis
1202 2673 1267 2758 viii.
1292 2674 1333 2740 de

225 2777 352 2841 uisneto
378 2775 419 2840 de
444 2775 650 2862 Heueringes
679 2783 714 2840 et
741 2776 805 2861 viij.
834 2776 875 2840 de
904 2776 1047 2841 manerio
1077 2799 1134 2862 per
1163 2799 1243 2862 quos
1273 2786 1332 2843 etc.

224 2880 266 2945 cd
291 2880 584 2967 recognoscendum
612 2903 709 2966 super
733 2889 971 2946 sacramentum
998 2903 1094 2946 suum
1118 2879 1145 2944 si
1170 2881 1333 2966 predictus

225 2984 383 3049 Ricardus
398 2983 487 3049 eliud
501 2983 553 3048 ius
568 2984 622 3048 uel
637 2984 739 3049 elium
759 2985 940 3072 ingressum
961 2984 1077 3049 habuit
1099 2985 1133 3050 in
1153 2985 1332 3071 predictam

225 3097 344 3154 terrem
360 3111 457 3175 quem
478 3110 536 3174 per
558 3087 730 3153 Metheum
751 3089 901 3154 Mauncel
922 3089 975 3153 cui
997 3089 1161 3175 predictus
1184 3087 1333 3154 Eruisius

224 3195 314 3260 illem
345 3194 481 3260 tradidit
510 3193 552 3258 cd
582 3195 759 3260 terminum
789 3195 844 3282 qui
876 3195 1026 3280 preteriit
1055 3203 1090 3259 et
1122 3194 1150 3259 si
1180 3195 1332 3260 Metheus

225 3297 376 3362 Meuncel
391 3319 449 3382 pro
464 3297 584 3382 placito
603 3297 638 3361 in
659 3298 749 3363 curia
763 3297 803 3362 de
825 3298 1031 3385 Haueringes
1050 3297 1137 3362 inter
1151 3299 1332 3383 predictum

226 3399 390 3464 Eruisium
405 3407 440 3463 et
452 3399 627 3464 Ricardum
643 3400 730 3486 cepit
746 3409 865 3464 terrem
881 3400 972 3465 illem
988 3401 1027 3466 de
1039 3401 1183 3486 predicto
1196 3401 1333 3467 Ricardc

225 3527 282 3590 per
304 3503 510 3568 uoluntatem
530 3503 632 3590 ipsius
653 3503 772 3569 Eruisii
795 3513 829 3570 et
851 3505 892 3570 ad
915 3527 995 3591 opus
1017 3505 1119 3591 ipsius
1138 3505 1258 3570 Eruisii
1276 3529 1333 3593 pro

225 3607 278 3693 xiJ'.
305 3629 401 3672 merc.
431 3629 512 3693 quas
541 3603 629 3674 idem
659 3608 813 3674 Metheus
842 3609 942 3674 soluit
971 3609 1077 3675 eidem
1108 3609 1245 3675 Ricerdc
1275 3633 1333 3697 pro

225 3711 371 3798 predicto
387 3711 514 3776 Eruisio
529 3721 567 3777 ut
582 3712 669 3778 idem
685 3713 708 3777 J
708 3713 852 3778 ohannes
866 3713 954 3778 dicit.

169 3875 176 3892 ,
289 3815 443 3881 Johanna
464 3839 527 3901 que
550 3816 614 3881 fuit
640 3839 720 3881 uxor
745 3817 881 3890 Hemici
908 3819 937 3883 ie
965 3819 1084 3884 Clcuer
1109 3819 1194 3905 petit
1220 3841 1332 3884 uersus
1412 3837 1450 3865 ⁰·

225 3919 427 3984 Willelmum
451 3919 482 3984 le
506 3919 624 3986 Oleuer
643 3920 855 3987 medietatem
877 3945 949 3986 xxx.
973 3945 1033 3988 ecr.
1057 3931 1141 3987 terre
1164 3931 1199 3987 et
1221 3923 1253 4008 ij
1276 3925 1331 3989 sol.

225 4023 372 4090 redditus
394 4023 428 4088 in
453 4024 626 4090 Strestuna
646 4025 681 4088 in
704 4047 781 4090 com.
798 4025 887 4092 Norf.
904 4033 939 4091 et
962 4025 1171 4091 medietatem
1189 4027 1214 4113 j.
1230 4051 1331 4094 ceruc.

225 4135 310 4192 terre
339 4149 414 4191 cum
438 4135 519 4213 pert.
543 4127 578 4191 in
601 4127 780 4193 Sturstune
801 4127 835 4191 in
857 4151 936 4194 com.
960 4129 1039 4195 Suff.
1064 4137 1099 4194 et
1122 4130 1331 4196 medietatem

225 4230 314 4316 xviij.
331 4229 386 4295 soi
399 4215 545 4295 redditus
560 4253 635 4295 cum
650 4239 731 4315 pert.
743 4230 778 4294 in
794 4229 985 4296 Herdewico
1000 4240 1035 4295 et
1049 4231 1260 4299 medietatem
1275 4235 1331 4320 iiiJ.

225 4335 328 4400 sciet
344 4335 385 4420 vj.
398 4335 469 4400 den.
482 4333 629 4398 redditus
644 4357 718 4398 cum
734 4344 814 4420 pert.
831 4336 865 4400 in
881 4336 1024 4401 Fretone
1043 4336 1078 4400 iu
1093 4361 1171 4402 com.
1189 4339 1278 4406 Norf.
1294 4348 1333 4404 ut

225 4437 337 4503 dotem
353 4460 446 4503 suem
461 4445 522 4503 etc.
