3260 5218
343 451 385 512 44
481 525 484 530 Ι
576 459 895 522 aromatarium.
921 446 1014 520 1219,
1036 459 1098 510 aa
1123 445 1217 508 3-4.

342 633 442 698 libere
458 633 644 698 teueucium
662 633 718 718 qui
738 641 852 698 tenent
871 641 1059 698 tenementa
1076 633 1277 718 pertinencia
1297 631 1340 698 ad
1363 630 1478 698 idem

342 746 483 802 castrum
495 746 639 823 tempore
651 737 681 802 J.
694 737 801 823 Regis,
811 736 966 822 capiendo
977 736 1052 800 inde
1068 737 1199 822 expleta
1212 735 1254 801 ad
1268 735 1476 801 ualeneiam

343 841 383 905 ln
400 841 554 905 librarum
577 841 625 905 ita
642 840 729 925 quod
746 840 896 904 dominus
914 839 944 904 J.
961 839 1032 904 Rex
1054 839 1142 924 cepit
1163 839 1238 904 inde
1261 838 1475 925 homagium

343 944 448 1030 ipsius
463 942 619 1008 Willelmi
637 941 770 1008 iunioris
788 951 822 1006 et
840 942 900 1006 hoe
920 942 1013 1006 offert
1036 940 1232 1006 diraaionare
1254 941 1339 1006 sicut
1362 940 1477 1006 cunia

343 1044 601 1112 consideraucrit.

410 1149 453 1213 Et
476 1147 675 1234 Reginaldus
697 1147 790 1212 uenit
812 1155 847 1211 et
869 1147 1014 1212 defendit
1032 1148 1083 1212 ius
1101 1169 1197 1212 suum
1215 1157 1250 1212 et
1267 1147 1346 1213 dicit
1365 1146 1474 1234 quod

344 1275 409 1317 non
437 1251 536 1317 debet
565 1251 596 1315 ei
625 1251 825 1336 respondere,
851 1251 928 1336 quia
957 1250 1089 1316 uidetur
1117 1252 1149 1316 ei
1178 1251 1264 1337 quod
1292 1261 1342 1316 est
1369 1249 1474 1316 infra

344 1362 467 1418 etatem
482 1361 517 1417 et
531 1352 559 1416 si
574 1351 663 1416 curia
676 1351 927 1416 considerauerit
940 1352 1027 1438 quod
1041 1353 1160 1420 habeat
1174 1361 1298 1418 etatem
1312 1353 1473 1418 libenter

345 1459 375 1523 ei
390 1455 603 1542 respondebit.

411 1561 454 1624 Et
473 1561 495 1624 J
497 1560 639 1624 ohannes
658 1559 739 1623 dicit
759 1558 846 1644 quod
865 1559 963 1623 habet
985 1569 1107 1624 etatem
1128 1561 1205 1646 quia
1225 1561 1294 1646 ipse
1309 1571 1360 1626 est
1375 1561 1466 1647 xxij.

279 1711 284 1722 .
344 1685 501 1728 annorum
527 1663 580 1726 uel
606 1683 705 1746 prope
729 1661 804 1746 xxij.
829 1683 987 1726 annorum
1012 1669 1047 1726 et
1072 1663 1158 1748 quod
1185 1663 1304 1728 habeat
1327 1673 1464 1728 etatem

345 1767 437 1852 ponit
452 1788 485 1829 se
500 1787 597 1850 super
611 1765 718 1828 uisum
734 1774 768 1830 et
788 1765 1077 1831 consideracionem
1098 1768 1348 1832 iusticiariorum
1368 1775 1404 1831 et
1429 1766 1467 1830 si

345 1869 514 1934 iustician'i
543 1868 618 1932 inde
648 1868 801 1934 dubitent
831 1870 981 1955 probabit
1016 1879 1138 1934 etatem
1175 1893 1268 1936 suam
1305 1871 1358 1935 uel
1396 1892 1466 1956 per

345 1979 483 2036 matrem
509 1993 601 2036 suam
627 1981 662 2036 et
688 1980 838 2058 parentes
864 1995 937 2038 suos
963 1975 1016 2038 uel
1042 1974 1106 2038 alio
1132 1974 1227 2038 modo
1253 1974 1338 2038 sicut
1363 1974 1465 2038 curia

346 2075 618 2142 considerauerit¹.

410 2179 537 2244 'Assisa
557 2179 650 2243 uenit
672 2179 876 2266 recognitum
897 2180 924 2244 si
947 2181 1085 2245 Brianua
1110 2189 1204 2267 pater
1228 2181 1363 2246 Henrici
1390 2181 1460 2246 fuit

346 2411 421 2452 cum
442 2387 650 2472 pertinenciis
670 2387 704 2450 in
719 2386 839 2452 Laurea
858 2385 911 2450 die
931 2408 995 2472 quo
1015 2387 1097 2451 obiit
1114 2397 1149 2451 et
1163 2388 1191 2451 si
1206 2395 1265 2452 etc.
1282 2410 1340 2473 per
1354 2387 1458 2452 breue

348 2492 447 2576 Regis
473 2491 513 2567 J„
537 2513 635 2576 quam
661 2499 781 2554 terram
805 2491 967 2554 Hemicus
993 2491 1098 2556 Crane
1122 2500 1214 2555 tenet
1240 2492 1297 2578 qui
1323 2493 1459 2556 uocauit

347 2591 479 2658 indeed
494 2600 673 2656 warantum
689 2593 891 2656 Willelmum
912 2593 1004 2656 Torel
1025 2592 1082 2678 qui
1102 2593 1194 2657 uenit
1214 2601 1249 2657 et
1268 2593 1348 2658 dicit
1368 2593 1458 2679 quod

348 2697 451 2761 nescit
466 2697 493 2760 si
507 2695 606 2760 debet
621 2705 739 2762 terram
755 2697 845 2762 illam
860 2697 1067 2762 warantizare
1087 2719 1187 2761 necne
1208 2705 1242 2762 et
1262 2698 1348 2783 petit
1368 2697 1456 2783 quod

348 2800 498 2866 ostendat
512 2801 543 2865 ei
558 2801 762 2865 munimenta
776 2825 835 2866 sua
849 2802 876 2866 si
891 2824 954 2887 que
969 2801 1076 2866 habet.

414 2905 458 2968 Et
487 2903 664 2968 Henricus⁴
692 2903 772 2968 dicit
798 2904 883 2990 quod
909 2905 1093 2968 Willelmus
1119 2905 1211 2969 Torel
1236 2913 1330 2990 pater
1353 2905 1456 2991 ipsius

349 3007 506 3072 Willelmi
530 3007 621 3072 dedit
651 3017 770 3072 terram
799 3008 889 3072 illam
913 3008 1057 3084 'Jordano
1084 3007 1188 3074 Omne
1218 3031 1280 3073 auo
1309 3031 1368 3073 suo
1397 3031 1456 3095 pro

349 3111 499 3196 homagio
535 3133 593 3174 suo
629 3119 664 3173 et
700 3133 758 3196 per
792 3119 914 3174 cartam
947 3133 1048 3187 suam,
1079 3111 1252 3176 tenendam
1281 3110 1323 3176 de
1352 3133 1390 3175 eo
1421 3119 1457 3176 et

348 3213 521 3277 heredibus
543 3213 617 3278 suis.
662 3212 755 3276 Idem
775 3211 937 3277 Jordanus
958 3213 1066 3276 tenuit
1086 3221 1157 3277 tota
1171 3213 1242 3277 uita
1256 3235 1316 3277 sua
1329 3212 1370 3276 de
1385 3212 1456 3298 ipso

349 3317 512 3380 Willelmo
532 3325 566 3380 et
586 3325 659 3400 post
678 3337 753 3380 eum
773 3316 881 3380 tenuit
896 3317 1059 3402 predictus
1075 3316 1212 3381 Brianus
1227 3317 1312 3382 filius
1327 3339 1405 3382 suus
1420 3325 1456 3380 et

348 3429 441 3506 pater
455 3420 556 3505 ipsius
572 3419 707 3485 Henrici
722 3429 756 3484 et
772 3421 848 3484 fecit
863 3421 894 3484 ei
913 3421 989 3485 inde
1009 3420 1196 3505 homagium
1212 3443 1316 3497 suum,
1332 3429 1455 3506 etpost

349 3545 424 3586 eum
454 3522 540 3586 idem
571 3522 731 3586 Henricus
761 3523 869 3586 tenuit
898 3522 939 3586 de
968 3523 1038 3608 ipso
1068 3523 1232 3586 Willelmo
1261 3533 1296 3587 et
1321 3523 1398 3587 fecit
1424 3523 1455 3588 ei

348 3621 536 3707 homagium
557 3643 653 3684 suum
676 3629 710 3684 et
732 3629 824 3685 tenet
844 3622 933 3686 illam
954 3621 995 3686 de
1016 3643 1053 3685 eo
1068 3643 1126 3706 per
1140 3644 1190 3686 xx.
1206 3622 1260 3688 sol.
1276 3621 1455 3686 reddendos

348 3747 406 3810 per
426 3745 557 3800 annum,
580 3731 614 3787 et
637 3723 717 3787 dicit
743 3723 829 3808 quod
852 3724 968 3789 habuit
989 3725 1089 3789 bonas
1111 3733 1216 3790 cartas
1237 3734 1288 3790 set
1309 3735 1453 3812 tempore

381 3881 392 3916 ²
409 3881 478 3932 Both
499 3881 562 3932 rolla
578 3881 698 3932 add-Et
719 3884 782 3944 quio
804 3885 876 3934 cars·
928 3883 1044 3946 probatio
1055 3897 1100 3945 per
1110 3882 1223 3946 patriam
1235 3893 1258 3934 et
1266 3900 1314 3948 per
1320 3886 1454 3947 parmae!

350 3949 427 3997 ciorii
443 3955 468 3996 et
481 3955 596 4009 preterea
612 3955 743 4059 precautes
759 3949 878 3997 dubitent
928 3948 989 4045 Hid
999 3949 1032 3997 he
1044 3953 1071 3998 to
1082 3953 1151 3997 trust
1160 3953 1188 3997 to
1199 3949 1240 3998 his
1252 3955 1380 4013 memory?

347 4015 877 4140 tuttatttr'ttattttt‘}
959 4013 1278 4141 admittat
1292 4078 1454 4130 nanta

351 4143 592 4190 minuerentur
604 4155 658 4189 cum
669 4141 820 4203 probccione
830 4157 877 4190 arto
927 4141 984 4192 into
996 4143 1077 4206 xxiiij.

351 4209 379 4255 in
406 4207 544 4254 crastinum
570 4207 719 4254 aniame-um.
764 4205 876 4255 Bracton
958 4207 1077 4270 ‘Henry
1095 4207 1118 4259 is
1136 4207 1181 4258 the
1199 4223 1277 4258 name
1295 4209 1323 4258 of
1339 4207 1455 4272 plaintin

350 4269 415 4320 citos
431 4269 485 4318 this
501 4285 560 4319 caea
577 4271 596 4318 f.
607 4270 690 4327 424b;
708 4269 741 4319 he
752 4269 820 4332 gives
831 4271 876 4320 the
926 4271 1140 4324 cnddefendant.
1171 4273 1454 4324 Thcformerisbelow

350 4335 493 4398 judgment‚
504 4335 589 4384 which
604 4334 627 4383 is
642 4338 689 4384 not
704 4334 732 4383 in
747 4335 792 4384 the
803 4340 874 4385 note-
925 4337 1007 4386 callod
1029 4338 1120 4402 chry
1142 4337 1234 4390 corin.
1280 4339 1343 4390 This
1364 4339 1387 4390 is
1409 4339 1454 4390 the

350 4400 416 4450 book
444 4399 491 4449 but
518 4403 565 4449 not
587 4399 657 4461 quite
679 4401 875 4463 correetly-‘et
925 4401 1073 4452 defendant.

350 4465 407 4516 ideo
429 4463 621 4516 consideratum
643 4465 694 4516 fuit
713 4465 782 4526 quod
801 4465 875 4516 fleret
