3314 5238
389 413 452 474 450
684 422 834 484 remur,
856 421 921 471 in.
946 408 1039 484 1231,
1062 420 1123 470 nn.
1150 409 1199 471 15.

387 707 471 786 pert.
487 699 522 763 in
538 699 730 764 Gorlestona
749 697 836 762 unde
851 697 1018 763 Johaunes
1033 698 1064 762 le
1080 699 1161 785 Fleg
1175 698 1349 784 aliquando
1364 706 1503 763 secutus

388 803 452 868 fuit
467 825 525 888 pro
540 802 634 866 Dom.
655 801 753 887 Rege.

454 907 498 971 Et
518 904 676 970 Ricardus
696 904 790 968 uenit
813 911 847 968 et
869 904 950 968 dicit
972 903 1212 990 quodquidam
1236 903 1382 969 Gunnof¹
1404 911 1501 967 ante-

387 1033 492 1074 cessor
505 1031 584 1074 suus
599 1007 707 1072 tenuit
722 1015 842 1070 terram
858 1006 947 1071 illam
962 1029 983 1070 a
996 1016 1174 1093 conquestu
1190 1007 1310 1094 Anglie
1325 1015 1360 1071 et
1375 1015 1501 1070 terram

388 1113 478 1178 illam
494 1111 586 1177 dedit
601 1110 744 1174 Roberto
759 1109 846 1195 patri
861 1109 964 1194 ipsius
979 1109 1109 1174 Ricardi
1125 1109 1183 1195 qui
1202 1109 1292 1174 illam
1314 1109 1424 1174 tenuit
1440 1131 1501 1194 per

388 1212 624 1300 quateruiginti
639 1233 740 1276 annos
751 1219 785 1274 et
797 1233 834 1274 eo
846 1211 986 1298 amplius
997 1220 1031 1274 et
1042 1211 1083 1276 de
1095 1211 1164 1298 ipso
1176 1212 1318 1276 Roberto
1329 1211 1501 1276 deseendit

388 1319 439 1384 ius
455 1328 539 1383 terre
554 1317 642 1382 illius
658 1325 692 1380 et
707 1325 794 1380 terra
815 1316 872 1380 illa
886 1316 942 1380 isti
957 1316 1094 1382 Rioardo
1110 1326 1144 1382 et
1159 1317 1234 1382 inde
1249 1318 1370 1403 profert
1386 1317 1500 1382 literas

389 1424 483 1489 Dom.
498 1423 540 1488 H.
557 1421 658 1508 Regis
672 1419 727 1485 aui
742 1421 835 1484 Dom.
852 1420 952 1506 Regis
966 1429 1118 1506 patentes
1138 1428 1172 1484 et
1194 1443 1252 1506 per
1272 1444 1352 1506 quas
1373 1420 1501 1507 signifi·

389 1527 478 1592 cauit
503 1525 687 1590 uiceeomiti
713 1533 748 1588 et
773 1523 930 1588 ministiis
956 1523 1023 1588 suis
1045 1525 1086 1589 de
1114 1523 1268 1589 Suffoleia
1294 1532 1328 1588 et
1357 1524 1500 1610 precipit

389 1629 475 1716 quod
491 1629 653 1693 Robertus
668 1627 755 1692 filius
771 1627 902 1692 Osberti
917 1635 1028 1692 teneat
1052 1637 1171 1692 terram
1191 1651 1284 1692 suam
1304 1629 1345 1693 de
1370 1629 1498 1694 Gorles·

390 1741 472 1797 tuna
486 1732 569 1796 bene
584 1740 619 1794 et
633 1731 668 1794 in
683 1753 761 1816 paee
777 1731 861 1796 iuste
878 1740 912 1795 et
924 1731 1023 1796 libere
1035 1733 1119 1797 sieut
1132 1733 1306 1800 Gunnerus
1316 1743 1500 1800 antecessor

389 1858 468 1900 suus
489 1834 579 1898 illam
602 1833 719 1898 melius
741 1841 776 1897 et
797 1834 932 1899 liberius
954 1834 1062 1900 tenuit
1085 1843 1230 1921 ternpore
1253 1837 1295 1902 H.
1319 1836 1420 1922 Regis
1441 1838 1497 1901 aui

389 1939 492 2024 ipsius
507 1938 613 2024 Regis
661 1939 704 2002 Et
727 1938 836 2003 nullus
858 1940 1006 2025 sequitur
1025 1962 1083 2025 pro
1103 1939 1198 2005 Dom.
1217 1940 1307 2026 Rege
1322 1963 1382 2004 nec
1397 1941 1498 2005 scitur

390 2041 469 2127 quid
483 2041 548 2106 dici
562 2041 664 2126 possit
684 2049 797 2104 eontra
819 2041 879 2106 hoe
903 2050 938 2106 et
958 2041 1030 2106 ideo
1052 2042 1210 2116 Ricardus
1232 2044 1302 2108 sine
1322 2043 1375 2108 die
1395 2043 1496 2109 donec

390 2146 484 2212 Dom.
500 2147 572 2211 Rex
586 2146 676 2210 aliud
691 2147 878 2232 preceperit.

333 2310 339 2324 ,
455 2247 634 2314 'Henricus
642 2250 1496 2339 deLillebumiaathaehiatusfuitadrespondendum

294 2367 332 2405 'tr-
391 2352 543 2418 Priorisse
552 2352 593 2418 de
604 2353 710 2418 Etona
719 2377 817 2440 quare
827 2354 982 2420 deforciat
994 2357 1024 2421 ei
1036 2380 1092 2422 sex
1105 2358 1158 2422 sol.
1171 2358 1318 2423 redditus
1329 2382 1405 2424 cum
1415 2368 1494 2446 pert

390 2457 433 2521 de
458 2457 559 2522 libero
581 2465 769 2524 tenemento
793 2459 880 2544 quod
900 2468 992 2524 tenet
1015 2461 1050 2525 in
1073 2462 1322 2548 Stoekingeford
1341 2471 1377 2528 et
1399 2487 1495 2550 quem

390 2558 555 2623 redditum
585 2559 699 2624 eadem
729 2559 885 2626 Priorissa
914 2564 1118 2648 recuperauit
1154 2563 1276 2630 coram⁴
1311 2566 1496 2631 iusticiariis

390 2661 621 2726 itinerantibus
646 2685 761 2728 uersus
787 2664 927 2728 eundem
961 2665 1141 2730 Heni-ioum
1174 2690 1234 2752 per
1254 2669 1387 2733 assisam
1413 2692 1495 2734 noue

389 2764 557 2828 disseisine
572 2765 648 2830 inde
664 2765 819 2832 intereos
835 2777 965 2853 captam
981 2777 1039 2834 ete.
1057 2769 1143 2834 unde
1156 2770 1236 2834 dicit
1251 2772 1338 2857 quod
1349 2773 1380 2838 ei
1390 2783 1496 2840 aretro

388 2877 466 2933 sunt
481 2869 591 2953 xxviij.
607 2869 662 2933 sol.

455 2973 499 3036 Et
528 2973 691 3038 Hemicus
721 2974 814 3038 uenit
843 2983 878 3040 et
907 2974 988 3040 dicit
1018 2977 1105 3062 quod
1127 2979 1255 3043 nullum
1277 2979 1442 3046 redditum
1466 2982 1497 3046 ei

388 3074 543 3168 deforciat
557 3099 617 3141 nee
633 3099 788 3162 umquam
803 3077 844 3142 de
865 3079 978 3144 eodem
1001 3081 1131 3147 redditu
1154 3083 1218 3148 fuit
1240 3083 1274 3148 in
1296 3085 1417 3151 seisina
1438 3111 1496 3152 nee

388 3177 459 3263 ipsa
473 3178 615 3263 aliquem
630 3180 794 3246 redditum
810 3203 917 3246 coram
931 3183 1117 3249 iusticieriis
1130 3188 1344 3272 recuperauit

454 3281 498 3344 Et
525 3281 677 3348 Priorissa
700 3305 758 3368 per
779 3293 981 3350 attornatum
1004 3309 1099 3351 suum
1121 3288 1201 3354 dicit
1223 3291 1309 3376 quod
1331 3292 1496 3358 redditum

387 3383 481 3448 illum
511 3387 717 3470 recuperauit
739 3389 918 3454 seeundum
943 3391 1030 3476 quod
1059 3393 1260 3477 predictum⁵
1286 3405 1394 3462 estet
1420 3398 1496 3462 inde

387 3488 481 3572 ponit
506 3511 540 3553 se
564 3512 661 3575 super
687 3492 815 3556 rotulos.
862 3493 1050 3573 Querantur
1077 3496 1184 3561 rotuli
1230 3499 1347 3564 Postea
1376 3503 1498 3586 quesiti

387 3600 465 3656 sunt
480 3593 579 3657 rotuli
594 3593 635 3658 de
651 3594 768 3660 itinere
785 3596 829 3660 M.
845 3595 886 3661 de
907 3597 1097 3664 Pateshulla
1115 3601 1151 3664 in
1168 3624 1248 3666 corn.
1270 3603 1447 3670 Warreuic.
1463 3615 1497 3671 et

387 3695 421 3758 in
451 3694 516 3759 illis
546 3706 747 3782 compertum
777 3708 828 3763 est
857 3699 943 3786 quod
973 3701 1128 3768 Priorissa
1153 3705 1232 3769 tulit
1254 3707 1387 3771 assisam
1411 3731 1496 3774 noue

387 3797 555 3864 disseisine
571 3821 684 3864 uersus
698 3801 862 3866 Abbatem
879 3805 1052 3870 Leicestrie
1068 3816 1103 3871 et
1117 3808 1300 3894 predictum
1315 3811 1495 3878 Henrieum

386 3901 428 3965 de
443 3900 587 3986 predicto
602 3902 732 3967 redditu
754 3926 809 3968 sex
830 3906 884 3970 soi
906 3915 940 3970 et
960 3907 1007 3972 ibi
1028 3931 1216 3994 responsum
1237 3913 1300 3977 suit
1319 3914 1361 3978 ab
1382 3915 1495 3980 eodern

388 4005 530 4069 Henrico
545 4004 631 4090 quod
647 4006 717 4091 ipsa
731 4029 898 4094 nunquam
919 4010 1035 4076 habuit
1055 4013 1219 4078 redditum
1239 4016 1333 4081 illum
1355 4019 1419 4084 nisi
1439 4043 1497 4105 per

387 4107 637 4171 conuencionem
653 4108 739 4173 inter
761 4133 814 4174 eos
837 4111 955 4176 saetam
978 4136 1035 4199 pro
1059 4115 1216 4181 habendis
1238 4119 1439 4186 aisiamentis
1461 4123 1495 4186 in

419 4301 427 4331 ¹
445 4303 524 4363 sliirj,
540 4302 569 4352 B.
997 4311 1007 4342 ⁴
1026 4311 1124 4374 Supply
1135 4315 1249 4362 Muttine
1260 4315 1290 4364 de
1304 4316 1452 4367 Potestuaello
1471 4327 1496 4367 et

418 4365 429 4396 ¹
448 4368 587 4424 Gitonem,
600 4369 630 4416 B.
965 4378 1041 4423 soriis
1051 4379 1112 4432 suis,
1125 4377 1155 4425 B.

418 4431 429 4462 ⁸
445 4431 476 4478 Β.
489 4445 522 4480 ni.
537 4432 588 4482 od.
998 4441 1008 4471 ⁵
1025 4443 1090 4502 quod
1098 4444 1247 4504 predictum,
1262 4446 1389 4507 repeated.
