3196 5226
362 441 426 504 122
678 455 819 515 uriam,
844 455 907 503 an.
934 442 1026 516 1222,
1047 455 1111 503 aa.
1135 441 1163 504 6.

360 625 485 692 habent
500 627 588 691 ciues
603 625 768 690 Londonie
784 626 883 690 saluis
898 625 1019 690 eisdem
1039 625 1166 690 ciuibus
1189 623 1354 690 Londonie
1375 623 1480 688 liber-

360 732 486 796 tatibus
500 731 567 795 suis
588 739 622 794 et
641 731 716 795 inde
737 731 919 816 proferunt¹
941 739 1001 794 etc.
1024 753 1087 816 que
1108 730 1168 794 hoc
1188 731 1275 794 idem
1296 739 1482 803 testantur,

361 837 447 901 unde
472 836 586 900 dieunt
610 837 696 922 quod
719 859 777 923 per
798 845 902 900 cartas
924 835 996 899 illas
1018 857 1145 920 semper
1166 835 1350 899 habuerunt
1375 835 1480 898 liber-

361 949 465 1004 tatem
491 938 640 1024 capiendi
664 939 853 1002 tholoneum
879 938 913 1002 in
936 938 1017 1002 uilla
1039 961 1098 1002 sua
1119 947 1153 1001 et
1175 961 1302 1024 semper
1323 959 1479 1023 ueusque

360 1043 495 1107 fuerunt
525 1044 559 1106 in
586 1043 704 1108 seisina
733 1043 774 1108 de
801 1044 952 1107 libertate
978 1043 1035 1106 illa
1058 1051 1092 1106 et
1115 1051 1234 1128 petunt
1260 1044 1421 1108 iudicium
1449 1043 1479 1106 si

359 1169 418 1230 per
432 1155 555 1210 cartam
571 1146 694 1210 domini
709 1147 739 1212 J.
756 1147 856 1232 Regis
870 1147 1011 1210 debeant
1025 1145 1159 1231 perdere
1175 1146 1360 1210 libertatem
1377 1169 1478 1211 suam

360 1250 407 1313 eis
422 1273 603 1314 concessam
619 1251 660 1315 ab
675 1252 930 1315 antecessoribus
945 1251 1017 1316 suis
1040 1249 1045 1338 Ι

426 1354 470 1416 Et
499 1353 677 1438 burgenses
707 1353 747 1418 de
778 1354 953 1418 Beuerlaco
982 1353 1096 1418 dicunt
1128 1353 1214 1438 quod
1243 1362 1316 1438 post
1345 1361 1476 1417 cartam

359 1456 482 1520 domini
498 1456 528 1521 J.
545 1457 645 1542 Regis
660 1480 826 1543 nunquam
842 1458 1002 1522 dederunt
1018 1459 1214 1536 tholoneum,
1226 1458 1326 1522 immo
1340 1479 1478 1542 semper

359 1559 435 1626 iude
451 1561 555 1647 quieti
570 1564 702 1626 fuerunt
717 1586 776 1648 per
789 1573 911 1628 cartam
934 1563 1022 1628 illam
1043 1572 1077 1626 et
1098 1563 1157 1627 hoc
1177 1564 1318 1626 offerunt
1338 1570 1399 1626 etc
1417 1561 1477 1626 uel

360 1663 532 1729 defendere
556 1666 642 1751 quod
664 1689 831 1753 nunquam
854 1667 1042 1730 tholoneum
1062 1673 1131 1742 ete,
1152 1674 1186 1730 et
1204 1666 1324 1751 quesiti
1344 1667 1372 1730 si
1393 1675 1476 1730 ante

360 1777 483 1832 cartam
509 1769 598 1832 illam
626 1769 814 1832 tholoneum
837 1768 997 1832 dederunt
1019 1768 1133 1832 dicunt
1156 1769 1268 1844 eciam,
1292 1777 1326 1832 et
1348 1777 1476 1853 petunt

360 1893 458 1956 super
472 1871 532 1936 hoc
547 1871 704 1935 iudicium
722 1879 757 1936 et
777 1872 918 1935 offerunt
940 1870 1070 1934 domino
1088 1871 1173 1957 Regi
1192 1871 1273 1934 duos
1295 1871 1475 1956 palefridos

360 1995 418 2060 pro
448 1974 597 2038 habenda
626 1974 837 2059 inquisicione
868 1974 895 2037 si
918 1981 991 2058 post
1015 1981 1137 2036 cartam
1162 1973 1262 2059 Regis
1287 1973 1317 2037 J.
1342 1995 1476 2058 semper

361 2079 466 2164 quieti
488 2079 621 2143 fuerunt
643 2079 684 2142 de
705 2078 851 2164 predicto
874 2078 1033 2153 tholoneo,
1049 2085 1083 2141 et
1105 2077 1315 2162 recipiuntur,
1339 2087 1374 2140 et
1396 2077 1474 2140 ideo

361 2181 420 2246 fiat
443 2181 549 2246 iurata
571 2205 629 2267 per
652 2191 724 2245 oeto
747 2181 866 2267 legales
886 2181 974 2245 ciues
996 2180 1162 2244 Lincolnie
1185 2188 1220 2243 et
1242 2187 1391 2266 preterea
1412 2203 1475 2265 per

361 2297 433 2350 octo
449 2287 569 2373 legales
584 2287 731 2350 homines
746 2286 785 2349 dc
802 2286 930 2350 uisneto
946 2285 1110 2349 Lincolnie
1126 2294 1160 2348 et
1176 2285 1288 2348 ueniat
1303 2307 1323 2348 a
1340 2285 1393 2348 die
1409 2293 1472 2349 etc.

361 2389 402 2454 ad
422 2390 714 2474 recognoscendum
735 2389 762 2453 si
784 2389 961 2474 burgenses
981 2388 1029 2452 illi
1050 2387 1178 2473 quando
1198 2387 1362 2451 duxerunt
1385 2411 1471 2450 mer-

362 2491 507 2554 candisas
530 2513 588 2575 per
609 2491 722 2554 uillam
746 2490 911 2554 Lincolnie
934 2490 1067 2552 fuerunt
1089 2489 1194 2574 quieti
1215 2489 1256 2553 de
1279 2489 1412 2552 tholone
1435 2489 1470 2552 in

362 2594 442 2658 uilla
456 2594 513 2657 illa
527 2617 547 2658 a
561 2595 665 2679 primo
680 2617 765 2658 anno
780 2593 995 2658 coronacionis
1011 2592 1111 2678 Regis
1125 2593 1147 2656 J
1149 2591 1173 2656 ,¹

428 2696 590 2760 Robertus
612 2697 653 2760 de
678 2697 800 2782 Esseby
822 2697 907 2781 petit
930 2718 1043 2759 uersus
1064 2695 1239 2780 Wiganum
1262 2693 1303 2757 de
1326 2694 1358 2757 la
1380 2694 1472 2758 Mare

362 2823 418 2864 sex
448 2800 593 2887 uirgatas
623 2809 707 2864 terre
732 2824 806 2864 eum
830 2800 1038 2886 pertinenciis
1063 2799 1098 2863 in
1129 2799 1408 2884 Coniugesworthe
1434 2808 1473 2862 ut

362 2903 413 2967 ius
435 2926 531 2968 suurn
554 2913 613 2968 etc.
637 2913 671 2967 et
694 2912 733 2967 ut
753 2904 824 2967 illas
844 2904 879 2966 in
898 2925 978 2988 quas
996 2903 1083 2967 idem
1104 2902 1263 2988 Wiganus
1285 2924 1349 2965 non
1370 2901 1472 2966 habet

362 3007 543 3094 ingressum
573 3007 635 3071 nisi
665 3030 723 3093 per
752 3007 947 3070 Matillidem
977 3006 1101 3069 Trassel
1139 3006 1301 3090 quondam
1337 3029 1472 3070 uxorem

364 3111 509 3174 eiusdem
536 3111 668 3196 Wigani
693 3111 785 3174 cuius
809 3109 972 3173 hereditas
994 3117 1081 3172 terra
1101 3109 1159 3172 illa
1181 3109 1244 3172 fuit
1266 3109 1344 3172 dum
1367 3109 1472 3195 ipsam

364 3213 481 3276 habuit
507 3214 542 3276 in
564 3237 697 3277 uxorem
721 3222 754 3277 et
777 3236 840 3298 que
864 3213 927 3276 fuit
953 3211 1028 3276 auia
1051 3211 1196 3276 eiusdem
1222 3213 1357 3276 Roberti
1380 3213 1474 3277 ouius

365 3316 529 3380 hereditas
544 3317 585 3380 ad
602 3340 676 3380 eum
692 3317 835 3402 pertinet
851 3339 888 3380 eo
909 3314 994 3401 quod
1015 3323 1065 3378 est
1085 3315 1178 3378 heres
1197 3315 1340 3380 eiusdem
1362 3315 1473 3380 Matil-

365 3417 439 3482 lidis
455 3419 532 3503 quia
546 3419 650 3504 ipsam
666 3429 784 3484 terram
800 3421 886 3506 cepit
907 3421 941 3483 in
958 3419 1106 3484 custodia
1127 3443 1200 3483 cum
1221 3420 1292 3505 ipsa
1312 3421 1473 3484 Matillide

365 3523 494 3608 quando
509 3522 612 3608 ipsam
628 3523 722 3586 duxit
738 3524 772 3587 in
788 3547 928 3600 uxorem,
944 3524 1034 3587 etde
1050 3523 1105 3586 illa
1124 3523 1285 3586 Matillide
1305 3523 1473 3588 deseendit

365 3627 416 3691 ius
438 3635 523 3690 terre
546 3627 633 3692 illius
656 3627 819 3692 Willelmo
841 3628 908 3691 filio
931 3650 988 3691 suo
1012 3627 1108 3690 etde
1131 3627 1201 3712 ipso
1223 3627 1388 3691 Willelmo
1410 3628 1474 3713 ipsi

366 3731 509 3794 Roberto
527 3740 565 3795 ut
588 3732 655 3796 filio
675 3741 709 3796 et
732 3733 843 3797 heredi
866 3732 1010 3796 eiusdem
1029 3731 1185 3795 Willelmi
1207 3739 1241 3796 et
1263 3731 1349 3816 quod
1371 3731 1473 3796 alium

364 3833 545 3919 ingressum
561 3857 626 3898 non
641 3835 757 3899 habuit
772 3836 806 3900 in
822 3835 1047 3899 terramillam
1062 3834 1125 3898 nisi
1141 3835 1316 3920 peripsam
1338 3834 1473 3898 Matilli-

365 3937 441 4002 dem
470 3939 549 4002 dum
579 3939 643 4002 fuit
672 3963 754 4003 uxor
782 3963 842 4004 sua
872 3949 906 4004 et
935 3947 1107 4026 postquam
1137 3939 1241 4024 ipsam
1270 3939 1410 4003 duxerat
1439 3940 1474 4003 in

202 4055 353 4150 ngpeqffgd
365 4064 498 4106 uxorem
514 4043 606 4126 ponit
622 4065 655 4105 se
671 4065 768 4127 super
782 4043 930 4128 patriam.

200 4114 334 4238 {lglggglgffi
430 4144 475 4208 Et
505 4144 663 4231 Wiganus
693 4145 785 4210 uenit
809 4155 843 4210 et
867 4145 1013 4211 defendit
1039 4145 1091 4211 ius
1116 4169 1211 4210 suum
1239 4155 1273 4211 et
1298 4147 1398 4211 talem
1425 4148 1473 4212 in-

397 4341 544 4390 ¹SeeRot
556 4341 626 4390 Cart.
638 4341 662 4389 5.
672 4341 712 4391 56.
976 4338 1127 4399 ⁸Braoton,
1145 4341 1163 4390 f.
1180 4343 1212 4392 29
1231 4341 1256 4398 b.
1280 4339 1408 4391 discusses
1431 4341 1474 4392 the

398 4407 408 4438 ²
425 4408 499 4455 Aeto
512 4405 575 4454 such
587 4405 773 4456 controversias
785 4422 814 4457 as
829 4406 890 4468 this,
943 4407 1087 4470 validityol
1097 4408 1160 4468 gilts
1168 4405 1245 4456 made
1253 4407 1339 4456 before
1348 4407 1474 4470 marriage

366 4489 407 4523 see
419 4473 462 4522 Br.
475 4471 492 4522 f.
508 4471 539 4520 56
551 4471 574 4522 b.
944 4473 977 4534 by
989 4487 1038 4523 one
1050 4487 1143 4535 sponse
1155 4475 1182 4522 to
1196 4471 1240 4521 the
1252 4473 1334 4522 other.
