3314 5238
451 432 589 492 sssrrr,
611 431 675 480 sn.
701 416 793 490 1231,
815 429 878 480 sn
904 418 951 478 15.
1136 471 1140 478 .
1186 419 1250 480 415

147 602 231 667 filius
245 602 405 668 Hamonis
420 601 563 667 balliuus
583 601 686 687 ipsius
705 601 842 666 Henrici
855 601 990 666 accessit
1004 601 1047 668 ad
1061 601 1255 668 iusticiarios

145 705 185 771 de
206 705 309 772 baneo
330 714 365 771 et
387 714 525 792 questus
546 707 611 771 fuit
633 706 681 771 eis
700 705 741 770 da
758 705 816 771 illa
830 706 1091 794 transgressione,
1105 707 1154 772 ita
1168 707 1254 794 quod

145 809 206 896 ipsi
226 818 444 896 preceperunt
458 810 604 876 Waltero
625 809 666 875 de
686 809 811 876 Ruines
826 817 905 876 tuno
920 811 1104 876 nioeeomiti
1119 810 1205 898 quod
1219 811 1254 876 in

144 913 274 1001 propria
294 935 432 1000 persona
453 913 575 978 ibidem
599 913 766 978 accederet
786 921 821 978 et
840 913 910 980 uim
925 914 1015 980 illam
1030 922 1206 992 amoueret
1220 922 1255 979 et

145 1019 324 1083 uioeeomes
349 1017 441 1082 misit
466 1017 590 1082 ibidem
614 1016 766 1082 clericum
792 1039 888 1082 suum
911 1018 1197 1084 subuioeoomitem
1220 1026 1254 1083 et

145 1223 253 1288 uicina
282 1223 340 1310 qui
369 1223 439 1288 uim
469 1223 561 1288 illem
590 1231 784 1288 amouerunt
813 1232 848 1288 et
877 1224 1042 1290 eiecerunt
1071 1226 1253 1312 predictum

144 1328 327 1394 Robertum
357 1337 393 1393 et
422 1327 638 1394 restituerunt
674 1327 906 1414 possessionem
943 1329 1006 1416 ipsi
1040 1331 1191 1408 Henrico,
1220 1337 1255 1394 et

144 1440 257 1518 postea
278 1432 415 1498 amessit
436 1432 525 1497 idem
547 1433 709 1498 Robertus
731 1432 877 1519 Waspail
899 1433 941 1498 ad
962 1434 1085 1500 curiam
1107 1443 1141 1500 et
1163 1435 1254 1520 inpe-

144 1535 246 1601 trauit
265 1535 368 1601 breue
390 1535 432 1600 de
453 1559 541 1601 noua
561 1535 731 1603 disseisina
756 1545 790 1602 et
813 1559 872 1622 per
897 1547 1133 1604 sacramentum
1158 1561 1254 1604 suum

144 1639 205 1726 ipsi
218 1640 381 1706 iuratores
395 1639 444 1705 its
458 1639 619 1706 dederunt
633 1640 683 1704 ei¹
698 1640 850 1706 seisinam
865 1641 906 1706 de
921 1641 1034 1708 eadem
1050 1651 1143 1708 terra.

207 1743 253 1808 Et
268 1743 429 1809 iuratores
443 1743 591 1830 requisiti
602 1744 629 1809 si
640 1744 689 1809 ita
699 1743 860 1810 dederunt
874 1745 1025 1812 seisinsm
1036 1747 1098 1833 ipsi
1112 1747 1254 1812 Roberto

145 1845 258 1912 dicunt
273 1847 362 1932 quod
373 1847 420 1912 sie
429 1855 464 1912 et
475 1847 624 1933 requisiti
639 1848 768 1934 qualem
783 1848 934 1914 seisinam
945 1849 1014 1936 ipse
1029 1849 1104 1916 inde
1119 1849 1254 1915 baberet

145 1949 258 2016 dicunt
282 1950 371 2038 quod
395 1951 460 2015 suit
483 1950 519 2015 in
542 1951 661 2018 seisina
681 1952 767 2018 sicut
790 1953 826 2018 in
845 1953 916 2018 iure
937 1963 972 2019 et
991 1953 1254 2031 hereditatem,

146 2053 220 2139 quia
235 2053 371 2146 quidam
388 2053 545 2118 Osbertus
560 2053 705 2140 Wespail
726 2063 909 2122 antecessor
924 2055 1026 2142 ipsius
1040 2055 1176 2121 Roberti
1190 2055 1254 2120 fuit

147 2157 220 2222 inde
234 2158 369 2224 seisitus
380 2166 419 2222 ut
428 2157 468 2222 de
480 2157 573 2222 feodo
584 2165 619 2222 et
633 2157 704 2224 iure
719 2166 753 2223 et
768 2150 842 2244 post
856 2181 931 2224 eum
948 2159 1081 2246 quidam
1096 2159 1254 2226 Osbertus

147 2261 231 2328 filius
244 2285 326 2328 suus
341 2271 375 2327 et
395 2261 453 2348 qui
474 2263 631 2328 Osbertus
652 2261 769 2327 habuit
791 2262 952 2349 quandam
975 2263 1076 2328 filiam
1099 2263 1252 2330 Oeciliam

148 2367 276 2431 nomine
292 2389 357 2452 que
372 2367 436 2430 fuit
450 2366 535 2431 infra
549 2374 672 2432 etatem
688 2375 723 2432 et
738 2367 773 2432 in
787 2367 935 2434 custodia
949 2368 1085 2434 Roberti
1094 2368 1254 2454 Waspail¹

149 2471 294 2557 ospitalis
310 2469 435 2535 domini
449 2478 484 2534 et
498 2471 533 2536 in
548 2471 695 2536 custodia
709 2493 768 2536 sus
782 2471 865 2536 obiit
879 2479 914 2536 et
928 2471 1013 2536 infra
1027 2479 1150 2537 etatem
1165 2472 1252 2538 unde

149 2583 232 2640 terra
252 2575 312 2639 illa
334 2573 526 2640 descendere
548 2573 664 2639 debuit
685 2573 742 2638 isti
762 2575 925 2640 Roberto⁸
945 2583 979 2640 et
993 2575 1055 2640 iste
1070 2575 1252 2642 Robertus⁸

150 2687 223 2744 tnnc
245 2679 382 2744 accessit
401 2677 444 2742 ad
464 2677 646 2763 predictum
669 2676 871 2742 Robertum⁴
890 2685 925 2742 et
946 2679 1067 2764 optulit
1089 2679 1120 2744 ei
1141 2679 1251 2744 homa·

148 2782 235 2868 glum
251 2789 288 2846 et
307 2780 463 2868 quiequid
482 2780 514 2845 ei
533 2779 574 2845 de
596 2781 666 2846 iure
689 2782 792 2846 facere
815 2780 929 2847 debuit
951 2781 1035 2846 deut
1058 2780 1188 2848 domino
1211 2782 1252 2848 de

150 2895 231 2951 terra
253 2885 313 2950 illa
334 2893 368 2948 et
389 2884 459 2971 ipse
482 2883 669 2972 homagium
691 2907 787 2950 suum
812 2883 888 2950 inde
911 2884 1053 2971 recipere
1076 2885 1182 2950 noluit
1204 2886 1253 2952 its

151 2989 279 3054 demum
303 2986 390 3074 quod
411 2987 482 3072 ipse
504 2987 667 3052 Robertus
689 2987 913 3052 transfretauit
934 2987 970 3052 in
992 2987 1194 3054 Britanniam
1216 2997 1251 3054 et

151 3091 193 3158 ibi
205 3091 388 3178 inpetrauit
403 3089 509 3156 iustio’
524 3090 566 3156 ed
581 3090 664 3156 uie*
678 3091 764 3177 quod
782 3091 851 3178 ipse
872 3113 947 3156 eum
969 3077 1197 3157 manuteneret
1216 3101 1251 3158 et

151 3193 335 3260 defenderet
357 3193 392 3258 in
414 3193 509 3258 terris
531 3199 565 3256 et
586 3193 782 3258 tenementis
803 3193 925 3260 suiset
947 3193 1077 3280 quando
1098 3194 1196 3260 rediit
1215 3195 1250 3260 in

151 3299 301 3386 Angiiam
322 3296 415 3362 uenit
435 3295 504 3382 ipse
521 3303 556 3361 et
575 3296 684 3381 posuit
699 3317 733 3360 se
748 3295 783 3361 in
798 3304 917 3362 terram
937 3297 1027 3362 illam
1047 3297 1132 3363 sicut
1150 3298 1251 3364 iuius

151 3425 242 3467 suum
265 3411 300 3467 et
322 3423 355 3466 se
376 3399 486 3466 tenuit
505 3399 541 3464 in
555 3399 613 3464 ille
627 3422 685 3486 per
699 3399 764 3486 viij.
780 3400 850 3466 dies
864 3408 900 3466 et
914 3401 1002 3487 cepit
1017 3402 1147 3488 expleta
1161 3410 1195 3468 et
1209 3403 1250 3470 de

151 3507 242 3572 rebus
256 3505 304 3571 ibi
319 3505 465 3570 inuentis
479 3504 639 3591 disposuit
658 3504 744 3570 sient
763 3503 804 3569 de
827 3505 902 3582 suis,
917 3513 952 3570 et
973 3505 1060 3570 unde
1082 3506 1145 3592 ipsi
1166 3507 1252 3574 iura·

151 3619 231 3675 tores
253 3608 369 3674 dicunt
390 3606 477 3694 quod
498 3607 568 3694 ipse
591 3607 708 3672 habuit
727 3607 879 3672 seisinam
898 3608 983 3672 sicut
1001 3607 1032 3673 ei
1046 3609 1252 3676 adiudieaue-

151 3723 230 3779 runt
276 3713 322 3777 Et
336 3711 485 3798 requisiti
498 3711 527 3776 si
547 3710 726 3776 uieecomes
745 3733 876 3797 presens
896 3720 981 3776 esset
1003 3713 1131 3798 quando
1153 3714 1252 3780 assisa

150 3826 241 3904 napta
255 3816 320 3881 fuit
334 3815 448 3880 dieunt
463 3814 550 3900 quod
564 3813 610 3879 sio
625 3822 660 3879 et
680 3815 766 3900 quod
786 3814 886 3880 nichil
908 3815 992 3880 dixit
1014 3817 1101 3902 quod
1121 3839 1252 3905 precep-

150 3931 217 3987 tum
232 3921 369 3986 baberet
383 3920 424 3984 de
440 3918 621 3984 amonendo
641 3919 748 4006 ipsum
769 3919 950 3986 Robertum
965 3927 1000 3985 et
1014 3921 1144 3987 forciam
1159 3945 1250 3989 suam

150 4049 205 4092 neo
218 4027 282 4113 ipsi
296 4025 421 4112 aliquid
435 4023 511 4089 inde
526 4023 700 4090 sciuerunt.

179 4192 309 4270 thebert,
331 4191 390 4242 who
411 4189 550 4241 suooeeded
572 4189 601 4240 in
629 4189 673 4242 the
723 4191 1127 4307 Ro⁵btirqmeuprtqslrpagtqpidost1⁸3
1137 4191 1250 4308 Perhaps

151 4273 334 4374 mimi'soeond
344 4321 441 4372 Robert
451 4320 575 4384 Waspuil.
723 4258 1250 4386 justitiadiihowssineBrittinihiliisd

180 4389 191 4422 ⁸
205 4388 325 4439 Plaintiff
335 4388 363 4436 in
375 4387 420 4437 the
430 4386 523 4437 assiae.
724 4386 777 4436 and
788 4387 909 4438 obtained
920 4387 988 4437 from
999 4387 1055 4437 him
1066 4388 1154 4440 letters
1167 4391 1194 4439 to
1206 4389 1251 4440 the

180 4455 191 4487 ⁴
205 4454 280 4504 (thies
288 4453 353 4504 lord.
724 4451 820 4501 sheriff.
