3212 5230
378 455 442 518 380
680 467 821 530 muner,
844 465 910 516 no,
935 452 1027 528 1231,
1049 466 1113 516 nn
1138 451 1187 514 15.

379 640 522 726 ipsorum
537 638 699 706 moliendo
715 639 801 726 quod
815 639 879 725 ipsi
898 645 1019 704 sectam
1040 639 1183 703 facerent
1202 635 1244 701 ed
1263 635 1491 701 molendinum

379 737 462 806 illud
477 749 511 806 et
526 741 612 828 quod
627 740 696 827 ipse
712 741 884 806 molturam
901 740 1036 806 haberet
1056 739 1233 805 secundum
1254 739 1341 826 quod
1362 739 1491 826 predic-

380 855 453 911 tum
468 855 518 911 est
533 855 567 911 et
582 845 610 911 si
624 845 709 911 mele
729 845 776 910 eis
796 844 1010 910 deseruiuerit
1030 844 1115 931 quod
1136 844 1235 909 libere
1250 852 1329 909 ωηο
1344 844 1432 909 irent
1446 843 1492 908 ad

380 951 445 1016 alia
459 949 645 1014 molendino
658 949 855 1034 ubicumque
870 948 996 1013 uellent
1007 956 1042 1012 et
1053 947 1130 1034 quie
1144 947 1212 1034 ipse
1228 948 1313 1013 male
1328 955 1363 1013 et
1378 948 1491 1012 minus

380 1053 522 1119 fideliter
543 1053 590 1118 eis
612 1051 750 1118 semiuit
768 1060 803 1116 et
824 1051 933 1138 sepius
954 1051 1030 1116 inde
1052 1051 1220 1116 conuictus
1241 1051 1305 1115 fuit
1325 1050 1400 1116 ideo
1422 1073 1490 1115 non

381 1159 527 1224 fecerunt
549 1155 726 1222 secundum
747 1154 926 1241 predictam
947 1154 1197 1220 conuencionem
1212 1163 1334 1219 sectam
1349 1162 1384 1218 et
1399 1154 1491 1218 unde

381 1261 495 1326 dicunt
516 1259 603 1346 quod
624 1259 685 1323 hoc
706 1280 771 1322 ηοη
794 1265 861 1322 stet
884 1279 944 1343 per
966 1279 1020 1322 eos
1039 1265 1073 1322 et
1093 1257 1176 1322 bene
1198 1256 1378 1321 defendunt
1400 1257 1492 1342 quod

380 1362 508 1427 nullum
534 1362 766 1427 ferramentum
791 1367 1040 1446 asporteueruut
1065 1381 1125 1424 nec
1155 1359 1296 1445 lapidem
1319 1359 1492 1446 fregerunt

380 1464 558 1532 secundum
573 1464 660 1551 quod
674 1463 857 1550 predictum
872 1471 930 1528 est.

446 1566 639 1634 Concordeti
653 1574 730 1630 sunt
745 1573 779 1630 et
795 1565 918 1630 habent
933 1563 1166 1651 cirographum.

261 1673 333 1736 483.
447 1669 608 1758 Mergeria
636 1691 699 1754 que
729 1668 793 1732 fuit
821 1690 903 1733 uxor
931 1667 1082 1732 Nicholai
1107 1667 1148 1733 de
1175 1667 1401 1733 Normenuille
1430 1690 1493 1754 per

233 1769 357 1818 mmm*
381 1781 582 1838 ottometum
598 1794 693 1836 suum
708 1771 793 1856 petit
808 1792 921 1848 uersus
936 1769 1070 1834 Petrum
1085 1769 1190 1834 filium
1205 1769 1295 1834 Petri
1309 1770 1350 1836 de
1365 1771 1493 1836 Ireces-

383 1877 447 1944 trin
460 1900 559 1942 unam
574 1899 681 1941 eoram
697 1874 783 1962 proti
798 1897 872 1939 cum
887 1882 967 1960 pert.
983 1873 1019 1938 in
1034 1873 1205 1938 Irecestrie
1219 1882 1258 1938 ut
1272 1875 1324 1938 ius
1338 1896 1436 1939 suum
1452 1882 1492 1938 et

382 1977 417 2044 in
432 2001 530 2064 quem
545 2001 609 2044 non
623 1978 723 2043 hebet
737 1977 917 2064 ingressum
931 1975 995 2040 nisi
1008 1998 1067 2062 per
1085 1975 1267 2062 predictum
1289 1976 1492 2042 Nicholaum

382 2081 490 2146 uirum
512 2105 608 2147 suum
627 2081 681 2146 cui
700 2081 772 2167 ipso
791 2081 826 2145 in
841 2081 912 2146 uite
925 2103 985 2145 sue
999 2089 1057 2145 etc
1073 2081 1122 2145 ite
1136 2081 1222 2168 quod
1236 2083 1305 2168 ipse
1321 2081 1440 2147 Petrus
1454 2105 1492 2147 se

382 2187 558 2252 essonisuit
579 2187 620 2251 de
642 2186 728 2250 malo
754 2185 830 2250 lecti
855 2194 915 2251 etc.
939 2194 975 2250 et
1000 2185 1160 2250 esconium
1186 2209 1251 2252 ηοη
1277 2187 1385 2263 iacuit,
1410 2187 1494 2274 quie

382 2291 488 2357 breue'
503 2291 696 2378 loquebatur
717 2289 758 2355 de
780 2289 926 2377 ingressu
936 2287 955 2370 ²,
970 2289 1019 2353 ite
1038 2289 1124 2375 quod
1142 2313 1201 2376 per
1218 2290 1373 2356 defaltum
1393 2314 1492 2356 susm

381 2403 571 2484 preceptum
601 2395 664 2460 fuit
693 2387 878 2460 uicecomiti
907 2393 993 2481 quod
1023 2403 1152 2480 caperet
1181 2402 1311 2480 pratum
1340 2394 1424 2460 illud
1452 2395 1491 2459 in

382 2523 515 2566 menum
541 2500 634 2565 Dom
659 2499 759 2586 Regis
784 2506 819 2564 st
844 2499 1022 2564 uicecomes
1048 2499 1218 2564 mandauit
1243 2500 1329 2586 quod
1355 2508 1491 2587 protum

382 2613 514 2691 ceptum
537 2602 600 2667 fuit
619 2602 654 2667 iu
676 2625 810 2666 menum
832 2602 925 2668 Dom.
941 2601 1041 2690 Regis
1060 2601 1114 2667 die
1134 2611 1193 2668 etc
1209 2611 1244 2668 et
1258 2611 1389 2688 protum
1403 2627 1492 2669 nun-

383 2733 482 2798 quam
506 2716 619 2795 postea
642 2707 785 2794 petitum
815 2708 878 2772 fuit
903 2730 962 2793 per
986 2707 1160 2794 pleuinsm
1205 2709 1282 2773 Post
1304 2707 1399 2773 uenit
1423 2708 1492 2772 Ro-

383 2815 496 2879 bertus
510 2811 540 2876 le
556 2810 707 2898 Seuuege
723 2819 757 2875 et
772 2809 852 2875 dicit
867 2811 953 2896 quod
967 2811 1036 2897 ipse
1051 2811 1151 2876 estin
1162 2810 1280 2876 seisina
1290 2810 1330 2876 de
1341 2811 1493 2897 predicto

261 2939 334 2992 [nn]
383 2923 477 3003 preto
503 2921 537 2980 et
561 2913 625 2977 fuit
643 2911 648 2998 Ι
668 2920 844 2998 antequem
869 2915 1086 2980 summonitus
1109 2922 1194 2980 esset
1216 2915 1332 2980 Petrus
1353 2923 1390 2980 et
1411 2915 1492 2981 inde

221 3037 355 3125 pm·
384 3020 476 3108 ponit
491 3041 524 3084 se
540 3041 637 3104 super
650 3017 796 3104 petriam

220 3131 366 3218 fflfflffl
450 3124 493 3189 Et
509 3121 670 3210 Margeria
688 3143 747 3208 per
765 3128 966 3186 attomotum
988 3144 1084 3187 suum
1105 3123 1185 3188 dicit
1207 3123 1293 3211 quod
1314 3132 1491 3211 postquem

221 3224 351 3311 ffiffi„
384 3226 600 3293 summonitus
623 3225 686 3290 fuit
709 3225 796 3290 idem
820 3225 936 3290 Petrus
959 3225 1023 3290 fuit
1046 3227 1115 3312 ipse
1137 3227 1171 3292 in
1193 3227 1310 3292 seisine
1330 3227 1372 3292 de
1395 3237 1493 3313 proto

220 3317 363 3404 ffiilffl*
384 3333 440 3398 illo
454 3339 489 3397 et
503 3339 674 3417 postquem
689 3353 723 3395 se
738 3329 920 3395 essoniouit.
965 3331 1009 3395 Et
1024 3331 1097 3396 ideo
1116 3331 1298 3418 inquiretur
1311 3353 1371 3418 per
1385 3354 1493 3398 sacra-

221 3410 285 3461 m
384 3443 533 3501 mentum
554 3434 608 3520 xij.
630 3433 657 3498 si
677 3433 726 3498 ita
744 3433 788 3498 sit
807 3441 842 3498 et
862 3434 889 3498 si
910 3433 959 3499 its
978 3435 1077 3500 fuerit
1101 3435 1186 3500 sieut
1209 3435 1280 3522 ipsa
1302 3435 1384 3501 dicit
1411 3445 1492 3502 tunc

385 3545 552 3625 recuperet
567 3537 638 3624 ipso
651 3537 802 3602 seisinam
822 3561 914 3602 suem
929 3561 988 3624 per
1006 3539 1160 3604 defeltem
1175 3563 1272 3626 quem
1286 3542 1356 3628 ipse
1372 3543 1493 3608 Petrus

385 3664 472 3707 nunc
495 3640 580 3718 fecit,
604 3647 639 3704 et
664 3640 692 3704 si
717 3662 782 3704 non
807 3648 887 3706 ωηο
911 3641 1077 3728 perquirat
1102 3642 1164 3707 sibi
1190 3645 1351 3732 Mergen'a
1376 3670 1492 3713 uersus

385 3744 567 3834 predictum
582 3743 761 3808 Robertum
776 3751 811 3808 et
824 3744 956 3809 interim
971 3753 1030 3810 etc.
1046 3754 1081 3812 et
1096 3747 1208 3812 ueniet
1222 3748 1392 3835 inquisicio
1407 3761 1468 3817 etc

451 3846 635 3912 Willelmus
649 3845 735 3911 filius
750 3847 839 3912 Petri
854 3848 975 3934 optulit
989 3855 1023 3914 'se
1038 3849 1110 3936 iiijl‘
1124 3851 1177 3916 die
1191 3874 1304 3917 uersus
1318 3853 1491 3920 Bartholo-

291 3970 304 4000 ο
386 3971 496 4015 meum
521 3947 562 4013 de
588 3946 751 4025 Aldeford,
774 3949 954 4014 Gslfiidum
979 3950 1082 4026 Oncd,
1105 3953 1279 4018 Ricardum
1303 3955 1411 4022 filium
1433 3958 1491 4024 Jo-

386 4062 494 4131 wette,
507 4052 650 4117 Alnnum
666 4051 744 4117 Oole
759 4059 793 4116 et
808 4052 972 4139 Rogerum
992 4053 1144 4121 Moschat
1163 4055 1204 4121 de
1221 4058 1347 4123 roboris
1361 4067 1397 4124 et
1411 4083 1491 4147 pace

386 4159 523 4226 infracta
537 4157 623 4222 unde
639 4177 692 4221 eos
707 4156 828 4242 apellet
842 4165 902 4223 etc.
948 4159 992 4223 Et
1006 4159 1069 4245 ipsi
1084 4183 1149 4226 ηοη
1162 4171 1325 4227 uenerunt
1340 4172 1400 4230 etc.
1446 4166 1491 4231 Et

419 4362 429 4396 ¹
447 4360 541 4413 SeeBr.
549 4359 567 4409 1.
576 4357 654 4412 sub.
672 4358 913 4418 Fitu.Euone,191.
964 4374 1110 4419 summoue,
1133 4364 1181 4411 not
1202 4365 1230 4411 et
1252 4360 1297 4412 the
1318 4359 1379 4412 dete
1398 4363 1426 4413 ol
1445 4364 1490 4414 the

420 4427 483 4477 ’So
499 4425 543 4474 Br.
562 4425 579 4476 f.
598 4425 646 4474 432
658 4423 680 4474 b.
716 4423 773 4474 The
795 4427 862 4474 stote
884 4425 915 4474 of
964 4425 1030 4483 writ.
1043 4424 1143 4476 decides
1152 4426 1267 4478 whether
1275 4430 1489 4480 non-tenureeen

389 4493 432 4545 the
454 4489 600 4556 possession
624 4493 651 4542 st
674 4489 719 4541 the
739 4488 801 4540 time
818 4490 845 4540 ol
868 4489 912 4540 the
964 4491 1124 4554 bepleoded.
