<?xml version="1.0" encoding="UTF-8"?>
<!DOCTYPE html PUBLIC "-//W3C//DTD XHTML 1.0 Transitional//EN"
    "http://www.w3.org/TR/xhtml1/DTD/xhtml1-transitional.dtd">
<html xmlns="http://www.w3.org/1999/xhtml" xml:lang="en" lang="en">
 <head>
  <title>
</title>
<meta http-equiv="Content-Type" content="text/html;charset=utf-8" />
  <meta name='ocr-system' content='tesseract 3.04.00' />
  <meta name='ocr-capabilities' content='ocr_page ocr_carea ocr_par ocr_line ocrx_word'/>
</head>
<body>
  <div class='ocr_page' id='page_1' title='image "./bractonsnoteboo04bracgoog_0585.png"; bbox 0 0 3360 5236; ppageno 0'>
   <div class='ocr_carea' id='block_1_1' title="bbox 502 431 1308 508">
    <p class='ocr_par' dir='ltr' id='par_1_1' title="bbox 502 431 1308 508">
     <span class='ocr_line' id='line_1_1' title="bbox 502 431 1308 508; baseline 0.01 -15"><span class='ocrx_word' id='word_1_1' title='bbox 502 435 643 507; x_wconf 69' lang='lat' dir='ltr'>armar,</span> <span class='ocrx_word' id='word_1_2' title='bbox 666 441 733 493; x_wconf 71' lang='lat' dir='ltr'>an.</span> <span class='ocrx_word' id='word_1_3' title='bbox 757 431 848 508; x_wconf 84' lang='lat'>1233,</span> <span class='ocrx_word' id='word_1_4' title='bbox 872 444 934 496; x_wconf 71' lang='lat' dir='ltr'>aa.</span> <span class='ocrx_word' id='word_1_5' title='bbox 959 431 1008 500; x_wconf 87' lang='grc'>17.</span> <span class='ocrx_word' id='word_1_6' title='bbox 1245 434 1308 501; x_wconf 85' lang='grc'>577</span> 
     </span>
    </p>
   </div>
   <div class='ocr_carea' id='block_1_2' title="bbox 199 615 1357 2362">
    <p class='ocr_par' dir='ltr' id='par_1_2' title="bbox 199 615 1357 2362">
     <span class='ocr_line' id='line_1_2' title="bbox 200 615 1306 704; baseline 0.002 -24"><span class='ocrx_word' id='word_1_7' title='bbox 200 624 307 681; x_wconf 87' lang='lat' dir='ltr'>totum</span> <span class='ocrx_word' id='word_1_8' title='bbox 322 615 520 681; x_wconf 89' lang='lat' dir='ltr'>dominicum</span> <span class='ocrx_word' id='word_1_9' title='bbox 534 638 629 680; x_wconf 91' lang='lat' dir='ltr'>suum</span> <span class='ocrx_word' id='word_1_10' title='bbox 641 615 681 681; x_wconf 93' lang='lat' dir='ltr'>de</span> <span class='ocrx_word' id='word_1_11' title='bbox 693 615 924 682; x_wconf 86' lang='lat' dir='ltr'>Tiuerseumba</span> <span class='ocrx_word' id='word_1_12' title='bbox 935 641 1007 682; x_wconf 87' lang='lat' dir='ltr'>curn</span> <span class='ocrx_word' id='word_1_13' title='bbox 1018 618 1112 683; x_wconf 88' lang='lat' dir='ltr'>bosco</span> <span class='ocrx_word' id='word_1_14' title='bbox 1124 619 1306 704; x_wconf 74' lang='lat' dir='ltr'>pertinente</span> 
     </span>
     <span class='ocr_line' id='line_1_3' title="bbox 200 718 1307 807; baseline 0.002 -23"><span class='ocrx_word' id='word_1_15' title='bbox 200 720 241 785; x_wconf 84' lang='lat' dir='ltr'>ad</span> <span class='ocrx_word' id='word_1_16' title='bbox 256 719 454 785; x_wconf 88' lang='lat' dir='ltr'>dominicum</span> <span class='ocrx_word' id='word_1_17' title='bbox 468 718 550 784; x_wconf 91' lang='lat' dir='ltr'>illud</span> <span class='ocrx_word' id='word_1_18' title='bbox 565 741 623 806; x_wconf 90' lang='lat' dir='ltr'>per</span> <span class='ocrx_word' id='word_1_19' title='bbox 636 729 740 784; x_wconf 87' lang='lat' dir='ltr'>certas</span> <span class='ocrx_word' id='word_1_20' title='bbox 755 729 867 799; x_wconf 86' lang='lat' dir='ltr'>metas,</span> <span class='ocrx_word' id='word_1_21' title='bbox 879 721 928 785; x_wconf 87' lang='lat' dir='ltr'>ita</span> <span class='ocrx_word' id='word_1_22' title='bbox 942 719 1029 807; x_wconf 93' lang='lat' dir='ltr'>quod</span> <span class='ocrx_word' id='word_1_23' title='bbox 1044 721 1242 787; x_wconf 88' lang='lat' dir='ltr'>dominicum</span> <span class='ocrx_word' id='word_1_24' title='bbox 1258 733 1307 788; x_wconf 85' lang='lat' dir='ltr'>est</span> 
     </span>
     <span class='ocr_line' id='line_1_4' title="bbox 200 822 1308 912; baseline 0.002 -24"><span class='ocrx_word' id='word_1_25' title='bbox 200 823 346 907; x_wconf 82' lang='lat' dir='ltr'>clausum</span> <span class='ocrx_word' id='word_1_26' title='bbox 361 822 537 910; x_wconf 83' lang='lat' dir='ltr'>quoddcm¹</span> <span class='ocrx_word' id='word_1_27' title='bbox 553 822 712 888; x_wconf 86' lang='lat' dir='ltr'>uallatum</span> <span class='ocrx_word' id='word_1_28' title='bbox 733 823 861 901; x_wconf 86' lang='lat' dir='ltr'>fossato,</span> <span class='ocrx_word' id='word_1_29' title='bbox 878 825 964 911; x_wconf 93' lang='lat' dir='ltr'>quod</span> <span class='ocrx_word' id='word_1_30' title='bbox 987 847 1051 890; x_wconf 89' lang='lat' dir='ltr'>non</span> <span class='ocrx_word' id='word_1_31' title='bbox 1072 833 1122 890; x_wconf 88' lang='lat' dir='ltr'>est</span> <span class='ocrx_word' id='word_1_32' title='bbox 1142 826 1308 912; x_wconf 76' lang='lat' dir='ltr'>pertinens</span> 
     </span>
     <span class='ocr_line' id='line_1_5' title="bbox 199 927 1308 1014; baseline 0.001 -21"><span class='ocrx_word' id='word_1_33' title='bbox 199 928 241 993; x_wconf 88' lang='lat' dir='ltr'>ad</span> <span class='ocrx_word' id='word_1_34' title='bbox 270 927 437 993; x_wconf 85' lang='lat' dir='ltr'>ecclesiam</span> <span class='ocrx_word' id='word_1_35' title='bbox 466 950 567 1005; x_wconf 83' lang='lat' dir='ltr'>suem,</span> <span class='ocrx_word' id='word_1_36' title='bbox 596 935 647 992; x_wconf 91' lang='lat' dir='ltr'>set</span> <span class='ocrx_word' id='word_1_37' title='bbox 676 935 727 992; x_wconf 87' lang='lat' dir='ltr'>est</span> <span class='ocrx_word' id='word_1_38' title='bbox 756 928 884 1014; x_wconf 83' lang='lat' dir='ltr'>leycum</span> <span class='ocrx_word' id='word_1_39' title='bbox 919 929 1049 994; x_wconf 88' lang='lat' dir='ltr'>feodum</span> <span class='ocrx_word' id='word_1_40' title='bbox 1079 952 1183 995; x_wconf 89' lang='lat' dir='ltr'>suum.</span> <span class='ocrx_word' id='word_1_41' title='bbox 1228 929 1308 996; x_wconf 90' lang='lat' dir='ltr'>Ideo</span> 
     </span>
     <span class='ocr_line' id='line_1_6' title="bbox 200 1031 1307 1118; baseline 0.003 -22"><span class='ocrx_word' id='word_1_42' title='bbox 200 1039 389 1118; x_wconf 74' lang='lat' dir='ltr'>preceptum</span> <span class='ocrx_word' id='word_1_43' title='bbox 418 1031 602 1096; x_wconf 91' lang='lat' dir='ltr'>uicecomiti</span> <span class='ocrx_word' id='word_1_44' title='bbox 638 1032 725 1118; x_wconf 83' lang='lat' dir='ltr'>qued</span> <span class='ocrx_word' id='word_1_45' title='bbox 762 1033 873 1096; x_wconf 90' lang='lat' dir='ltr'>uenire</span> <span class='ocrx_word' id='word_1_46' title='bbox 910 1033 1009 1098; x_wconf 84' lang='lat' dir='ltr'>faciat</span> <span class='ocrx_word' id='word_1_47' title='bbox 1045 1056 1152 1098; x_wconf 85' lang='lat' dir='ltr'>eoram</span> <span class='ocrx_word' id='word_1_48' title='bbox 1186 1035 1235 1099; x_wconf 90' lang='lat' dir='ltr'>W.</span> <span class='ocrx_word' id='word_1_49' title='bbox 1267 1035 1307 1100; x_wconf 91' lang='lat' dir='ltr'>de</span> 
     </span>
     <span class='ocr_line' id='line_1_7' title="bbox 200 1134 1306 1225; baseline 0.004 -25"><span class='ocrx_word' id='word_1_50' title='bbox 200 1134 389 1222; x_wconf 85' lang='lat' dir='ltr'>Radelegha</span> <span class='ocrx_word' id='word_1_51' title='bbox 402 1143 436 1200; x_wconf 88' lang='lat' dir='ltr'>et</span> <span class='ocrx_word' id='word_1_52' title='bbox 451 1136 544 1202; x_wconf 88' lang='lat' dir='ltr'>sociis</span> <span class='ocrx_word' id='word_1_53' title='bbox 558 1135 626 1200; x_wconf 86' lang='lat' dir='ltr'>suis</span> <span class='ocrx_word' id='word_1_54' title='bbox 641 1135 675 1200; x_wconf 91' lang='lat' dir='ltr'>in</span> <span class='ocrx_word' id='word_1_55' title='bbox 691 1136 799 1201; x_wconf 87' lang='lat' dir='ltr'>reditu</span> <span class='ocrx_word' id='word_1_56' title='bbox 822 1137 965 1222; x_wconf 89' lang='lat' dir='ltr'>ipsorum</span> <span class='ocrx_word' id='word_1_57' title='bbox 986 1136 1026 1201; x_wconf 91' lang='lat' dir='ltr'>de</span> <span class='ocrx_word' id='word_1_58' title='bbox 1051 1137 1232 1203; x_wconf 82' lang='lat' dir='ltr'>Gornubia&#39;</span> <span class='ocrx_word' id='word_1_59' title='bbox 1253 1139 1306 1225; x_wconf 83' lang='lat' dir='ltr'>xij.</span> 
     </span>
     <span class='ocr_line' id='line_1_8' title="bbox 199 1239 1308 1329; baseline 0.005 -25"><span class='ocrx_word' id='word_1_60' title='bbox 199 1247 267 1304; x_wconf 85' lang='lat' dir='ltr'>tarn</span> <span class='ocrx_word' id='word_1_61' title='bbox 282 1239 404 1305; x_wconf 78' lang='lat' dir='ltr'>milites</span> <span class='ocrx_word' id='word_1_62' title='bbox 419 1247 477 1305; x_wconf 90' lang='lat' dir='ltr'>ete.</span> <span class='ocrx_word' id='word_1_63' title='bbox 494 1240 536 1305; x_wconf 87' lang='lat' dir='ltr'>ad</span> <span class='ocrx_word' id='word_1_64' title='bbox 550 1241 841 1327; x_wconf 83' lang='lat' dir='ltr'>recognoscendum</span> <span class='ocrx_word' id='word_1_65' title='bbox 858 1249 917 1306; x_wconf 88' lang='lat' dir='ltr'>etc.</span> <span class='ocrx_word' id='word_1_66' title='bbox 934 1241 1023 1306; x_wconf 91' lang='lat' dir='ltr'>siibi</span> <span class='ocrx_word' id='word_1_67' title='bbox 1038 1251 1123 1307; x_wconf 90' lang='lat' dir='ltr'>esset</span> <span class='ocrx_word' id='word_1_68' title='bbox 1134 1244 1259 1329; x_wconf 75' lang='lat' dir='ltr'>capella</span> <span class='ocrx_word' id='word_1_69' title='bbox 1273 1253 1308 1309; x_wconf 89' lang='lat' dir='ltr'>et</span> 
     </span>
     <span class='ocr_line' id='line_1_9' title="bbox 199 1337 1309 1436; baseline 0.005 -28"><span class='ocrx_word' id='word_1_70' title='bbox 199 1343 227 1408; x_wconf 88' lang='lat' dir='ltr'>si</span> <span class='ocrx_word' id='word_1_71' title='bbox 241 1344 330 1409; x_wconf 90' lang='lat' dir='ltr'>locus</span> <span class='ocrx_word' id='word_1_72' title='bbox 345 1353 379 1408; x_wconf 91' lang='lat' dir='ltr'>et</span> <span class='ocrx_word' id='word_1_73' title='bbox 393 1346 498 1431; x_wconf 85' lang='lat' dir='ltr'>plaeie</span> <span class='ocrx_word' id='word_1_74' title='bbox 513 1346 599 1411; x_wconf 88' lang='lat' dir='ltr'>unde</span> <span class='ocrx_word' id='word_1_75' title='bbox 614 1347 738 1432; x_wconf 85' lang='lat' dir='ltr'>capella</span> <span class='ocrx_word' id='word_1_76' title='bbox 755 1337 879 1410; x_wconf 81' lang='lat' dir='ltr'>uallata</span> <span class='ocrx_word' id='word_1_77' title='bbox 899 1355 948 1412; x_wconf 89' lang='lat' dir='ltr'>est</span> <span class='ocrx_word' id='word_1_78' title='bbox 969 1347 1066 1412; x_wconf 90' lang='lat' dir='ltr'>simul</span> <span class='ocrx_word' id='word_1_79' title='bbox 1086 1371 1161 1413; x_wconf 89' lang='lat' dir='ltr'>cum</span> <span class='ocrx_word' id='word_1_80' title='bbox 1185 1349 1309 1436; x_wconf 90' lang='lat' dir='ltr'>capella</span> 
     </span>
     <span class='ocr_line' id='line_1_10' title="bbox 199 1449 1307 1537; baseline 0.004 -24"><span class='ocrx_word' id='word_1_81' title='bbox 199 1456 249 1514; x_wconf 87' lang='lat' dir='ltr'>est</span> <span class='ocrx_word' id='word_1_82' title='bbox 264 1449 431 1534; x_wconf 77' lang='lat' dir='ltr'>pertinens</span> <span class='ocrx_word' id='word_1_83' title='bbox 450 1449 491 1514; x_wconf 90' lang='lat' dir='ltr'>ad</span> <span class='ocrx_word' id='word_1_84' title='bbox 510 1449 678 1514; x_wconf 85' lang='lat' dir='ltr'>ecclesiam</span> <span class='ocrx_word' id='word_1_85' title='bbox 701 1449 791 1514; x_wconf 90' lang='lat' dir='ltr'>Petri</span> <span class='ocrx_word' id='word_1_86' title='bbox 813 1449 853 1515; x_wconf 94' lang='lat' dir='ltr'>de</span> <span class='ocrx_word' id='word_1_87' title='bbox 876 1450 1093 1537; x_wconf 88' lang='lat' dir='ltr'>Whytestona</span> <span class='ocrx_word' id='word_1_88' title='bbox 1115 1461 1149 1516; x_wconf 91' lang='lat' dir='ltr'>et</span> <span class='ocrx_word' id='word_1_89' title='bbox 1171 1452 1199 1516; x_wconf 94' lang='lat' dir='ltr'>si</span> <span class='ocrx_word' id='word_1_90' title='bbox 1220 1452 1307 1517; x_wconf 91' lang='lat' dir='ltr'>idem</span> 
     </span>
     <span class='ocr_line' id='line_1_11' title="bbox 200 1550 1307 1639; baseline 0.003 -24"><span class='ocrx_word' id='word_1_91' title='bbox 200 1550 317 1616; x_wconf 88' lang='lat' dir='ltr'>Petrus</span> <span class='ocrx_word' id='word_1_92' title='bbox 332 1559 417 1616; x_wconf 90' lang='lat' dir='ltr'>esset</span> <span class='ocrx_word' id='word_1_93' title='bbox 436 1551 471 1615; x_wconf 93' lang='lat' dir='ltr'>in</span> <span class='ocrx_word' id='word_1_94' title='bbox 491 1551 619 1627; x_wconf 89' lang='lat' dir='ltr'>seisina,</span> <span class='ocrx_word' id='word_1_95' title='bbox 635 1551 688 1616; x_wconf 92' lang='lat' dir='ltr'>uel</span> <span class='ocrx_word' id='word_1_96' title='bbox 706 1551 735 1615; x_wconf 89' lang='lat' dir='ltr'>si</span> <span class='ocrx_word' id='word_1_97' title='bbox 756 1551 862 1636; x_wconf 73' lang='lat' dir='ltr'>plania</span> <span class='ocrx_word' id='word_1_98' title='bbox 883 1552 940 1617; x_wconf 87' lang='lat' dir='ltr'>illa</span> <span class='ocrx_word' id='word_1_99' title='bbox 961 1553 1004 1617; x_wconf 92' lang='lat' dir='ltr'>sit</span> <span class='ocrx_word' id='word_1_100' title='bbox 1027 1554 1155 1639; x_wconf 90' lang='lat' dir='ltr'>laycum</span> <span class='ocrx_word' id='word_1_101' title='bbox 1177 1553 1307 1618; x_wconf 88' lang='lat' dir='ltr'>feodum</span> 
     </span>
     <span class='ocr_line' id='line_1_12' title="bbox 200 1655 1308 1742; baseline 0.002 -22"><span class='ocrx_word' id='word_1_102' title='bbox 200 1655 301 1742; x_wconf 89' lang='lat' dir='ltr'>ipsius</span> <span class='ocrx_word' id='word_1_103' title='bbox 321 1655 456 1720; x_wconf 90' lang='lat' dir='ltr'>Henrici</span> <span class='ocrx_word' id='word_1_104' title='bbox 482 1663 516 1720; x_wconf 90' lang='lat' dir='ltr'>et</span> <span class='ocrx_word' id='word_1_105' title='bbox 540 1655 580 1720; x_wconf 91' lang='lat' dir='ltr'>de</span> <span class='ocrx_word' id='word_1_106' title='bbox 603 1655 686 1720; x_wconf 89' lang='lat' dir='ltr'>dono</span> <span class='ocrx_word' id='word_1_107' title='bbox 709 1656 795 1742; x_wconf 93' lang='lat' dir='ltr'>quod</span> <span class='ocrx_word' id='word_1_108' title='bbox 816 1656 996 1742; x_wconf 85' lang='lat' dir='ltr'>predictus⁸</span> <span class='ocrx_word' id='word_1_109' title='bbox 1019 1657 1059 1722; x_wconf 91' lang='lat' dir='ltr'>de</span> <span class='ocrx_word' id='word_1_110' title='bbox 1082 1658 1172 1722; x_wconf 90' lang='lat' dir='ltr'>Alba</span> <span class='ocrx_word' id='word_1_111' title='bbox 1191 1657 1308 1722; x_wconf 86' lang='lat' dir='ltr'>Marlia</span> 
     </span>
     <span class='ocr_line' id='line_1_13' title="bbox 200 1758 1306 1845; baseline 0.002 -22"><span class='ocrx_word' id='word_1_112' title='bbox 200 1759 277 1824; x_wconf 83' lang='lat' dir='ltr'>fecit</span> <span class='ocrx_word' id='word_1_113' title='bbox 292 1759 433 1824; x_wconf 88' lang='lat' dir='ltr'>Martinc</span> <span class='ocrx_word' id='word_1_114' title='bbox 449 1759 608 1845; x_wconf 89' lang='lat' dir='ltr'>patrisne</span> <span class='ocrx_word' id='word_1_115' title='bbox 625 1768 664 1824; x_wconf 90' lang='lat' dir='ltr'>ut</span> <span class='ocrx_word' id='word_1_116' title='bbox 684 1759 771 1824; x_wconf 91' lang='lat' dir='ltr'>idem</span> <span class='ocrx_word' id='word_1_117' title='bbox 794 1758 955 1823; x_wconf 88' lang='lat' dir='ltr'>Henrieus</span> <span class='ocrx_word' id='word_1_118' title='bbox 975 1759 1063 1824; x_wconf 91' lang='lat' dir='ltr'>dicit.</span> <span class='ocrx_word' id='word_1_119' title='bbox 1108 1760 1188 1824; x_wconf 87' lang='lat' dir='ltr'>Dies</span> <span class='ocrx_word' id='word_1_120' title='bbox 1210 1761 1306 1825; x_wconf 87' lang='lat' dir='ltr'>datus</span> 
     </span>
     <span class='ocr_line' id='line_1_14' title="bbox 200 1861 1305 1948; baseline 0.003 -22"><span class='ocrx_word' id='word_1_121' title='bbox 200 1870 250 1926; x_wconf 88' lang='lat' dir='ltr'>est</span> <span class='ocrx_word' id='word_1_122' title='bbox 272 1862 319 1926; x_wconf 89' lang='lat' dir='ltr'>eis</span> <span class='ocrx_word' id='word_1_123' title='bbox 336 1885 357 1926; x_wconf 90' lang='lat' dir='ltr'>a</span> <span class='ocrx_word' id='word_1_124' title='bbox 376 1862 428 1928; x_wconf 90' lang='lat' dir='ltr'>die</span> <span class='ocrx_word' id='word_1_125' title='bbox 450 1862 481 1928; x_wconf 87' lang='lat' dir='ltr'>S.</span> <span class='ocrx_word' id='word_1_126' title='bbox 504 1862 599 1927; x_wconf 91' lang='lat' dir='ltr'>Mich.</span> <span class='ocrx_word' id='word_1_127' title='bbox 622 1862 657 1926; x_wconf 88' lang='lat' dir='ltr'>in</span> <span class='ocrx_word' id='word_1_128' title='bbox 679 1886 730 1928; x_wconf 84' lang='lat' dir='ltr'>xv.</span> <span class='ocrx_word' id='word_1_129' title='bbox 753 1861 822 1926; x_wconf 90' lang='lat' dir='ltr'>dies</span> <span class='ocrx_word' id='word_1_130' title='bbox 844 1871 878 1926; x_wconf 90' lang='lat' dir='ltr'>et</span> <span class='ocrx_word' id='word_1_131' title='bbox 901 1861 1033 1926; x_wconf 85' lang='lat' dir='ltr'>interim</span> <span class='ocrx_word' id='word_1_132' title='bbox 1055 1861 1114 1926; x_wconf 86' lang='lat' dir='ltr'>fiet</span> <span class='ocrx_word' id='word_1_133' title='bbox 1136 1863 1305 1948; x_wconf 90' lang='lat' dir='ltr'>inquisicio</span> 
     </span>
     <span class='ocr_line' id='line_1_15' title="bbox 200 1963 1306 2051; baseline 0.004 -23"><span class='ocrx_word' id='word_1_134' title='bbox 200 1964 269 2030; x_wconf 87' lang='lat' dir='ltr'>siue</span> <span class='ocrx_word' id='word_1_135' title='bbox 284 1963 412 2029; x_wconf 89' lang='lat' dir='ltr'>uenerit</span> <span class='ocrx_word' id='word_1_136' title='bbox 427 1965 496 2030; x_wconf 88' lang='lat' dir='ltr'>siue</span> <span class='ocrx_word' id='word_1_137' title='bbox 511 1965 600 2030; x_wconf 79' lang='lat' dir='ltr'>non‘.</span> <span class='ocrx_word' id='word_1_138' title='bbox 638 1965 754 2030; x_wconf 84' lang='lat' dir='ltr'>Postea</span> <span class='ocrx_word' id='word_1_139' title='bbox 766 1965 800 2029; x_wconf 91' lang='lat' dir='ltr'>in</span> <span class='ocrx_word' id='word_1_140' title='bbox 811 1965 920 2030; x_wconf 89' lang='lat' dir='ltr'>reditu</span> <span class='ocrx_word' id='word_1_141' title='bbox 931 1965 1074 2051; x_wconf 91' lang='lat' dir='ltr'>ipsorum</span> <span class='ocrx_word' id='word_1_142' title='bbox 1086 1965 1125 2030; x_wconf 92' lang='lat' dir='ltr'>de</span> <span class='ocrx_word' id='word_1_143' title='bbox 1142 1967 1306 2032; x_wconf 82' lang='lat' dir='ltr'>Oornubia</span> 
     </span>
     <span class='ocr_line' id='line_1_16' title="bbox 199 2066 1357 2153; baseline 0.001 -22"><span class='ocrx_word' id='word_1_144' title='bbox 199 2075 294 2152; x_wconf 88' lang='lat' dir='ltr'>capta</span> <span class='ocrx_word' id='word_1_145' title='bbox 308 2066 371 2131; x_wconf 88' lang='lat' dir='ltr'>fuit</span> <span class='ocrx_word' id='word_1_146' title='bbox 385 2067 492 2131; x_wconf 88' lang='lat' dir='ltr'>iurata</span> <span class='ocrx_word' id='word_1_147' title='bbox 506 2089 611 2132; x_wconf 85' lang='lat' dir='ltr'>coram</span> <span class='ocrx_word' id='word_1_148' title='bbox 627 2067 771 2153; x_wconf 87' lang='lat' dir='ltr'>predicto</span> <span class='ocrx_word' id='word_1_149' title='bbox 786 2067 853 2131; x_wconf 54' lang='lat' dir='ltr'>W!</span> <span class='ocrx_word' id='word_1_150' title='bbox 869 2075 903 2131; x_wconf 90' lang='lat' dir='ltr'>et</span> <span class='ocrx_word' id='word_1_151' title='bbox 918 2067 1011 2132; x_wconf 89' lang='lat' dir='ltr'>sociis</span> <span class='ocrx_word' id='word_1_152' title='bbox 1025 2067 1099 2132; x_wconf 86' lang='lat' dir='ltr'>suis</span> <span class='ocrx_word' id='word_1_153' title='bbox 1137 2069 1159 2134; x_wconf 84' lang='lat' dir='ltr'>J</span> <span class='ocrx_word' id='word_1_154' title='bbox 1162 2078 1305 2134; x_wconf 90' lang='lat' dir='ltr'>uratores</span> <span class='ocrx_word' id='word_1_155' title='bbox 1352 2123 1357 2132; x_wconf 91' lang='lat'><em>.</em></span> 
     </span>
     <span class='ocr_line' id='line_1_17' title="bbox 199 2170 1304 2258; baseline 0.003 -23"><span class='ocrx_word' id='word_1_156' title='bbox 199 2170 312 2236; x_wconf 89' lang='lat' dir='ltr'>dicunt</span> <span class='ocrx_word' id='word_1_157' title='bbox 341 2171 427 2258; x_wconf 85' lang='lat' dir='ltr'>quod</span> <span class='ocrx_word' id='word_1_158' title='bbox 456 2171 502 2236; x_wconf 91' lang='lat' dir='ltr'>ibi</span> <span class='ocrx_word' id='word_1_159' title='bbox 532 2171 595 2236; x_wconf 82' lang='lat' dir='ltr'>fuit</span> <span class='ocrx_word' id='word_1_160' title='bbox 617 2172 757 2258; x_wconf 89' lang='lat' dir='ltr'>quedam</span> <span class='ocrx_word' id='word_1_161' title='bbox 783 2173 908 2258; x_wconf 86' lang='lat' dir='ltr'>capella</span> <span class='ocrx_word' id='word_1_162' title='bbox 929 2181 963 2236; x_wconf 90' lang='lat' dir='ltr'>et</span> <span class='ocrx_word' id='word_1_163' title='bbox 986 2172 1168 2258; x_wconf 79' lang='lat' dir='ltr'>pertinens⁸</span> <span class='ocrx_word' id='word_1_164' title='bbox 1189 2173 1232 2238; x_wconf 82' lang='lat' dir='ltr'>ed</span> <span class='ocrx_word' id='word_1_165' title='bbox 1253 2197 1304 2238; x_wconf 94' lang='lat' dir='ltr'>ec·</span> 
     </span>
     <span class='ocr_line' id='line_1_18' title="bbox 199 2275 1303 2362; baseline 0.001 -21"><span class='ocrx_word' id='word_1_166' title='bbox 199 2276 328 2341; x_wconf 85' lang='lat' dir='ltr'>alesiam</span> <span class='ocrx_word' id='word_1_167' title='bbox 353 2275 455 2362; x_wconf 87' lang='lat' dir='ltr'>ipsius</span> <span class='ocrx_word' id='word_1_168' title='bbox 480 2275 569 2340; x_wconf 92' lang='lat' dir='ltr'>Petri</span> <span class='ocrx_word' id='word_1_169' title='bbox 594 2275 635 2340; x_wconf 93' lang='lat' dir='ltr'>de</span> <span class='ocrx_word' id='word_1_170' title='bbox 661 2275 886 2361; x_wconf 83' lang='lat' dir='ltr'>Whytestana‚</span> <span class='ocrx_word' id='word_1_171' title='bbox 912 2283 946 2338; x_wconf 92' lang='lat' dir='ltr'>et</span> <span class='ocrx_word' id='word_1_172' title='bbox 968 2275 1056 2361; x_wconf 92' lang='lat' dir='ltr'>quod</span> <span class='ocrx_word' id='word_1_173' title='bbox 1078 2275 1164 2340; x_wconf 90' lang='lat' dir='ltr'>idem</span> <span class='ocrx_word' id='word_1_174' title='bbox 1188 2276 1303 2342; x_wconf 91' lang='lat' dir='ltr'>Petrus</span> 
     </span>
    </p>
   </div>
   <div class='ocr_carea' id='block_1_3' title="bbox 198 2377 1304 2565">
    <p class='ocr_par' dir='ltr' id='par_1_3' title="bbox 198 2377 1304 2565">
     <span class='ocr_line' id='line_1_19' title="bbox 199 2377 1304 2464; baseline 0 -20"><span class='ocrx_word' id='word_1_175' title='bbox 199 2379 261 2444; x_wconf 81' lang='lat' dir='ltr'>suit</span> <span class='ocrx_word' id='word_1_176' title='bbox 275 2387 310 2444; x_wconf 92' lang='lat' dir='ltr'>et</span> <span class='ocrx_word' id='word_1_177' title='bbox 325 2378 465 2443; x_wconf 90' lang='lat' dir='ltr'>estinde</span> <span class='ocrx_word' id='word_1_178' title='bbox 480 2377 515 2443; x_wconf 91' lang='lat' dir='ltr'>in</span> <span class='ocrx_word' id='word_1_179' title='bbox 529 2378 648 2444; x_wconf 76' lang='lat' dir='ltr'>neieina</span> <span class='ocrx_word' id='word_1_180' title='bbox 667 2385 701 2442; x_wconf 91' lang='lat' dir='ltr'>et</span> <span class='ocrx_word' id='word_1_181' title='bbox 721 2378 827 2464; x_wconf 79' lang='lat' dir='ltr'>plania</span> <span class='ocrx_word' id='word_1_182' title='bbox 845 2378 903 2442; x_wconf 80' lang='lat' dir='ltr'>illa</span> <span class='ocrx_word' id='word_1_183' title='bbox 925 2385 959 2441; x_wconf 88' lang='lat' dir='ltr'>et</span> <span class='ocrx_word' id='word_1_184' title='bbox 982 2378 1138 2442; x_wconf 85' lang='lat' dir='ltr'>fossatum</span> <span class='ocrx_word' id='word_1_185' title='bbox 1158 2379 1304 2444; x_wconf 87' lang='lat' dir='ltr'>ambiens</span> 
     </span>
     <span class='ocr_line' id='line_1_20' title="bbox 198 2476 1304 2565; baseline -0.001 -21"><span class='ocrx_word' id='word_1_186' title='bbox 198 2478 354 2565; x_wconf 86' lang='lat' dir='ltr'>capellam</span> <span class='ocrx_word' id='word_1_187' title='bbox 379 2478 469 2544; x_wconf 86' lang='lat' dir='ltr'>illam</span> <span class='ocrx_word' id='word_1_188' title='bbox 495 2477 639 2564; x_wconf 82' lang='lat' dir='ltr'>pertinet</span> <span class='ocrx_word' id='word_1_189' title='bbox 660 2477 702 2542; x_wconf 85' lang='lat' dir='ltr'>ad</span> <span class='ocrx_word' id='word_1_190' title='bbox 724 2477 881 2562; x_wconf 86' lang='lat' dir='ltr'>capellam</span> <span class='ocrx_word' id='word_1_191' title='bbox 904 2476 1004 2554; x_wconf 88' lang='lat' dir='ltr'>illam,</span> <span class='ocrx_word' id='word_1_192' title='bbox 1026 2486 1060 2541; x_wconf 91' lang='lat' dir='ltr'>et</span> <span class='ocrx_word' id='word_1_193' title='bbox 1082 2477 1196 2542; x_wconf 87' lang='lat' dir='ltr'>dieunt</span> <span class='ocrx_word' id='word_1_194' title='bbox 1218 2479 1304 2565; x_wconf 90' lang='lat' dir='ltr'>quod</span> 
     </span>
    </p>
   </div>
   <div class='ocr_carea' id='block_1_4' title="bbox 197 2579 1304 3498">
    <p class='ocr_par' dir='ltr' id='par_1_4' title="bbox 197 2579 1304 3498">
     <span class='ocr_line' id='line_1_21' title="bbox 199 2579 1303 2668; baseline 0 -22"><span class='ocrx_word' id='word_1_195' title='bbox 199 2582 286 2646; x_wconf 91' lang='lat' dir='ltr'>idem</span> <span class='ocrx_word' id='word_1_196' title='bbox 301 2581 463 2647; x_wconf 89' lang='lat' dir='ltr'>Henricus</span> <span class='ocrx_word' id='word_1_197' title='bbox 476 2604 654 2668; x_wconf 87' lang='lat' dir='ltr'>numquam</span> <span class='ocrx_word' id='word_1_198' title='bbox 669 2581 733 2645; x_wconf 84' lang='lat' dir='ltr'>fuit</span> <span class='ocrx_word' id='word_1_199' title='bbox 747 2581 823 2645; x_wconf 92' lang='lat' dir='ltr'>inde</span> <span class='ocrx_word' id='word_1_200' title='bbox 838 2580 873 2644; x_wconf 91' lang='lat' dir='ltr'>in</span> <span class='ocrx_word' id='word_1_201' title='bbox 888 2579 1012 2647; x_wconf 77' lang='lat' dir='ltr'>neieina</span> <span class='ocrx_word' id='word_1_202' title='bbox 1058 2581 1181 2646; x_wconf 86' lang='lat' dir='ltr'>Dicunt</span> <span class='ocrx_word' id='word_1_203' title='bbox 1202 2582 1303 2647; x_wconf 86' lang='lat' dir='ltr'>eciam</span> 
     </span>
     <span class='ocr_line' id='line_1_22' title="bbox 198 2685 1303 2773; baseline 0.001 -23"><span class='ocrx_word' id='word_1_204' title='bbox 198 2685 431 2772; x_wconf 88' lang='lat' dir='ltr'>quodquidam</span> <span class='ocrx_word' id='word_1_205' title='bbox 447 2685 561 2750; x_wconf 88' lang='lat' dir='ltr'>boscus</span> <span class='ocrx_word' id='word_1_206' title='bbox 575 2693 610 2750; x_wconf 90' lang='lat' dir='ltr'>et</span> <span class='ocrx_word' id='word_1_207' title='bbox 630 2685 770 2772; x_wconf 90' lang='lat' dir='ltr'>quedam</span> <span class='ocrx_word' id='word_1_208' title='bbox 791 2691 878 2750; x_wconf 83' lang='lat' dir='ltr'>terra</span> <span class='ocrx_word' id='word_1_209' title='bbox 897 2686 1064 2771; x_wconf 89' lang='lat' dir='ltr'>pertinens</span> <span class='ocrx_word' id='word_1_210' title='bbox 1085 2687 1127 2750; x_wconf 88' lang='lat' dir='ltr'>ad</span> <span class='ocrx_word' id='word_1_211' title='bbox 1147 2687 1303 2773; x_wconf 81' lang='lat' dir='ltr'>capellam</span> 
     </span>
     <span class='ocr_line' id='line_1_23' title="bbox 198 2789 1304 2876; baseline 0.001 -22"><span class='ocrx_word' id='word_1_212' title='bbox 198 2789 287 2855; x_wconf 89' lang='lat' dir='ltr'>illam</span> <span class='ocrx_word' id='word_1_213' title='bbox 310 2797 344 2854; x_wconf 91' lang='lat' dir='ltr'>et</span> <span class='ocrx_word' id='word_1_214' title='bbox 365 2789 467 2855; x_wconf 88' lang='lat' dir='ltr'>eciam</span> <span class='ocrx_word' id='word_1_215' title='bbox 488 2789 604 2854; x_wconf 79' lang='lat' dir='ltr'>fraxini</span> <span class='ocrx_word' id='word_1_216' title='bbox 626 2798 805 2854; x_wconf 85' lang='lat' dir='ltr'>crescentes</span> <span class='ocrx_word' id='word_1_217' title='bbox 826 2813 923 2876; x_wconf 91' lang='lat' dir='ltr'>super</span> <span class='ocrx_word' id='word_1_218' title='bbox 945 2791 1101 2855; x_wconf 84' lang='lat' dir='ltr'>fossatum</span> <span class='ocrx_word' id='word_1_219' title='bbox 1122 2791 1205 2855; x_wconf 92' lang='lat' dir='ltr'>illud</span> <span class='ocrx_word' id='word_1_220' title='bbox 1227 2799 1304 2855; x_wconf 92' lang='lat' dir='ltr'>sunt</span> 
     </span>
     <span class='ocr_line' id='line_1_24' title="bbox 199 2892 1302 2979; baseline 0 -21"><span class='ocrx_word' id='word_1_221' title='bbox 199 2893 299 2958; x_wconf 88' lang='lat' dir='ltr'>libera</span> <span class='ocrx_word' id='word_1_222' title='bbox 313 2892 488 2958; x_wconf 86' lang='lat' dir='ltr'>elemosina</span> <span class='ocrx_word' id='word_1_223' title='bbox 502 2892 599 2956; x_wconf 90' lang='lat' dir='ltr'>simul</span> <span class='ocrx_word' id='word_1_224' title='bbox 613 2915 688 2956; x_wconf 89' lang='lat' dir='ltr'>cum</span> <span class='ocrx_word' id='word_1_225' title='bbox 703 2892 808 2978; x_wconf 79' lang='lat' dir='ltr'>plenia</span> <span class='ocrx_word' id='word_1_226' title='bbox 822 2893 879 2958; x_wconf 82' lang='lat' dir='ltr'>ille</span> <span class='ocrx_word' id='word_1_227' title='bbox 893 2893 1059 2979; x_wconf 85' lang='lat' dir='ltr'>pertinens</span> <span class='ocrx_word' id='word_1_228' title='bbox 1078 2893 1120 2958; x_wconf 89' lang='lat' dir='ltr'>ad</span> <span class='ocrx_word' id='word_1_229' title='bbox 1135 2893 1302 2958; x_wconf 88' lang='lat' dir='ltr'>ecclesiam</span> 
     </span>
     <span class='ocr_line' id='line_1_25' title="bbox 198 2986 1303 3082; baseline 0 -22"><span class='ocrx_word' id='word_1_230' title='bbox 198 2994 335 3082; x_wconf 86' lang='lat' dir='ltr'>predicti</span> <span class='ocrx_word' id='word_1_231' title='bbox 364 2993 462 3059; x_wconf 91' lang='lat' dir='ltr'>Petri.</span> <span class='ocrx_word' id='word_1_232' title='bbox 486 2986 550 3058; x_wconf 78' lang='lat' dir='ltr'>&#39;Et</span> <span class='ocrx_word' id='word_1_233' title='bbox 579 2994 652 3058; x_wconf 93' lang='lat' dir='ltr'>ideo</span> <span class='ocrx_word' id='word_1_234' title='bbox 681 2993 918 3059; x_wconf 88' lang='lat' dir='ltr'>consideratum</span> <span class='ocrx_word' id='word_1_235' title='bbox 949 2994 1109 3081; x_wconf 89' lang='lat' dir='ltr'>estquod</span> <span class='ocrx_word' id='word_1_236' title='bbox 1138 2995 1303 3081; x_wconf 86' lang='lat' dir='ltr'>predictus</span> 
     </span>
     <span class='ocr_line' id='line_1_26' title="bbox 198 3096 1302 3185; baseline 0.002 -22"><span class='ocrx_word' id='word_1_237' title='bbox 198 3098 314 3163; x_wconf 90' lang='lat' dir='ltr'>Petrus</span> <span class='ocrx_word' id='word_1_238' title='bbox 343 3097 431 3161; x_wconf 90' lang='lat' dir='ltr'>licite</span> <span class='ocrx_word' id='word_1_239' title='bbox 460 3096 628 3183; x_wconf 80' lang='lat' dir='ltr'>procedat⁷</span> <span class='ocrx_word' id='word_1_240' title='bbox 657 3097 692 3162; x_wconf 92' lang='lat' dir='ltr'>in</span> <span class='ocrx_word' id='word_1_241' title='bbox 721 3097 811 3162; x_wconf 86' lang='lat' dir='ltr'>curia</span> <span class='ocrx_word' id='word_1_242' title='bbox 839 3098 1071 3177; x_wconf 87' lang='lat' dir='ltr'>cristianitatis,</span> <span class='ocrx_word' id='word_1_243' title='bbox 1108 3099 1185 3185; x_wconf 91' lang='lat' dir='ltr'>quia</span> <span class='ocrx_word' id='word_1_244' title='bbox 1221 3099 1302 3165; x_wconf 86' lang='lat' dir='ltr'>illud</span> 
     </span>
     <span class='ocr_line' id='line_1_27' title="bbox 197 3201 1302 3292; baseline 0.004 -27"><span class='ocrx_word' id='word_1_245' title='bbox 197 3201 353 3288; x_wconf 86' lang='lat' dir='ltr'>placitum</span> <span class='ocrx_word' id='word_1_246' title='bbox 369 3224 434 3266; x_wconf 91' lang='lat' dir='ltr'>non</span> <span class='ocrx_word' id='word_1_247' title='bbox 449 3201 592 3287; x_wconf 89' lang='lat' dir='ltr'>pertinet</span> <span class='ocrx_word' id='word_1_248' title='bbox 606 3201 648 3267; x_wconf 86' lang='lat' dir='ltr'>ad</span> <span class='ocrx_word' id='word_1_249' title='bbox 663 3225 810 3267; x_wconf 81' lang='lat' dir='ltr'>coronam</span> <span class='ocrx_word' id='word_1_250' title='bbox 826 3211 861 3268; x_wconf 90' lang='lat' dir='ltr'>et</span> <span class='ocrx_word' id='word_1_251' title='bbox 873 3203 1068 3291; x_wconf 83' lang='lat' dir='ltr'>dignitatem</span> <span class='ocrx_word' id='word_1_252' title='bbox 1083 3204 1177 3268; x_wconf 91' lang='lat' dir='ltr'>Dom.</span> <span class='ocrx_word' id='word_1_253' title='bbox 1194 3204 1302 3292; x_wconf 81' lang='lat' dir='ltr'>Regis,</span> 
     </span>
     <span class='ocr_line' id='line_1_28' title="bbox 198 3305 1301 3396; baseline 0.002 -25"><span class='ocrx_word' id='word_1_254' title='bbox 198 3315 232 3372; x_wconf 91' lang='lat' dir='ltr'>et</span> <span class='ocrx_word' id='word_1_255' title='bbox 252 3305 414 3371; x_wconf 90' lang='lat' dir='ltr'>Henricus</span> <span class='ocrx_word' id='word_1_256' title='bbox 437 3306 473 3370; x_wconf 93' lang='lat' dir='ltr'>in</span> <span class='ocrx_word' id='word_1_257' title='bbox 496 3306 735 3372; x_wconf 82' lang='lat' dir='ltr'>misericordia⁸.</span> <span class='ocrx_word' id='word_1_258' title='bbox 782 3309 825 3372; x_wconf 89' lang='lat' dir='ltr'>Et</span> <span class='ocrx_word' id='word_1_259' title='bbox 848 3309 1014 3373; x_wconf 88' lang='lat' dir='ltr'>sciendum</span> <span class='ocrx_word' id='word_1_260' title='bbox 1036 3309 1122 3396; x_wconf 90' lang='lat' dir='ltr'>quod</span> <span class='ocrx_word' id='word_1_261' title='bbox 1144 3308 1301 3374; x_wconf 89' lang='lat' dir='ltr'>iudicium</span> 
     </span>
     <span class='ocr_line' id='line_1_29' title="bbox 197 3411 946 3498; baseline 0.003 -22"><span class='ocrx_word' id='word_1_262' title='bbox 197 3411 339 3477; x_wconf 87' lang='lat' dir='ltr'>reditum</span> <span class='ocrx_word' id='word_1_263' title='bbox 354 3419 404 3476; x_wconf 87' lang='lat' dir='ltr'>est</span> <span class='ocrx_word' id='word_1_264' title='bbox 420 3421 500 3498; x_wconf 88' lang='lat' dir='ltr'>aput</span> <span class='ocrx_word' id='word_1_265' title='bbox 516 3413 674 3478; x_wconf 86' lang='lat' dir='ltr'>Exoniam</span> <span class='ocrx_word' id='word_1_266' title='bbox 689 3435 784 3498; x_wconf 90' lang='lat' dir='ltr'>prece</span> <span class='ocrx_word' id='word_1_267' title='bbox 800 3413 946 3478; x_wconf 89' lang='lat' dir='ltr'>Henrici.</span> 
     </span>
    </p>
   </div>
   <div class='ocr_carea' id='block_1_5' title="bbox 99 3514 1446 3604">
    <p class='ocr_par' dir='ltr' id='par_1_5' title="bbox 99 3514 1446 3604">
     <span class='ocr_line' id='line_1_30' title="bbox 99 3514 1446 3604; baseline -0.001 -22"><span class='ocrx_word' id='word_1_268' title='bbox 99 3518 147 3578; x_wconf 89' lang='lat'>&#39;.</span> <span class='ocrx_word' id='word_1_269' title='bbox 263 3515 448 3581; x_wconf 84' lang='lat' dir='ltr'>Gilebertus</span> <span class='ocrx_word' id='word_1_270' title='bbox 463 3514 503 3580; x_wconf 89' lang='lat' dir='ltr'>de</span> <span class='ocrx_word' id='word_1_271' title='bbox 520 3515 661 3581; x_wconf 83' lang='lat' dir='ltr'>Suttona</span> <span class='ocrx_word' id='word_1_272' title='bbox 675 3517 874 3582; x_wconf 79' lang='lat' dir='ltr'>attachiatus</span> <span class='ocrx_word' id='word_1_273' title='bbox 894 3518 957 3582; x_wconf 85' lang='lat' dir='ltr'>fuit</span> <span class='ocrx_word' id='word_1_274' title='bbox 979 3518 1020 3582; x_wconf 82' lang='lat' dir='ltr'>ed</span> <span class='ocrx_word' id='word_1_275' title='bbox 1042 3517 1302 3604; x_wconf 87' lang='lat' dir='ltr'>respondendum</span> <span class='ocrx_word' id='word_1_276' title='bbox 1366 3545 1393 3572; x_wconf 83' lang='lat' dir='ltr'>un</span> <span class='ocrx_word' id='word_1_277' title='bbox 1431 3546 1446 3573; x_wconf 76' lang='lat' dir='ltr'>r.</span> 
     </span>
    </p>
   </div>
   <div class='ocr_carea' id='block_1_6' title="bbox 198 3617 1381 3708">
    <p class='ocr_par' dir='ltr' id='par_1_6' title="bbox 198 3617 1381 3708">
     <span class='ocr_line' id='line_1_31' title="bbox 198 3617 1381 3708; baseline 0.001 -24"><span class='ocrx_word' id='word_1_278' title='bbox 198 3619 340 3684; x_wconf 88' lang='lat' dir='ltr'>Roberto</span> <span class='ocrx_word' id='word_1_279' title='bbox 354 3617 395 3683; x_wconf 91' lang='lat' dir='ltr'>de</span> <span class='ocrx_word' id='word_1_280' title='bbox 410 3617 623 3683; x_wconf 85' lang='lat' dir='ltr'>Godefeuldia</span> <span class='ocrx_word' id='word_1_281' title='bbox 637 3628 672 3683; x_wconf 89' lang='lat' dir='ltr'>et</span> <span class='ocrx_word' id='word_1_282' title='bbox 687 3618 842 3685; x_wconf 85' lang='lat' dir='ltr'>Metillidi</span> <span class='ocrx_word' id='word_1_283' title='bbox 856 3621 949 3685; x_wconf 84' lang='lat' dir='ltr'>uxori</span> <span class='ocrx_word' id='word_1_284' title='bbox 964 3621 1034 3686; x_wconf 89' lang='lat' dir='ltr'>eius</span> <span class='ocrx_word' id='word_1_285' title='bbox 1054 3644 1153 3708; x_wconf 86' lang='lat' dir='ltr'>quare</span> <span class='ocrx_word' id='word_1_286' title='bbox 1171 3629 1303 3686; x_wconf 89' lang='lat' dir='ltr'>secutus</span> <span class='ocrx_word' id='word_1_287' title='bbox 1379 3695 1381 3700; x_wconf 23' lang='lat'><strong>¹</strong></span> 
     </span>
    </p>
   </div>
   <div class='ocr_carea' id='block_1_7' title="bbox 196 3722 1303 3915">
    <p class='ocr_par' dir='ltr' id='par_1_7' title="bbox 196 3722 1303 3915">
     <span class='ocr_line' id='line_1_32' title="bbox 196 3722 1302 3812; baseline -0.001 -23"><span class='ocrx_word' id='word_1_288' title='bbox 196 3725 353 3810; x_wconf 84' lang='lat' dir='ltr'>placitum</span> <span class='ocrx_word' id='word_1_289' title='bbox 369 3723 404 3788; x_wconf 93' lang='lat' dir='ltr'>in</span> <span class='ocrx_word' id='word_1_290' title='bbox 424 3722 514 3788; x_wconf 87' lang='lat' dir='ltr'>curia</span> <span class='ocrx_word' id='word_1_291' title='bbox 532 3723 757 3789; x_wconf 79' lang='lat' dir='ltr'>cristianitatis</span> <span class='ocrx_word' id='word_1_292' title='bbox 777 3724 817 3790; x_wconf 91' lang='lat' dir='ltr'>de</span> <span class='ocrx_word' id='word_1_293' title='bbox 840 3726 965 3790; x_wconf 86' lang='lat' dir='ltr'>catallis</span> <span class='ocrx_word' id='word_1_294' title='bbox 987 3725 1130 3812; x_wconf 89' lang='lat' dir='ltr'>ipsorum</span> <span class='ocrx_word' id='word_1_295' title='bbox 1153 3747 1216 3810; x_wconf 92' lang='lat' dir='ltr'>que</span> <span class='ocrx_word' id='word_1_296' title='bbox 1238 3747 1302 3789; x_wconf 89' lang='lat' dir='ltr'>non</span> 
     </span>
     <span class='ocr_line' id='line_1_33' title="bbox 197 3827 1303 3915; baseline -0.002 -22"><span class='ocrx_word' id='word_1_297' title='bbox 197 3837 274 3893; x_wconf 86' lang='lat' dir='ltr'>sunt</span> <span class='ocrx_word' id='word_1_298' title='bbox 289 3827 329 3893; x_wconf 88' lang='lat' dir='ltr'>de</span> <span class='ocrx_word' id='word_1_299' title='bbox 345 3835 542 3892; x_wconf 87' lang='lat' dir='ltr'>testamento</span> <span class='ocrx_word' id='word_1_300' title='bbox 557 3837 668 3892; x_wconf 91' lang='lat' dir='ltr'>contra</span> <span class='ocrx_word' id='word_1_301' title='bbox 683 3835 752 3906; x_wconf 82' lang='lat' dir='ltr'>etc,</span> <span class='ocrx_word' id='word_1_302' title='bbox 767 3837 802 3893; x_wconf 90' lang='lat' dir='ltr'>et</span> <span class='ocrx_word' id='word_1_303' title='bbox 820 3829 905 3893; x_wconf 91' lang='lat' dir='ltr'>unde</span> <span class='ocrx_word' id='word_1_304' title='bbox 926 3829 1074 3915; x_wconf 90' lang='lat' dir='ltr'>queritur</span> <span class='ocrx_word' id='word_1_305' title='bbox 1093 3828 1179 3914; x_wconf 89' lang='lat' dir='ltr'>quod</span> <span class='ocrx_word' id='word_1_306' title='bbox 1200 3827 1303 3892; x_wconf 89' lang='lat' dir='ltr'>trahit</span> 
     </span>
    </p>
   </div>
   <div class='ocr_carea' id='block_1_8' title="bbox 196 4007 1302 4528">
    <p class='ocr_par' dir='ltr' id='par_1_8' title="bbox 196 4007 1302 4528">
     <span class='ocr_line' id='line_1_34' title="bbox 230 4007 898 4074; baseline 0 -17"><span class='ocrx_word' id='word_1_307' title='bbox 230 4007 238 4039; x_wconf 94' lang='lat'>¹</span> <span class='ocrx_word' id='word_1_308' title='bbox 257 4009 327 4058; x_wconf 80' lang='lat' dir='ltr'>Gerr.</span> <span class='ocrx_word' id='word_1_309' title='bbox 339 4011 446 4072; x_wconf 82' lang='lat' dir='ltr'>quodum</span> <span class='ocrx_word' id='word_1_310' title='bbox 458 4007 499 4074; x_wconf 68' lang='lat' dir='ltr'>(t).</span> <span class='ocrx_word' id='word_1_311' title='bbox 775 4012 829 4058; x_wconf 78' lang='lat' dir='ltr'>rinc</span> <span class='ocrx_word' id='word_1_312' title='bbox 840 4024 898 4059; x_wconf 82' lang='lat' dir='ltr'>aon.</span> 
     </span>
     <span class='ocr_line' id='line_1_35' title="bbox 229 4073 1080 4136; baseline 0 -14"><span class='ocrx_word' id='word_1_313' title='bbox 229 4075 240 4106; x_wconf 84' lang='lat'><strong>¹</strong></span> <span class='ocrx_word' id='word_1_314' title='bbox 267 4073 367 4123; x_wconf 83' lang='lat' dir='ltr'>Eodem</span> <span class='ocrx_word' id='word_1_315' title='bbox 395 4089 466 4124; x_wconf 86' lang='lat' dir='ltr'>anno</span> <span class='ocrx_word' id='word_1_316' title='bbox 502 4075 586 4136; x_wconf 81' lang='lat'>(1233)</span> <span class='ocrx_word' id='word_1_317' title='bbox 618 4074 724 4124; x_wconf 83' lang='lat' dir='ltr'>fuerunt</span> <span class='ocrx_word' id='word_1_318' title='bbox 807 4073 952 4124; x_wconf 72' lang='lat' dir='ltr'>³William</span> <span class='ocrx_word' id='word_1_319' title='bbox 963 4073 1080 4136; x_wconf 81' lang='lat' dir='ltr'>Bcleigh.</span> 
     </span>
     <span class='ocr_line' id='line_1_36' title="bbox 197 4138 1100 4202; baseline 0 -14"><span class='ocrx_word' id='word_1_320' title='bbox 197 4138 349 4190; x_wconf 83' lang='lat' dir='ltr'>itinerantes</span> <span class='ocrx_word' id='word_1_321' title='bbox 371 4139 507 4188; x_wconf 90' lang='lat' dir='ltr'>iusticiarii</span> <span class='ocrx_word' id='word_1_322' title='bbox 529 4139 557 4188; x_wconf 92' lang='lat' dir='ltr'>in</span> <span class='ocrx_word' id='word_1_323' title='bbox 578 4139 722 4198; x_wconf 80' lang='lat' dir='ltr'>Gornubia;</span> <span class='ocrx_word' id='word_1_324' title='bbox 806 4138 961 4202; x_wconf 74' lang='lat' dir='ltr'>‘pertinens</span> <span class='ocrx_word' id='word_1_325' title='bbox 973 4139 1100 4202; x_wconf 86' lang='lat' dir='ltr'>repeated.</span> 
     </span>
     <span class='ocr_line' id='line_1_37' title="bbox 196 4203 1302 4332; baseline 0.001 -14"><span class='ocrx_word' id='word_1_326' title='bbox 196 4203 635 4332; x_wconf 58' lang='lat' dir='ltr'>rigemureutrtttu</span> <span class='ocrx_word' id='word_1_327' title='bbox 653 4205 722 4266; x_wconf 71' lang='lat'>‘¹¹⁸⁰&#39;</span> <span class='ocrx_word' id='word_1_328' title='bbox 805 4205 1302 4332; x_wconf 47' lang='lat' dir='ltr'>{etnuturttfflamr</span> 
     </span>
     <span class='ocr_line' id='line_1_38' title="bbox 228 4333 1302 4398; baseline 0 -14"><span class='ocrx_word' id='word_1_329' title='bbox 228 4333 499 4398; x_wconf 76' lang='lat' dir='ltr'>³Supplyaoterae.</span> <span class='ocrx_word' id='word_1_330' title='bbox 774 4333 827 4384; x_wconf 87' lang='lat' dir='ltr'>suit</span> <span class='ocrx_word' id='word_1_331' title='bbox 849 4333 974 4396; x_wconf 79' lang='lat' dir='ltr'>touching</span> <span class='ocrx_word' id='word_1_332' title='bbox 996 4349 1012 4384; x_wconf 90' lang='lat' dir='ltr'>a</span> <span class='ocrx_word' id='word_1_333' title='bbox 1034 4333 1204 4396; x_wconf 79' lang='lat' dir='ltr'>chnrchyard.</span> <span class='ocrx_word' id='word_1_334' title='bbox 1238 4336 1302 4384; x_wconf 77' lang='lat' dir='ltr'>This</span> 
     </span>
     <span class='ocr_line' id='line_1_39' title="bbox 228 4398 1144 4462; baseline 0 -14"><span class='ocrx_word' id='word_1_335' title='bbox 228 4399 370 4462; x_wconf 82' lang='lat' dir='ltr'>⁴Perhaps</span> <span class='ocrx_word' id='word_1_336' title='bbox 381 4413 417 4449; x_wconf 77' lang='lat' dir='ltr'>aa</span> <span class='ocrx_word' id='word_1_337' title='bbox 429 4399 523 4450; x_wconf 77' lang='lat' dir='ltr'>should</span> <span class='ocrx_word' id='word_1_338' title='bbox 534 4398 595 4450; x_wconf 85' lang='lat' dir='ltr'>read</span> <span class='ocrx_word' id='word_1_339' title='bbox 606 4407 630 4450; x_wconf 83' lang='lat' dir='ltr'>et</span> <span class='ocrx_word' id='word_1_340' title='bbox 644 4402 722 4449; x_wconf 74' lang='lat' dir='ltr'>iater-</span> <span class='ocrx_word' id='word_1_341' title='bbox 773 4399 797 4448; x_wconf 91' lang='lat' dir='ltr'>is</span> <span class='ocrx_word' id='word_1_342' title='bbox 808 4403 855 4449; x_wconf 91' lang='lat' dir='ltr'>not</span> <span class='ocrx_word' id='word_1_343' title='bbox 867 4399 908 4462; x_wconf 88' lang='lat' dir='ltr'>la5</span> <span class='ocrx_word' id='word_1_344' title='bbox 919 4399 967 4448; x_wconf 79' lang='lat' dir='ltr'>see.</span> <span class='ocrx_word' id='word_1_345' title='bbox 1000 4399 1044 4448; x_wconf 81' lang='lat' dir='ltr'>ar.</span> <span class='ocrx_word' id='word_1_346' title='bbox 1057 4400 1075 4448; x_wconf 81' lang='lat' dir='ltr'>t.</span> <span class='ocrx_word' id='word_1_347' title='bbox 1088 4401 1144 4450; x_wconf 78' lang='lat'>407.</span> 
     </span>
     <span class='ocr_line' id='line_1_40' title="bbox 196 4466 723 4528; baseline -0.002 -15"><span class='ocrx_word' id='word_1_348' title='bbox 196 4467 228 4513; x_wconf 80' lang='lat' dir='ltr'>im</span> <span class='ocrx_word' id='word_1_349' title='bbox 241 4473 287 4514; x_wconf 79' lang='lat' dir='ltr'>etc.</span> <span class='ocrx_word' id='word_1_350' title='bbox 299 4473 323 4515; x_wconf 76' lang='lat' dir='ltr'>et</span> <span class='ocrx_word' id='word_1_351' title='bbox 334 4466 387 4528; x_wconf 77' lang='lat' dir='ltr'>stet</span> <span class='ocrx_word' id='word_1_352' title='bbox 398 4467 536 4527; x_wconf 73' lang='lat' dir='ltr'>inquisitio</span> <span class='ocrx_word' id='word_1_353' title='bbox 544 4467 598 4514; x_wconf 83' lang='lat' dir='ltr'>rr&#39;ue</span> <span class='ocrx_word' id='word_1_354' title='bbox 607 4467 723 4514; x_wconf 75' lang='lat' dir='ltr'>uenerint</span> 
     </span>
    </p>
   </div>
   <div class='ocr_carea' id='block_1_9' title="bbox 286 4563 1214 4630">
    <p class='ocr_par' dir='ltr' id='par_1_9' title="bbox 286 4563 1214 4630">
     <span class='ocr_line' id='line_1_41' title="bbox 286 4563 1214 4630; baseline 0.002 -4"><span class='ocrx_word' id='word_1_355' title='bbox 286 4579 321 4628; x_wconf 85' lang='lat' dir='ltr'>u.</span> <span class='ocrx_word' id='word_1_356' title='bbox 1173 4563 1214 4630; x_wconf 79' lang='lat'>:37</span> 
     </span>
    </p>
   </div>
   <div class='ocr_carea' id='block_1_10' title="bbox 0 0 1684 5236">
    <p class='ocr_par' dir='ltr' id='par_1_10' title="bbox 0 0 1684 5236">
     <span class='ocr_line' id='line_1_42' title="bbox 0 0 1684 5236; baseline 0 1"><span class='ocrx_word' id='word_1_357' title='bbox 0 0 1684 5236; x_wconf 95' lang='lat' dir='ltr'> </span> 
     </span>
    </p>
   </div>
  </div>
 </body>
</html>
