3212 5230
360 457 422 522 296
568 465 802 528 meruimus,
824 463 890 513 ιι).
915 450 1008 526 1229,
1030 463 1093 513 ιιι.
1118 449 1254 514 13-14.

360 638 466 706 uends
486 647 520 704 et
539 637 581 704 ad
600 635 870 724 supplicacionem
886 635 989 721 ipsius
1004 635 1154 724 Hugonis
1167 635 1372 700 confirmauit
1392 657 1467 721 pre·

359 743 465 808 dictus
480 739 657 827 Episcopus
671 738 792 803 donum
813 737 895 802 illud
912 737 961 801 its
975 737 1062 823 quod
1081 745 1154 823 post
1172 736 1339 802 decessum
1360 737 1468 823 ipsius

358 845 430 910 Ade
446 844 560 910 eedem
581 841 739 929 capellat¹
755 839 876 905 rediret
893 839 936 904 ed
954 839 1120 905 ecclesiam
1142 839 1184 904 de
1199 840 1341 906 Grchem
1361 841 1470 905 libera

358 955 393 1012 et
407 946 526 1034 quiete
571 945 615 1010 Et
630 943 755 1009 desicut
769 941 894 1028 capelle
906 941 964 1006 ille
978 963 1043 1006 non
1057 949 1108 1007 est
1127 963 1245 1007 uacans
1265 965 1324 1008 nec
1346 943 1469 1008 uicer’⁸

358 1059 393 1116 ct
414 1050 540 1116 desicut
561 1049 630 1136 ipse
652 1057 703 1113 est
724 1047 759 1112 in
781 1044 978 1132 possessione
1000 1043 1058 1131 iiij.
1073 1045 1127 1110 sol.
1148 1046 1277 1112 nomine
1300 1046 1468 1132 pensionis

357 1155 442 1242 petit
456 1153 612 1220 iudicium
628 1151 655 1218 si
670 1151 790 1216 debeat
803 1149 845 1214 ed
865 1149 925 1214 hoc
939 1149 1039 1215 breue
1057 1150 1248 1237 respondere
1268 1161 1303 1216 et
1322 1159 1410 1216 certe
1433 1150 1467 1216 ei

357 1280 422 1322 non
437 1256 557 1322 debent
572 1276 686 1320 nocere
695 1253 715 1319 ⁸.

424 1362 467 1426 Et
496 1359 657 1426 Gerendus
693 1356 773 1422 dicit
802 1355 926 1442 capelle
955 1377 1053 1442 quem
1081 1356 1151 1442 ipse
1180 1361 1276 1420 uocet
1304 1357 1468 1442 capellam

357 1464 476 1530 matrix
491 1462 625 1529 ecclesie
639 1469 689 1526 est
709 1468 744 1526 et
763 1459 864 1525 hebet
878 1458 1032 1546 quicquid
1051 1457 1169 1523 matrix
1192 1457 1326 1523 ecclesis
1343 1459 1467 1524 hebere

357 1569 455 1634 debet
485 1566 561 1654 quie
592 1571 669 1630 ente
702 1573 833 1649 tempus
870 1561 1020 1649 Episcopi
1056 1562 1206 1649 Hugonis
1241 1570 1277 1626 et
1312 1563 1468 1649 Episcopi

357 1671 496 1736 Wolteri
524 1671 588 1735 fuit
617 1669 748 1756 quidam
779 1667 853 1732 Ada
880 1689 1016 1754 persone
1044 1667 1085 1732 de
1115 1665 1229 1731 eedem
1258 1667 1392 1731 ecclesie
1421 1667 1467 1731 de

356 1776 441 1841 dono
462 1775 558 1840 electi
580 1775 678 1840 Galff
1037 1771 1048 1802 ⁴
1070 1771 1197 1836 concilii
1223 1780 1257 1835 et
1280 1771 1363 1836 obiit
1384 1771 1466 1836 inde

356 1901 492 1964 persona
515 1885 549 1943 et
572 1899 630 1962 pro
654 1875 801 1940 habende
826 1872 1037 1960 inquisicione
1064 1873 1159 1938 offert
1180 1873 1311 1938 domino
1334 1873 1419 1960 Regi
1438 1874 1465 1958 j.

358 2003 452 2045 meru.

422 2085 466 2148 Et
495 2084 573 2170 quis
593 2084 777 2149 Willelmus
806 2081 1023 2148 summonitus
1047 2081 1111 2146 fuit
1136 2080 1178 2146 ad
1203 2081 1467 2167 respondendum

357 2187 464 2252 cidem
487 2187 627 2252 Gererdo
650 2209 749 2274 quere
771 2209 836 2251 non
858 2185 1006 2273 permisit
1027 2209 1103 2251 eum
1129 2195 1313 2272 presentans
1336 2196 1372 2252 et
1394 2187 1468 2273 ipse

357 2290 437 2355 setis
457 2290 654 2355 sufficienter
674 2289 817 2354 ostendit
834 2289 920 2376 quod
943 2289 1012 2375 ipse
1034 2289 1119 2354 iuste
1140 2290 1267 2376 inpedit
1290 2314 1366 2355 eum
1387 2291 1471 2377 quin

358 2393 596 2480 predecessores
618 2393 669 2458 sui
692 2400 963 2478 presentoucrunt
991 2393 1174 2478 predictum
1199 2391 1306 2456 Adam
1335 2393 1392 2480 qui
1422 2393 1469 2459 sd

359 2498 501 2584 ipsorum
516 2498 791 2584 presentationem
806 2496 965 2562 edmissus
985 2496 1048 2560 suit
1068 2505 1102 2561 et
1122 2495 1285 2583 predictus
1300 2497 1468 2564 Gernrdus

359 2600 459 2665 nichil
481 2601 515 2665 in
537 2599 734 2669 contrarium
757 2599 907 2678 ostendit,
931 2599 1178 2666 Considerstum
1207 2609 1258 2666 est
1283 2601 1368 2688 quod
1399 2603 1468 2667 Ge·

360 2703 472 2768 rsrdus
497 2703 596 2768 nichil
618 2701 707 2788 cepit
732 2723 791 2787 per
813 2703 912 2768 breue
935 2703 1024 2768 istud
1049 2713 1100 2769 set
1123 2705 1166 2769 sit
1189 2704 1223 2768 in
1246 2704 1470 2770 misericordia

360 2827 418 2892 pm
432 2805 511 2870 salso
526 2805 663 2869 clamore
679 2812 714 2868 et
728 2805 893 2890 perquiret
908 2805 970 2870 sibi
984 2827 1043 2892 per
1057 2805 1146 2872 eliud
1160 2807 1259 2873 breue
1274 2805 1303 2871 si
1314 2807 1467 2884 uoluerit,

358 2920 393 2976 et
407 2910 597 2975 mandatum
618 2916 669 2974 est
691 2909 850 2995 Episcopo
870 2910 1087 2976 Lincolniensi
1102 2912 1187 2998 qnod
1208 2910 1243 2976 id
1260 2911 1347 2998 quod
1365 2935 1466 2976 suum

358 3013 457 3078 fuerit
471 3012 505 3076 in
521 3012 581 3076 hec
595 3020 688 3098 perte
703 3021 884 3098 exequatur
898 3035 962 3078 non
977 3015 1127 3080 obstante
1146 3015 1375 3080 reclamacione
1390 3037 1466 3102 pre·

358 3119 454 3183 dictu

238 3242 310 3304 353,
424 3221 607 3286 Willelmus
632 3221 735 3286 Dinss
764 3221 849 3308 petit
877 3245 989 3288 uersus
1018 3222 1202 3288 Johsnnem
1231 3224 1334 3288 Dinss
1363 3245 1466 3288 unam

221 3342 330 3384 nosen
359 3324 475 3410 uirgct.
506 3333 590 3390 terre
620 3347 694 3390 oum
724 3335 805 3412 pert.
835 3326 870 3392 in
900 3326 1057 3392 Miurines
1086 3335 1124 3390 ut
1157 3324 1208 3391 ius
1243 3349 1339 3392 suum
1376 3327 1467 3392 unde

360 3427 516 3492 Ricardus
546 3427 657 3514 Dynas
686 3437 780 3514 peter
808 3451 886 3494 suus
912 3429 975 3494 fuit
1004 3429 1133 3496 seisitus
1162 3431 1196 3494 in
1223 3431 1383 3497 dominico
1404 3455 1466 3498 suo

359 3540 504 3616 tempore
527 3531 626 3618 Regis
647 3533 854 3620 desipiendo
875 3533 951 3599 inde
972 3543 1031 3600 etc.
1047 3543 1082 3600 et
1100 3535 1141 3601 de
1160 3535 1306 3622 predicto
1325 3537 1466 3603 Ricardo

359 3633 525 3698 descendit
542 3633 594 3698 ius
613 3643 698 3700 terre
715 3635 803 3701 illius
823 3636 879 3701 isti
893 3637 1057 3702 Willelmo
1074 3646 1113 3702 ut
1127 3639 1193 3703 filio
1215 3647 1250 3706 et
1272 3639 1383 3704 heredi
1405 3664 1467 3706 suo

359 3745 420 3802 etc.
436 3745 470 3801 et
485 3736 570 3822 quod
585 3738 651 3802 tale
666 3738 710 3802 sit
724 3739 775 3803 ius
790 3763 885 3805 suum
900 3741 994 3806 offert
1009 3750 1069 3808 eto.

426 3841 470 3904 Et
484 3841 507 3906 J
508 3841 650 3906 ohannes
664 3843 758 3907 uenit
773 3852 807 3908 et
822 3843 901 3908 dicit
916 3845 1002 3931 quod
1021 3867 1086 3910 non
1100 3846 1198 3913 debet
1220 3848 1252 3912 ei
1271 3848 1465 3936 respondere

360 3945 438 4032 quis
452 3955 501 4011 est
516 3948 615 4011 freter
628 3969 706 4012 suus
721 3947 761 4014 de
776 3947 888 4014 eodem
904 3958 997 4037 patre
1011 3950 1188 4038 eodemque
1203 3961 1306 4017 matre
1327 3960 1362 4018 et
1376 3951 1466 4039 quod

393 4161 609 4277 :terrim
634 4225 725 4291 om
840 4226 885 4278 n
938 4162 1466 4293 tererestereres

360 4292 477 4354 vicsrsge
488 4291 590 4342 thereos
600 4291 639 4357 (r).
937 4308 990 4344 was
1002 4308 1079 4344 never
1086 4293 1260 4345 consecrated.
1295 4293 1411 4359 Perhaps
1419 4296 1466 4346 the

393 4357 404 4390 ³
420 4357 504 4408 These
514 4357 553 4406 six
564 4357 616 4408 lest
628 4357 711 4408 words
722 4373 790 4408 seem
803 4361 849 4408 out
860 4359 889 4408 of
937 4359 1046 4410 omitted
1057 4357 1141 4408 words
1152 4375 1215 4410 were
1229 4375 1276 4423 per
1287 4363 1466 4411 auctoritatem

361 4423 434 4536 plspe
451 4423 504 4473 and
523 4436 585 4486 may
599 4423 630 4474 bs
646 4427 705 4487 pert
721 4423 750 4473 os
765 4423 886 4474 Gerurd's
936 4426 1123 4476 Latercnenris.

361 4503 405 4551 rep
415 4503 439 4551 y.
