3276 5234
333 412 395 478 262
628 426 769 487 mmnr,
792 426 856 474 nn.
882 413 975 488 1229,
998 427 1062 478 nn.
1087 413 1137 476 13.

397 594 441 658 Et
478 593 680 660 Thurstanus
716 595 809 660 uenit
845 604 880 660 et
912 594 993 660 dicit
1022 593 1108 680 quod
1137 594 1225 660 idem
1255 593 1439 658 Willelmus

331 719 498 782 nunquam
520 696 597 762 inde
618 697 770 762 seisincm
792 697 918 775 habuit,
941 707 992 764 set
1021 720 1135 762 reuera
1163 697 1295 783 quidam
1326 697 1438 762 Simon

331 799 417 865 filius
432 800 568 866 Roberti
582 800 623 865 de
639 801 797 888 Olcstorp’
813 802 871 888 qui
888 801 1017 867 dioebct
1037 823 1071 866 se
1091 801 1209 867 habere
1227 801 1279 866 ius
1300 801 1335 866 in
1353 809 1440 866 terra

330 905 395 982 illa,
410 904 501 970 dedit
519 905 570 970 ius
591 891 687 970 suum
708 905 814 971 eidem
829 907 993 971 Willelmo
1013 913 1048 970 et
1066 929 1124 992 per
1145 915 1267 972 cartam
1289 928 1381 970 suom
1403 914 1439 969 et

330 1017 443 1094 postea
457 1009 586 1096 quondo
600 1010 785 1076 Willelmus
800 1009 886 1076 filius
902 1009 1039 1075 Walteri
1054 1010 1203 1095 quietum
1218 1009 1372 1074 clamauit
1386 1009 1439 1073 ius

330 1135 426 1177 suum
438 1113 603 1178 Willelmo
617 1113 658 1178 do
670 1113 759 1178 Diua
770 1113 911 1178 reddidit
923 1122 1045 1179 certem
1056 1113 1147 1177 illam
1158 1112 1264 1178 eidem
1274 1112 1439 1178 Willelmo

331 1217 372 1282 de
387 1217 476 1282 Diuo
490 1225 524 1281 et
539 1217 660 1303 profert
676 1217 811 1282 eandem
827 1226 957 1283 certem.

397 1321 441 1384 Et
462 1320 646 1386 Willelmus
668 1319 754 1384 iilius
771 1320 910 1385 Wolteri
927 1321 1011 1385 bene
1033 1320 1196 1407 cognoscit
1216 1320 1302 1406 quod
1325 1320 1438 1386 Simon

330 1425 418 1489 filius
432 1425 567 1490 Roberti
581 1425 673 1490 dedit
688 1425 719 1489 ei
739 1433 859 1490 terram
880 1425 970 1490 illam
990 1433 1025 1488 et
1042 1423 1224 1510 dicitquod
1242 1447 1301 1510 per
1317 1424 1439 1489 donum

330 1527 411 1592 illud
438 1527 501 1592 fuit
522 1528 591 1614 ipse
614 1527 648 1592 in
671 1527 790 1594 seisina
814 1529 880 1596 fere
904 1550 962 1613 per
987 1549 1090 1592 unum
1114 1549 1246 1603 annum,
1269 1535 1303 1592 et
1326 1535 1441 1613 postea

332 1627 467 1692 tmdidit
481 1626 617 1694 eandem
638 1635 757 1692 tenum
775 1627 964 1692 adfirmem
985 1626 1130 1712 predicto
1151 1626 1276 1692 Simoni
1295 1625 1336 1690 de
1350 1626 1441 1691 Diua

330 1730 508 1795 secundum
537 1729 624 1816 quod
659 1730 841 1821 predictum
879 1738 937 1808 est,
967 1739 1002 1794 ct
1035 1731 1156 1816 profert
1185 1737 1307 1795 cartem
1337 1719 1439 1816 ipsius

331 1833 472 1900 Simonis
497 1833 539 1899 de
561 1833 645 1900 dono
666 1835 728 1900 sub
750 1834 864 1902 eodem
886 1836 988 1899 formo
1009 1835 1044 1899 in
1066 1835 1205 1900 testibus
1227 1843 1262 1900 et
1283 1834 1356 1900 eliis
1376 1835 1439 1900 sub

331 1959 396 2022 quc
410 1944 500 2002 curte
513 1936 615 2022 ipsius
630 1937 807 2007 Thumtani
821 1939 988 2024 profertur.

396 2041 515 2106 Postea
535 2041 699 2128 cognoscit
720 2042 905 2110 Willelmus
927 2042 1014 2129 quod
1035 2041 1185 2108 uendidit
1207 2051 1326 2108 terrem
1348 2042 1438 2107 illam

332 2142 458 2208 Simoni
480 2142 521 2208 (16
543 2142 642 2220 Diuo,
663 2151 714 2210 set
741 2143 854 2212 Simon
876 2167 941 2214 non
964 2143 1106 2210 reddidit
1131 2145 1163 2210 ei
1187 2143 1335 2210 denarios
1360 2168 1440 2231 quos

333 2245 364 2310 ei
378 2245 493 2311 debuit
508 2245 633 2310 dedisse
653 2269 711 2331 pro
729 2254 822 2316 tens.
868 2247 913 2312 Et
932 2247 1006 2312 ideo
1028 2247 1265 2314 consideratum
1287 2246 1440 2333 estquod

329 2350 532 2414 Thurstenus
554 2348 629 2415 inde
650 2351 781 2437 quietus
802 2360 838 2418 et
853 2351 1037 2422 Willelmus
1058 2353 1093 2417 in
1115 2353 1340 2418 misericordis
1356 2375 1437 2439 pau-

329 2475 388 2538 per
401 2461 459 2546 est.

396 2556 600 2622 ¹Willelmus
621 2557 707 2624 filius
730 2559 918 2638 Gilcberti²,
934 2559 1097 2626 Henricus
1112 2561 1212 2626 irater
1233 2560 1378 2626 eiusdem
1401 2567 1438 2625 et

235 2685 250 2712 ¹1
330 2660 496 2726 Johennes
522 2659 562 2726 de
588 2661 716 2726 Lodues
744 2663 917 2730 attechieti
946 2665 1079 2728 fuerunt
1107 2663 1149 2729 od
1178 2663 1438 2750 respondendum

332 2787 430 2850 quare
445 2773 601 2850 ceperunt
618 2766 797 2834 Robertum
817 2767 822 2853 Ι
842 2768 884 2838 (16
905 2769 1006 2833 Lonn'
1029 2777 1063 2833 et
1085 2769 1260 2834 Ricardum
1282 2768 1323 2833 de
1338 2768 1440 2833 Aule-

332 2869 411 2933 uillo
447 2869 593 2934 homines
623 2870 758 2936 Henrici
787 2870 828 2940 de
858 2872 982 2942 Coham
1012 2873 1093 2945 ciuis
1123 2872 1288 2938 Londonie
1322 2881 1357 2937 et
1385 2895 1440 2938 eos

329 2971 613 3058 inprisonouerunt
636 2985 748 3040 contra
769 2998 882 3061 paoem
905 2977 999 3042 Dom.
1021 2977 1129 3064 Regis,
1152 2985 1187 3042 et
1208 2983 1320 3042 contra
1341 2976 1437 3041 liber·

330 3085 416 3141 tutes
438 3077 584 3143 ciuitatis
605 3079 771 3145 Londonie
793 3081 880 3150 unde
902 3082 990 3150 idem
1012 3083 1174 3148 Henricus
1204 3081 1330 3168 querit¹
1351 3080 1439 3167 quod

329 3201 387 3263 per
413 3179 595 3265 ceptionem
625 3181 715 3250 illam
745 3191 779 3248 et
809 3183 1122 3274 inprisonamentum
1147 3184 1230 3249 illud
1259 3184 1438 3249 amiserunt

331 3281 477 3347 homines
499 3283 549 3348 sui
571 3283 612 3352 de
635 3287 760 3352 catellis
786 3288 853 3352 suis
878 3311 938 3374 per
966 3289 1052 3375 quod
1081 3289 1295 3357 deterioratus
1323 3297 1373 3354 est
1402 3297 1439 3353 et

241 3449 244 3455 ,
330 3385 508 3470 dompnum
523 3387 622 3452 habet
637 3389 679 3453 ed
693 3390 873 3460 ualeuciem
888 3393 932 3462 xl.
946 3415 1134 3460 marcarum.

396 3489 439 3552 Et
460 3489 644 3558 Willelmus
665 3491 832 3560 Johennes
854 3497 1016 3562 Henricus
1037 3505 1208 3566 uenerunt.
1254 3497 1298 3561 Et
1319 3496 1437 3582 supcr‘

330 3591 432 3670 uenit,
450 3591 572 3658 scilicet
592 3595 771 3664 Nicholous
788 3599 829 3664 dc
850 3599 1016 3666 Maroham
1031 3600 1172 3670 bellinus
1188 3600 1229 3664 de
1252 3600 1438 3665 (16666661ὅ

330 3703 365 3759 et
385 3696 470 3781 petit
490 3697 612 3763 curiam
632 3699 710 3764 uille
731 3700 772 3765 de
798 3702 973 3780 Gernesm’,
987 3711 1022 3768 ct
1040 3703 1120 3770 dicit-
1144 3703 1231 3790 quod
1252 3703 1438 3769 Willelmus

330 3809 365 3864 ct
386 3801 443 3865 clii
465 3825 530 3866 non
551 3802 671 3870 debent
694 3827 753 3870 nec
773 3817 909 3892 possunt
931 3807 983 3873 hic
1003 3809 1167 3895 placitare,
1189 3809 1266 3895 quia
1287 3807 1438 3874 dominus

330 3903 400 3968 Rex
430 3905 460 3970 J.
491 3907 647 3972 concessit
676 3909 722 3973 eis
751 3933 810 3996 per
838 3913 981 3976 cartam⁸
1009 3912 1096 3998 quod
1125 3913 1234 3977 nullus
1270 3912 1365 3976 homo
1394 3910 1436 3974 de

329 4005 493 4071 Gemesm’
509 4009 644 4094 placitet
662 4019 754 4076 extre
771 4014 912 4100 burgum
930 4013 970 4079 de
986 4015 1151 4080 Gemesm’
1166 4015 1207 4079 de
1230 4015 1296 4080 ullo
1317 4013 1437 4100 placito

328 4119 436 4196 preter
450 4113 607 4198 placitum
623 4113 664 4179 de
679 4115 803 4180 tenuris
818 4117 1038 4186 exterioribus.

458 4315 467 4348 ¹
484 4317 515 4365 A.
527 4331 562 4369 m.
576 4319 600 4368 6.
1003 4319 1013 4351 ⁴
1030 4319 1129 4384 Supply
1141 4321 1194 4369 hoc.

458 4381 469 4412 ²¹
487 4385 621 4442 Geretertt
633 4383 663 4433 A.
1003 4385 1014 4416 ³
1031 4385 1182 4435 Ysrmouth.

458 4447 469 4478 ³
486 4448 556 4498 Oorr.
569 4452 690 4512 queritur,
704 4450 734 4499 A.
1005 4449 1016 4482 ⁶
1032 4451 1091 4501 Rot.
1105 4451 1176 4501 Gert.
1190 4451 1236 4502 175
1248 4450 1272 4500 b.
