3308 5226
483 465 625 526 mmm,
648 463 714 515 nn.
738 450 831 524 1234,
854 463 917 514 nn.
943 452 992 515 18.
1221 453 1283 516 645
1340 449 1345 456 '

175 642 306 729 profert,
321 648 356 706 et
371 661 434 726 que
450 646 591 704 testetur
605 636 691 723 quod
707 636 862 702 concessit
878 645 912 702 et
927 636 1019 702 dedit
1034 645 1069 702 et
1080 637 1285 704 confirmauit

175 746 236 812 deo
251 753 286 812 ot
301 743 434 810 ecclesie
456 744 488 809 S.
504 742 606 808 Mario
628 741 669 806 de
690 741 869 806 Kerebroc¹
889 749 924 808 et
944 742 1097 806 frutribus
1117 742 1285 828 hospitalis

175 849 363 936 homagium
378 847 539 912 Bumardi
554 845 668 910 Madet
682 853 716 910 et
731 843 918 911 cenidum*
933 845 1019 931 quod
1034 846 1065 910 ei
1080 845 1194 911 debuit
1210 869 1284 912 cum

174 949 380 1020 tenemento⁸
394 933 500 1016 tocius
514 949 695 1015 tenementi
710 950 797 1036 quod
811 950 852 1014 de
867 973 905 1016 eo
918 951 1025 1016 tenuit
1036 951 1071 1016 in
1082 951 1285 1037 Wygenhnle

174 1056 262 1144 quod
297 1062 434 1120 uocetur
470 1053 726 1140 Suellingesdale
760 1062 795 1119 et
824 1054 912 1140 quod
939 1054 1025 1120 iacet
1053 1054 1141 1120 inter
1169 1053 1286 1120 terras⁴

174 1162 306 1228 diuisas.

241 1265 285 1329 Et
309 1263 471 1328 Robertus
499 1261 592 1327 uenit
617 1269 652 1326 et
677 1261 758 1326 dicit
784 1259 870 1347 quod
896 1260 1028 1326 uidetur
1053 1261 1084 1326 ei
1109 1262 1195 1348 quod
1221 1285 1286 1328 non

175 1369 275 1436 debet
303 1366 510 1432 warentizare
540 1375 659 1430 terrum
690 1365 779 1429 illem
810 1365 846 1428 in
875 1363 1035 1428 dominico
1064 1364 1190 1430 desicut
1216 1367 1285 1452 ipse

174 1473 275 1538 nichil
291 1470 407 1536 habuit
421 1470 485 1535 nisi
504 1469 702 1556 homagium,
717 1478 752 1534 et
770 1468 851 1532 dicit
872 1468 958 1554 quod
979 1491 1146 1555 nunquam
1169 1470 1287 1536 habuit

175 1575 299 1662 aliquid
313 1574 389 1640 inde
404 1575 439 1639 in
454 1574 623 1651 dominico,
638 1573 715 1658 quio
730 1571 820 1638 Lena
838 1580 944 1638 mater
963 1573 1064 1658 ipsius
1084 1573 1174 1638 illam
1195 1575 1286 1641 dedit

175 1679 210 1746 in
225 1678 434 1765 maritagium
452 1700 526 1742 cum
547 1677 618 1762 ipse
639 1677 760 1742 Oecilia
779 1677 924 1764 predicto
944 1677 1057 1754 Aluno,
1073 1686 1108 1742 et
1127 1700 1192 1742 non
1212 1679 1286 1746 uult

177 1781 209 1848 ei
222 1781 429 1848 warentizare
445 1781 509 1846 nisi
523 1781 613 1846 curia
627 1781 886 1846 considerauerit.

242 1885 286 1950 Et
308 1885 385 1971 quia
407 1885 499 1949 Prior
521 1907 586 1948 nou
609 1891 718 1970 potest
744 1882 867 1969 aliquid
891 1883 1060 1948 ostendere
1087 1884 1173 1970 quod
1198 1884 1286 1950 idem

178 1988 341 2054 Rohertus
364 1995 450 2052 esset
471 1987 507 2052 in
529 1986 648 2052 seisino
668 1987 723 2051 uel
745 1987 832 2073 quod
854 1987 977 2072 aliquid
999 1987 1118 2052 habeut
1140 1987 1181 2053 de
1203 1988 1287 2054 dono

176 2093 280 2180 ipsius
316 2092 452 2158 Roherti
488 2091 552 2157 nisi
588 2091 787 2178 homagium,
826 2090 1075 2157 Consideretum
1114 2100 1164 2156 est
1201 2093 1287 2178 quod

178 2196 301 2263 Cecilin
315 2203 485 2281 recuperet
501 2194 653 2260 seisinsm
667 2217 760 2260 susm
776 2216 889 2260 uersus
904 2195 1058 2272 Priorem,
1072 2203 1107 2260 et
1125 2195 1288 2262 Rcbertus

177 2299 309 2385 quietus
345 2298 386 2364 de
416 2298 572 2364 warentia
608 2306 643 2363 et
680 2298 771 2364 Prior
806 2299 842 2364 in
870 2299 1089 2366 misericordis
1125 2307 1159 2366 et
1188 2300 1287 2368 faciat

177 2402 376 2468 escambium
398 2401 562 2466 Bernerdo
584 2409 619 2466 et
641 2401 797 2487 Aylluie⁵.

120 2575 127 2590 ,
243 2507 405 2573 Robertus
430 2505 471 2570 de
497 2505 678 2570 Haufordis
703 2505 921 2570 summonitus
946 2505 988 2570 nd
1010 2507 1286 2573 worantizondum
1338 2550 1341 2560 ·
1376 2541 1387 2568 ι

178 2610 323 2676 Gulfrido
353 2609 420 2674 filio
450 2609 618 2674 Eustachii
647 2631 748 2674 unam
776 2609 889 2674 hidem
918 2618 1004 2677 terre
1035 2633 1110 2676 cum
1139 2622 1221 2698 pert.
1250 2613 1287 2678 in

176 2715 381 2780 Nenentons
410 2736 508 2799 quem
537 2721 630 2778 tenet
660 2721 694 2778 et
723 2713 764 2779 de
790 2736 828 2778 eo
854 2721 966 2780 tenere
989 2715 1116 2794 clamet,
1141 2725 1175 2782 et
1199 2717 1286 2782 unde

177 2824 300 2882 certam
314 2837 407 2882 suem
422 2823 491 2893 etc,
507 2824 542 2880 et
557 2815 643 2882 unde
664 2817 813 2902 queritur
832 2815 918 2903 quod
940 2840 998 2904 pro
1020 2818 1149 2884 defectu
1172 2843 1230 2884 suo
1252 2829 1287 2886 et

177 2919 334 2985 warancie
349 2941 407 2984 sue
425 2927 566 2984 uexatur
583 2919 619 2984 in
637 2920 727 2984 curie
745 2920 785 2984 de
806 2920 966 2998 Boclend',
981 2929 1015 2986 et
1035 2920 1122 2986 unde
1140 2922 1288 3007 queritur

178 3023 264 3109 quod
285 3023 356 3109 ipse
378 3024 541 3089 Rchertus
563 3047 639 3088 eum
661 3033 761 3088 uexat
783 3025 818 3089 in
840 3024 930 3090 curie
950 3047 1010 3089 sua
1031 3033 1143 3090 contre
1165 3035 1288 3092 cartem

178 3151 279 3206 susm,
294 3135 329 3193 et
343 3127 431 3192 unde
446 3128 661 3194 deterioretus
675 3136 726 3194 est
741 3137 776 3194 et
796 3129 974 3214 dampnum
995 3129 1094 3194 habet
1114 3129 1156 3194 ad
1176 3130 1287 3195 ualen-

179 3233 262 3300 ciem
284 3232 327 3300 xl.
348 3232 414 3311 sol,
436 3240 471 3298 et
492 3232 579 3297 unde
602 3232 751 3318 queritur
772 3232 859 3318 quod
881 3232 1088 3319 distringitur
1112 3233 1155 3298 ed
1184 3241 1288 3302 sectas

179 3336 341 3402 faciendus
366 3335 408 3401 sd
437 3335 617 3422 predictam
647 3337 770 3401 curiam
800 3343 913 3401 contre
940 3345 1087 3401 tenorem
1112 3345 1200 3402 carte
1229 3361 1288 3404 sue

179 3441 305 3508 desicut
332 3441 432 3506 nichil
462 3441 570 3518 debet,
591 3463 652 3508 nec
681 3449 812 3518 sectam,
836 3462 895 3506 nec
925 3440 1015 3506 aliud
1043 3441 1217 3506 seruicium
1246 3441 1289 3508 od

180 3545 360 3633 predictam
382 3545 513 3612 curiam

245 3651 289 3716 Et
310 3650 473 3716 Rnbertus
495 3650 587 3715 uenit
607 3657 642 3716 et
655 3650 825 3737 'cognoscit
844 3658 966 3716 certem
987 3673 1078 3715 suam
1094 3659 1128 3716 et
1143 3651 1289 3717 defendit

179 3753 358 3840 dampnum
373 3753 410 3820 et
422 3762 531 3820 totum
546 3762 581 3820 et
595 3754 679 3820 bene
693 3754 840 3819 defendit
859 3753 864 3838 Ι
884 3754 970 3840 quod
992 3754 1122 3820 defectu
1144 3779 1202 3821 suo
1224 3779 1289 3820 non

181 3857 389 3945 distringitur
410 3859 488 3944 quin
509 3881 574 3924 non
596 3857 695 3923 debet
717 3881 793 3923 eum
815 3858 981 3944 nquietare
1001 3866 1036 3924 et
1055 3882 1094 3924 eo
1114 3859 1201 3945 quud
1219 3860 1289 3945 ipse

214 4011 617 4063 ¹Greot0srbrookinNorfollr
625 4011 709 4062 where
759 4011 874 4062 between
897 4011 992 4062 cecilie
1014 4013 1043 4062 of
1068 4013 1215 4063 Strndesets
1236 4015 1289 4065 end

182 4075 255 4127 there
266 4081 518 4142 wsssprsoeptory.
761 4077 806 4127 the
827 4078 900 4127 Prior
922 4079 951 4126 ol
976 4077 1021 4127 the
1046 4078 1227 4140 Hospitsllers.
1263 4081 1289 4130 It

214 4153 297 4206 affl
318 4155 389 4206 word
415 4156 489 4207 1005
516 4157 568 4207 like
596 4145 659 4208 lm]
682 4169 711 4208 01
761 4157 845 4192 seems
856 4142 1097 4204 tebethepressnt
1106 4159 1171 4196 cese.
1193 4145 1289 4196 Rcbert

184 4223 258 4292 iffi,-
275 4235 411 4282 ‚maium
422 4232 446 4282 ᾗ,
456 4231 624 4296 mimum·
761 4207 827 4258 need
843 4213 890 4258 not
901 4211 1014 4285 wortunt
1031 4207 1076 4257 the
1092 4207 1173 4287 Prior.
1181 4208 1289 4287 b⁰⁰²¹¹⁸f³

215 4297 295 4350 ’siu
762 4273 837 4323 when
847 4273 1016 4336 thegrltwss
1027 4272 1102 4322 mede
1116 4275 1184 4322 ushal
1199 4275 1289 4325 hohust

215 4365 315 4414 ⁴003,
327 4363 462 4428 cmg),
762 4340 792 4388 in
814 4339 1015 4397 domitiacum
1036 4339 1130 4388 nudum
1152 4340 1289 4389 dominium

216 4427 713 4490 sssmton‚1·27,05mfmmflihry
762 4405 1198 4479 eoilicethomays'umetrerm'llum.
1225 4404 1290 4454 This

185 4493 639 4556 minwmeungpaeffiedym
653 4507 712 4544 ωε
763 4468 1007 4520 secmstobeFrtz.
1021 4470 1140 4530 Vmwlur,
1156 4469 1213 4520 281.
