3196 5226
485 461 627 522 11111111,
650 461 713 510 an.
740 448 917 523 1121111
941 453 968 514 8.
1214 453 1275 521 179

163 635 226 698 iur’
238 634 280 700 de
292 643 383 698 carta
397 633 455 698 illa
470 642 531 699 etc.
544 642 577 698 11
593 643 693 699 testes
707 636 761 700 uel
776 635 835 699 iur'
848 636 947 700 nichil
962 637 1069 702 sciunt
1083 661 1143 704 nec
1154 639 1277 725 aliquid

163 739 315 823 probant,
329 738 569 804 consideratum
584 747 634 804 est
649 739 735 825 quod
752 740 843 804 Prior
857 741 956 806 nichil
971 743 1122 828 probauit
1137 744 1177 809 de
1192 745 1276 808 donc

164 843 230 919 illo,
253 851 289 908 et
318 843 392 908 ideo
422 843 609 908 Gilebertus
638 845 843 929 recuperauit
868 844 1018 910 saisinam
1043 869 1135 912 suam
1157 847 1198 912 de
1220 848 1277 912 ad-

163 947 338 1012 uocacione
354 955 390 1012 et
405 947 496 1011 Prior
509 946 545 1010 in
559 946 783 1024 misericordia
798 955 833 1012 et
848 955 938 1012 carta
952 947 1091 1013 habetur
1110 972 1168 1034 pro
1189 951 1277 1027 falsa,

164 1050 257 1116 aam¹
272 1049 478 1124 cancellatur,
498 1057 533 1112 et
554 1049 739 1114 Gilebertus
758 1049 878 1114 habeat
899 1049 999 1114 breue
1021 1050 1063 1114 ad
1085 1051 1271 1137 episcopum

165 1153 253 1239 quod
267 1153 425 1218 admittat
439 1153 591 1218 clericum
607 1175 709 1218 suurn.

234 1257 399 1322 Hannone
428 1257 568 1322 Tuneire
597 1257 814 1322 summonitus
849 1258 911 1322 fuit
948 1257 990 1324 ad
1018 1259 1276 1344 respondendum
1341 1287 1354 1316 ο

167 1362 327 1448 Magistro
353 1361 496 1426 Haurico
520 1361 560 1426 de
588 1361 692 1428 Cerne
718 1384 782 1446 quc
811 1361 880 1426 iure
910 1383 1114 1428 communem
1144 1373 1276 1448 pastura

166 1468 271 1554 exigit
290 1467 326 1532 in
344 1473 432 1531 terra
445 1465 547 1552 ipsius
562 1465 711 1552 Magistri
726 1465 861 1530 Henrici
876 1465 915 1532 de
932 1466 1136 1533 Melecumba
1150 1468 1276 1534 desicut

165 1571 253 1636 idem
275 1570 435 1656 Magister
456 1569 618 1634 Hearicus
639 1570 763 1634 nullam
786 1591 989 1634 communem
1012 1571 1112 1636 habet
1133 1571 1168 1636 in
1191 1579 1278 1638 terra

165 1675 269 1760 ipsius
284 1672 420 1738 Hearici
435 1673 570 1749 'lunera
585 1694 644 1736 nec
659 1671 790 1757 aliquod
804 1671 976 1736 samiolum
993 1672 1072 1740 etc’

230 1777 277 1840 Et
297 1775 461 1840 Hauricus
481 1775 607 1838 Tunere
628 1797 687 1859 per
707 1782 908 1838 attornatum
929 1797 1025 1840 suum
1039 1775 1132 1840 uenit
1147 1783 1182 1842 et
1196 1776 1276 1842 dicit

165 1878 252 1964 quod
267 1877 338 1963 ipse
358 1885 393 1941 et
412 1885 627 1942 antecessores
646 1876 697 1940 sui
717 1899 845 1962 semper
864 1877 1049 1942 habuerunt
1069 1901 1275 1944 communem

166 1983 200 2046 in
218 1991 309 2047 terra
328 2003 427 2067 quam
450 1981 607 2068 Magister
630 1981 792 2045 Henricus
814 2003 900 2044 nunc
922 1981 1021 2044 habet
1043 1989 1078 2046 et
1100 1989 1274 2067 autequam

166 2085 330 2172 Magister
359 2084 521 2149 Hemicus
550 2091 669 2148 terram
698 2084 788 2148 illam
817 2084 858 2149 de
888 2083 1085 2150 Milecumba
1110 2085 1219 2150 tenuit
1241 2095 1275 2150 11

167 2199 250 2276 post,
259 2189 394 2267 scilicet,
404 2189 439 2254 in
449 2197 583 2275 pastura
597 2189 637 2254 de
653 2187 844 2273 Blachalyes
859 2195 893 2252 et
904 2195 1120 2252 antecessores
1131 2188 1275 2253 eiusdem

168 2293 320 2379 Magistri
337 2292 393 2378 qui
409 2291 632 2356 terramillam
652 2289 871 2356 uendiderunt
892 2289 923 2354 ei
943 2311 1071 2376 semper
1091 2290 1276 2356 habuerunt

168 2418 375 2462 communem
387 2395 422 2460 in
433 2403 520 2460 terra
530 2395 674 2460 eiusdem
685 2395 820 2460 Henrici
831 2395 979 2480 Tuneyre
991 2405 1025 2460 et
1037 2403 1274 2461 antecessorum

168 2522 312 2576 suorum,
342 2507 376 2563 et
404 2499 487 2563 bene
516 2507 624 2584 potest
652 2497 739 2562 idem
770 2498 927 2585 Magister
956 2498 1117 2564 Hearicus
1156 2499 1274 2564 habere

168 2625 376 2668 communem
398 2603 434 2667 in
455 2611 542 2668 terra
563 2625 622 2668 sua
647 2611 740 2668 extra
768 2603 913 2668 clausum
943 2625 1038 2668 suum
1068 2603 1095 2668 si
1124 2603 1273 2681 uoluerit,

169 2707 246 2792 quia
261 2707 311 2772 ita
324 2729 452 2792 semper
466 2706 529 2770 fuit
544 2713 616 2792 post
631 2713 843 2791 conquestum
858 2705 987 2793 Anglie.

233 2812 281 2875 Et
292 2811 450 2898 Magister
461 2809 622 2875 Henricus
633 2809 712 2874 dicit
721 2809 807 2896 quod
817 2808 937 2874 iniuste
948 2809 1063 2874 habuit
1072 2831 1275 2874 communem

170 2916 247 3002 quia
276 2915 364 2980 idern
394 2915 555 2980 Henricus
585 2915 733 3000 Tuneyre
762 2913 933 2978 infossauit
961 2921 1081 2978 terram
1110 2936 1202 2978 suam
1227 2913 1276 2980 ita

169 3021 256 3106 qnod
271 3019 356 3084 infra
369 3019 525 3084 fossatum
539 3017 621 3082 illud
635 3041 700 3082 non
714 3025 822 3103 potest
836 3017 957 3082 intrare
972 3040 1046 3082 cum
1062 3018 1180 3084 aueriis
1201 3018 1276 3095 suis,

171 3146 229 3188 nec
251 3121 333 3187 alibi
354 3123 473 3186 clamat
495 3121 530 3187 in
559 3129 644 3186 terra
672 3143 732 3185 aua
760 3141 964 3184 communem
994 3119 1057 3184 nisi
1079 3121 1114 3184 in
1143 3129 1276 3206 pastura

171 3227 311 3292 Abbatis
326 3225 568 3303 Glastoniensis‚
583 3225 639 3290 ubi
654 3247 765 3290 omnes
779 3246 983 3290 communem
999 3224 1130 3290 habent.

234 3331 280 3396 Et
294 3337 478 3396 attomatus
493 3329 627 3394 Henrici
647 3329 726 3396 dicit
746 3329 832 3414 quod
853 3328 906 3394 die
927 3351 991 3415 quo
1012 3329 1098 3394 idam
1120 3329 1276 3416 Magister

172 3433 212 3497 H.
228 3433 311 3498 emit
326 3441 445 3498 terram
460 3433 549 3498 illam
565 3439 689 3496 etanta
704 3454 831 3517 semper
846 3454 865 3496 a
879 3439 1058 3517 conquestu
1073 3433 1192 3520 Anglie
1211 3435 1275 3498 fuit

173 3543 258 3600 tana
271 3557 333 3599 sua
345 3535 499 3599 infossata
513 3533 597 3598 sicut
612 3533 706 3598 modo
720 3541 778 3598 est.

120 3703 129 3715 ,
234 3639 402 3704 Walterus
413 3639 498 3703 filius
512 3637 652 3704 Simonis
666 3661 725 3724 per
738 3645 940 3704 attornatum
955 3661 1050 3704 suum
1065 3639 1151 3726 petit
1163 3661 1276 3706 uersus

172 3743 351 3808 Rabertum
381 3741 422 3806 de
443 3741 585 3828 Willega
613 3749 647 3806 11
676 3741 861 3806 Johannem
890 3763 1023 3807 uxorem
1050 3742 1119 3806 eius
1141 3743 1275 3808 terciam

170 3855 296 3932 partem
311 3844 400 3910 feodi
413 3844 510 3909 unius
521 3843 634 3908 militis
646 3866 719 3908 cum
731 3851 812 3929 pert.
821 3843 858 3907 in
869 3844 1047 3908 Beuercote
1060 3853 1094 3909 11
1106 3844 1276 3910 Milletona

171 3959 204 4014 at
222 3951 257 4014 in
272 3949 312 4014 H
311 3949 414 4016 eleae
434 3957 473 4012 ut
493 3948 545 4012 ius
567 3969 662 4012 suum
678 3947 763 4012 unde
779 3947 911 4033 quidam
927 3947 1026 4012 Fulco
1041 3947 1081 4012 de
1098 3947 1276 4012 Beuercote

171 4063 353 4120 antecessor
367 4074 445 4117 suus
460 4051 523 4116 fuit
543 4051 672 4116 saisitus
693 4051 728 4116 in
748 4050 907 4116 dominico
928 4073 986 4116 suo
1007 4059 1045 4116 ut
1065 4051 1105 4118 de
1127 4051 1220 4118 feodo
1242 4063 1276 4118 et

171 4158 238 4224 iure
261 4168 409 4244 tempore
432 4155 567 4220 Hem-ici
589 4155 689 4243 Regis
710 4155 765 4220 aui
786 4155 880 4221 Dom.
902 4155 1001 4242 Regis
1023 4157 1178 4243 capiendo
1200 4159 1275 4224 inde

168 4264 299 4350 expleta
320 4261 364 4328 ad
387 4260 566 4326 ualenciam
587 4283 636 4324 1111
659 4261 714 4326 sol.
736 4269 805 4339 etc,
827 4269 861 4326 et
883 4259 924 4325 de
946 4261 1087 4326 Falcone
1110 4263 1276 4329 descendit

198 4415 357 4467 11111111111.
744 4415 813 4478 sarit
841 4429 918 4478 qnare
946 4429 1097 4466 communem
1120 4417 1208 4466 habere
1236 4419 1276 4467 de-

196 4482 267 4534 ²131.
299 4481 320 4533 1.
351 4479 415 4538 23οῑ
443 4493 489 4528 nec
516 4481 647 4529 servitium
674 4481 700 4528 et
751 4480 815 4529 beot.

1083 4566 1189 4627 12-2
