3276 5234
367 455 429 518 280
470 463 610 514 nuum
624 462 718 512 'rm
732 459 805 510 sun
820 459 1021 510 urnnunsnx
1037 459 1136 522 nunu,
1152 459 1218 510 nn.
1232 446 1326 522 1229,
1341 457 1405 510 un
1419 447 1470 509 13.

365 645 487 702 etetem
513 644 563 701 est
589 642 624 700 et
648 632 721 698 ideo
747 614 954 719 exspectetur
978 639 1049 696 etus
1070 640 1105 696 et
1127 639 1206 697 tunc
1220 637 1474 709 ,summoneatur

365 742 493 828 loquela
512 742 546 806 in
566 739 680 806 eodem
699 745 789 804 statu
810 745 868 806 etc.
890 745 925 802 et
948 736 1105 802 Ricmdus
1125 737 1212 802 filius
1231 735 1370 801 Wolteri
1391 744 1473 800 tuno

364 853 607 912 summoneatur
621 853 660 909 ut
675 843 751 908 inde
766 843 1002 928 respondeatur.

244 958 316 1023 336.
429 949 541 1015 Assisa
575 947 669 1013 uenit
705 947 910 1034 recognitum
944 947 973 1012 si
1009 946 1196 1033 Stephanus
1226 944 1472 1012 Oentnnriensis

366 1052 542 1138 Episcopus
564 1060 599 1116 et
624 1051 680 1116 ulii
710 1051 830 1116 iniuste
860 1059 919 1116 etc.
949 1050 1195 1116 disseisiuerunt
1224 1050 1400 1136 Hugonem
1430 1048 1472 1113 de

367 1154 521 1220 Oolehem
543 1153 583 1238 de
599 1175 771 1219 commune
791 1161 923 1240 pesture
938 1175 995 1218 sue
1017 1153 1053 1216 in
1067 1151 1175 1238 Heyfe
1193 1174 1257 1238 que
1271 1151 1415 1238 pertinet
1429 1151 1473 1216 ad

365 1255 502 1322 liberum
518 1264 742 1322 tenementum
757 1277 853 1320 suum
868 1254 903 1318 in
919 1254 1074 1320 Colchum
1088 1263 1162 1340 post
1176 1253 1282 1319 ultim'
1297 1263 1357 1320 etc.

430 1359 475 1422 Et
489 1357 758 1444 Archiepisoopus
772 1355 873 1421 obiit¹
888 1363 923 1420 et
943 1377 1054 1420 omnes
1073 1355 1130 1420 alii
1151 1355 1288 1421 ueniunt
1308 1365 1342 1421 et
1357 1355 1474 1420 dicunt

366 1461 452 1549 quod
474 1462 573 1528 nichil
593 1461 733 1528 clamet²
752 1461 787 1525 in
808 1460 954 1546 predicte
972 1467 1104 1546 pusture
1123 1460 1187 1524 nisi
1209 1483 1268 1546 per
1288 1460 1473 1546 predictum

204 1583 325 1633 Not-ruod
365 1566 650 1654 Archiepisoopum
665 1565 722 1652 qui
736 1565 813 1630 inde
828 1565 910 1630 obiit
924 1565 1060 1630 seisitus
1106 1565 1149 1629 Et
1164 1565 1265 1652 Hugo
1285 1565 1344 1630 hoc
1362 1573 1472 1630 totum

204 1631 331 1671 aditura

203 1677 354 1763 mm,
366 1671 537 1758 cognoscit.
580 1671 625 1735 Et
645 1671 718 1735 ideo
737 1669 974 1736 consideratum
993 1677 1043 1734 est
1063 1669 1149 1756 quod
1171 1692 1282 1734 omnes
1303 1665 1379 1734 inde
1401 1670 1472 1735 sine

203 1771 221 1856 ᾖ
244 1789 354 1865 ,Μωήζ
366 1773 426 1838 die.
472 1774 516 1838 Et
535 1773 635 1861 Hugo
653 1775 820 1860 perquirat
834 1797 869 1840 se
883 1797 996 1840 uersus
1010 1773 1296 1860 Archiepiscopum
1311 1775 1368 1860 qui
1383 1797 1471 1838 nuno

204 1864 349 1949 pappum
367 1886 417 1942 est
431 1877 459 1942 si
474 1877 622 1942 uoluerit.

246 1993 317 2062 337,
430 1979 542 2044 Assise
552 1979 645 2044 uenit·
659 1979 864 2066 recognitum
878 1979 906 2044 si
918 1979 1164 2044 Bartholomeus
1174 1979 1215 2045 de
1226 1981 1339 2045 Venuz
1350 1981 1472 2046 iniuste

366 2093 426 2151 etc.
441 2083 618 2150 disseieiuit
634 2083 816 2149 Galindum
832 2084 1019 2149 Brokebrod
1034 2084 1074 2149 de
1089 2084 1189 2149 libero
1210 2093 1398 2150 tenemento
1412 2109 1472 2150 suo

365 2189 400 2252 in
416 2188 488 2253 uico
502 2186 542 2252 de
557 2185 590 2251 le
605 2185 772 2274 Cherring'
787 2187 871 2250 infre
884 2209 978 2253 suum
985 2185 1005 2254 ⁴.
1048 2187 1093 2252 Et
1111 2187 1358 2254 Bartholomeus
1377 2191 1473 2254 uenit

366 2299 400 2356 et
415 2290 515 2355 nichil
530 2288 610 2354 dicit
625 2311 723 2374 quere
738 2289 838 2354 assisa
851 2298 1026 2356 remaneat.

430 2395 454 2460 J
455 2403 599 2460 urotores
614 2393 727 2458 dicunt
742 2393 828 2480 quod
842 2394 1007 2480 predictus
1027 2395 1274 2460 Bartholomeus
1294 2419 1359 2462 non
1373 2396 1471 2464 disci·

365 2501 444 2566 siuit
459 2523 534 2566 eum
549 2499 670 2564 iniuste
684 2499 768 2563 sicut
780 2499 954 2565 (laufridus
969 2499 1049 2565 dicit
1060 2500 1137 2586 quie
1151 2523 1215 2565 non
1230 2495 1339 2566 tenuit
1350 2509 1471 2568 terrem

365 2605 455 2669 illem
477 2603 564 2669 unde
594 2603 684 2668 uisus
713 2604 817 2668 fectus
846 2603 909 2668 fuit
938 2603 1001 2668 nisi
1030 2602 1070 2668 de
1099 2627 1184 2670 anno
1212 2605 1248 2670 in
1276 2629 1399 2672 annum
1429 2609 1471 2674 ed

366 2708 571 2773 uoluntatem
592 2705 694 2792 ipsius
716 2707 935 2773 Bartholomei
957 2715 992 2773 et
1012 2707 1281 2795 proquibusdam
1303 2711 1473 2798 arreragiis

367 2833 395 2875 x.
411 2810 465 2875 sol.
481 2799 623 2875 reddidit
637 2809 706 2895 ipse
721 2808 896 2875 Gauii-idus
911 2833 1017 2874 corum
1031 2810 1139 2896 probis
1157 2811 1343 2877 hominibus
1363 2812 1470 2878 eidem

367 2915 592 2979 Bartholomeo
627 2922 746 2978 terrem
775 2913 865 2978 illam
894 2923 1073 3000 spontaneo
1101 2914 1279 2980 uoluntate.
1324 2916 1369 2981 Et
1397 2917 1471 2983 ideo

367 3019 603 3083 consideratum
618 3025 668 3081 est
683 3016 769 3102 quod
784 3017 1030 3084 Bartholomeus
1044 3017 1120 3084 inde
1135 3018 1267 3105 quietus
1281 3019 1316 3084 in
1335 3043 1415 3106 peoe
1436 3031 1471 3088 et

367 3121 543 3189 Geufn'dus
557 3121 592 3186 in
607 3120 829 3187 misericordie

311 3268 317 3281 -
432 3225 543 3290 Assisa
578 3223 672 3290 uenit
708 3226 913 3312 recognitum
948 3227 976 3292 si
1011 3229 1177 3294 Johennes
1206 3227 1401 3315 Capellenus
1430 3230 1471 3295 de

367 3329 550 3417 Wiuellegu
584 3329 659 3394 Ado
691 3329 731 3394 de
760 3330 840 3394 Alta
868 3329 955 3416 Rips
982 3330 1103 3397 iniuste
1135 3339 1194 3397 etc
1225 3332 1470 3399 disseisiuemnt

368 3431 560 3498 Geuhidum
583 3431 739 3496 Gibewin’
759 3431 800 3496 de
822 3433 923 3498 libero
945 3441 1131 3498 tenemento
1152 3457 1211 3499 suo
1232 3435 1268 3499 in
1291 3435 1472 3524 Wyrtelegn

367 3544 440 3622 post
476 3534 581 3598 ultim'
610 3542 669 3598 eto.
715 3535 759 3598 Et
794 3543 911 3600 neuter
943 3537 1093 3622 ipsorum,
1123 3560 1182 3602 nec
1210 3538 1376 3604 Johennes
1406 3541 1471 3605 fuit

366 3637 572 3704 ethechietus
594 3637 672 3724 quia
685 3638 889 3724 capellanus⁸
904 3648 939 3705 et
952 3641 1027 3707 Ado
1040 3643 1203 3728 profectus
1218 3643 1281 3708 fuit
1295 3644 1330 3708 in
1350 3653 1471 3710 terram

367 3750 511 3809 sanctem
527 3749 561 3806 et
576 3741 649 3807 ideo
663 3741 815 3827 procedet
829 3766 942 3810 uersus
957 3767 1010 3810 eos
1024 3767 1084 3832 per
1097 3746 1260 3812 defedtsrn.

431 3845 600 3910 Juretores
614 3844 727 3909 dicunt
742 3845 827 3931 quod
842 3846 999 3913 Ricardus
1014 3848 1055 3914 de
1074 3849 1265 3914 Kuumuillu
1284 3858 1319 3915 et
1334 3851 1472 3939 Egelina

367 3972 448 4015 uxor
468 3949 539 4014 eius
560 3948 720 4014 dederuut
741 3949 886 4037 predicto
908 3951 1052 4017 Galfrido
1077 3952 1118 4018 lx.
1142 3953 1295 4019 solidatos
1323 3955 1471 4022 redditus

366 4077 441 4120 cum
464 4063 545 4140 pert.
560 4053 596 4118 in
614 4053 752 4140 quodem
773 4055 956 4121 molendino
976 4056 1011 4122 in
1027 4057 1209 4145 Wylielege
1229 4059 1386 4126 tenendos
1407 4061 1471 4128 sibi

366 4180 424 4246 pro
447 4180 511 4223 uno
532 4157 663 4224 denario
692 4179 750 4244 per
777 4179 907 4224 annum
953 4159 997 4226 Et
1024 4161 1189 4248 predictus
1218 4163 1383 4230 Johsnnes
1412 4166 1470 4252 qui

398 4295 521 4359 16July‚
536 4297 607 4346 1228.
943 4295 1049 4360 Trinity
1059 4298 1090 4348 A.
1102 4299 1133 4351 R.
1147 4299 1188 4359 12,
1199 4299 1342 4351 hiiddlesex
1353 4301 1414 4352 Iter.

399 4361 410 4393 ²
427 4361 499 4410 Corn.
511 4362 631 4410 clareant.
976 4363 987 4395 ⁴
1003 4361 1073 4413 Gorr.
1086 4366 1158 4428 infra
1170 4367 1307 4415 terminum.

397 4426 548 4484 3Βτιιοῦοη,
559 4426 577 4474 t.
590 4427 647 4482 Μ,
658 4425 723 4476 cites
734 4425 787 4476 this
797 4431 893 4477 coesto
976 4427 1104 4479 ³Aolerk
1116 4445 1164 4480 cen
1176 4435 1223 4482 not
1239 4431 1270 4481 be
1285 4429 1412 4491 atteched,
1425 4432 1469 4482 Br.

366 4507 443 4554 prove
451 4491 504 4542 this
512 4490 682 4556 proposition.
705 4491 892 4543 Heoitestrom
943 4493 963 4542 f.
975 4494 1023 4542 442
1035 4493 1060 4543 h.
