3360 5236
486 470 635 530 rsnnrr,
658 469 723 520 nn.
749 455 842 534 1225,
864 471 926 520 nn
952 459 979 522 9.
1222 457 1283 523 547

178 640 354 706 tenendam
384 641 424 707 de
454 641 591 708 Ricardo
617 643 753 709 Burdnn
779 643 836 730 qui
858 643 949 709 illem
976 643 1084 708 tenuit
1108 642 1148 708 de
1173 642 1284 710 eodem
1319 653 1322 658 '

177 745 314 811 Jacobo1
330 754 364 812 et
378 747 521 812 Jacobns
535 747 576 812 de
592 748 705 814 eodem
720 748 849 814 Abbate
865 748 973 814 libere.

243 851 287 915 Et
309 850 421 916 Abbas
442 872 501 936 per
523 858 725 916 attemetum
750 874 844 916 suum
871 851 951 917 dicit
975 851 1061 938 quod
1086 852 1228 918 Jacobus
1251 861 1285 918 et

177 951 335 1018 sicardus
355 959 432 1018 sunt
452 952 567 1018 uilleni
587 953 646 1020 sui.
692 955 735 1018 Et
756 953 829 1019 ideo
849 954 946 1020 datus
967 963 1017 1020 est
1031 954 1099 1020 dies
1114 955 1149 1020 in
1165 956 1236 1021 Oct.
1253 955 1285 1022 S.

177 1057 273 1122 hlich.
291 1067 330 1122 ut
345 1065 423 1122 tunc
439 1057 575 1122 ueniant
589 1058 612 1122 J
612 1057 731 1122 ecobus
746 1067 781 1123 ct
796 1057 953 1123 Ricardus
968 1058 1010 1124 ed
1030 1058 1285 1146 cognoscendum

177 1160 307 1246 siquid
332 1161 474 1226 clement
499 1161 678 1227 interram
704 1162 794 1228 illam
820 1159 861 1227 ut
885 1163 980 1228 liberi
1003 1163 1149 1228 homines
1175 1165 1230 1230 uel
1251 1165 1286 1228 in

177 1263 311 1329 seruicio
327 1264 471 1330 eiusdem
487 1273 572 1329 terre
588 1273 646 1330 etc.
691 1267 735 1330 Et
749 1274 933 1332 attornntus
945 1267 1085 1333 Abbetis
1099 1267 1287 1352 menucepit

177 1367 262 1454 quod
287 1367 361 1434 illos
383 1368 518 1434 hebebit
543 1368 585 1433 ed
609 1368 696 1434 diem
721 1369 824 1446 illum,
849 1379 884 1435 et
911 1371 1096 1437 Alexander
1121 1381 1288 1438 remaneat

177 1471 264 1538 domi
279 1493 317 1538 eo
333 1471 419 1558 qnod
434 1472 597 1559 cognoscit
612 1495 646 1538 se
661 1495 731 1538 esse
747 1472 930 1539 uillenum¹.

241 1577 295 1642 Ad
310 1577 397 1642 diem
417 1576 511 1642 illum
532 1586 694 1642 uenerunt
707 1577 857 1643 ·Jecobus
879 1585 914 1642 et
937 1577 1094 1643 Ricardus
1117 1587 1151 1643 et
1173 1577 1288 1644 dicunt

177 1683 263 1769 quod
287 1691 465 1748 tenuerunt
489 1691 609 1748 terram
633 1683 723 1748 illam
749 1683 783 1748 in
806 1683 1006 1771 uilenegium
1032 1682 1072 1748 de
1098 1682 1229 1749 Abbete
1255 1692 1289 1749 et

178 1808 347 1873 nunquam
363 1786 472 1865 libere,
488 1795 522 1851 et
537 1786 651 1852 dicunt
667 1786 753 1872 quod
772 1786 872 1851 nichil
894 1795 1009 1853 tenent
1024 1787 1064 1853 de
1080 1788 1210 1854 Abbete
1225 1788 1289 1856 nisi

177 1891 211 1954 in
237 1889 446 1977 uilenagium.
497 1890 541 1954 Et
566 1889 639 1956 ideo
665 1890 903 1956 consideratum
926 1892 1084 1979 estquod
1105 1893 1217 1960 Abbas
1239 1917 1287 1960 re-

178 1995 348 2081 cuperauit
377 1995 528 2060 seisinam
558 2017 650 2060 suem
680 2005 714 2060 et
745 1996 920 2062 (laufridus
950 1997 984 2061 in
1011 1997 1229 2063 misericordie
1253 2007 1288 2063 et

178 2108 367 2187 preceptum
386 2108 436 2165 est
456 2099 581 2166 Abbati
600 2100 687 2186 quod
706 2101 869 2168 iusticiam
892 2101 1046 2168 exhibeat
1068 2102 1224 2170 Geuhido
1246 2102 1287 2168 de

179 2205 332 2292 predictis
347 2206 403 2292 iiij.
420 2204 558 2272 mcrcis⁸.

117 2369 125 2380 .
243 2310 426 2377 *Johennes
440 2310 480 2376 de
496 2311 618 2376 Manet
634 2310 705 2375 Eue
720 2333 800 2376 uxor
815 2311 886 2376 eius
900 2334 958 2398 per
975 2319 1176 2377 attornatum
1192 2335 1287 2378 suum
1406 2357 1410 2368 ·

178 2423 297 2502 petunt
312 2438 424 2481 uersus
440 2417 464 2482 J
464 2415 624 2481 ohannem
639 2415 788 2480 Albetoft
803 2437 900 2502 quem
915 2416 1099 2482 Willelmus
1114 2417 1155 2482 de
1170 2415 1288 2482 Cante-

179 2520 255 2606 lupo
284 2521 416 2586 uocauit
442 2520 484 2586 ed
507 2527 686 2586 warantum
709 2528 744 2585 et
769 2521 826 2607 qui
852 2521 883 2585 ei
908 2522 1130 2588 warentizeuit
1155 2521 1289 2588 terciam

179 2633 304 2712 partem
325 2625 464 2692 duarum
485 2626 631 2713 parcium
652 2625 789 2691 manerii
809 2625 849 2691 de
871 2626 1047 2692 salefeld*
1062 2650 1137 2692 cum
1152 2636 1233 2714 pert.
1250 2636 1290 2693 ut

178 2729 288 2794 dotem
310 2728 397 2794 eius⁸
411 2729 481 2794 Eue
504 2729 590 2795 unde
612 2729 796 2819 Willelmns
819 2728 938 2794 Oumin
961 2730 1123 2816 quondam
1146 2731 1198 2796 uir
1220 2730 1289 2797 eius

178 2841 240 2900 etc
294 2833 338 2898 Et
368 2835 535 2900 Johennes
565 2835 658 2900 uenit
684 2843 719 2900 et
744 2835 908 2922 cognoscit
933 2836 1016 2900 bene
1043 2836 1129 2923 quod
1155 2835 1204 2900 ita
1226 2835 1289 2900 fuit

179 2937 292 3004 dotata
306 2948 340 3005 et
355 2939 438 3005 bene
453 2939 643 3006 concederet
658 2939 689 3004 ei
704 2939 814 3004 dotem
835 2961 927 3004 suam
948 2939 976 3004 si
995 2940 1066 3026 ipss
1085 2939 1236 3005 redderet
1257 2939 1288 3004 ei

179 3041 331 3107 heredem
358 3041 496 3128 predicti
519 3041 677 3107 Willelmi
699 3041 791 3106 cuius
815 3040 962 3106 custodis
983 3041 1025 3106 ed
1048 3063 1123 3106 eum
1145 3041 1289 3127 pertinet

179 3153 238 3210 etc
259 3145 263 3231 Ι

245 3249 289 3313 Et
313 3249 385 3314 Eua
406 3257 441 3314 et
461 3249 628 3314 «Iohannes
650 3271 708 3335 per
729 3257 932 3315 attornetum
952 3271 1048 3314 suum
1068 3249 1183 3314 dicunt
1202 3249 1289 3335 quod

180 3353 273 3418 heres
287 3352 342 3417 ille
357 3360 407 3418 est
422 3353 457 3417 in
472 3353 584 3419 Scocie
601 3361 637 3418 et
656 3375 721 3418 non
742 3363 819 3420 sunt
842 3353 875 3418 in
896 3354 1015 3419 seisina
1034 3353 1074 3420 de
1093 3354 1148 3420 illo
1170 3353 1288 3420 herede

181 3478 240 3522 nec
255 3478 410 3542 umquam
426 3457 558 3521 fuerunt
573 3479 632 3522 nec
647 3479 705 3543 per
719 3481 774 3524 sos
788 3459 867 3525 alibi
882 3467 938 3524 est.
986 3459 1029 3523 Et
1044 3459 1067 3524 J
1068 3459 1210 3524 ohannes
1224 3481 1289 3524 non

181 3567 289 3646 potest
304 3559 363 3625 hoc
378 3559 534 3638 dedicere.
571 3561 615 3626 Et
627 3560 699 3627 ideo
711 3563 948 3629 consideratum
961 3563 1108 3649 estquod
1123 3563 1146 3630 J
1147 3563 1289 3630 ohannes

181 3673 216 3730 et
246 3665 317 3730 Eue
345 3674 620 3751 recuperauerunt
649 3667 800 3734 seisincm
830 3691 921 3734 suem
952 3667 993 3732 de
1019 3667 1165 3753 predicta
1189 3669 1290 3748 tercie

182 3777 274 3855 perte
297 3777 331 3834 et
353 3769 520 3836 Johcnnes
543 3778 593 3835 est
615 3770 650 3835 in
672 3772 896 3839 misericordie
943 3773 986 3838 Et
1006 3773 1190 3839 Willelmus
1204 3774 1290 3860 petit

182 3871 269 3958 quod
283 3873 471 3939 warentizet
491 3882 525 3939 et
545 3875 644 3940 faciet
666 3876 697 3941 ei
720 3878 926 3942 escambium.
971 3878 1015 3942 Et
1029 3878 1052 3943 J
1053 3877 1195 3943 ohannes
1210 3877 1290 3944 dicit

182 3976 268 4061 quod
289 3977 389 4041 nichil
412 3977 442 4042 ei
464 3979 621 4044 concessit
643 3980 706 4044 nisi
728 3980 815 4066 quod
836 3981 878 4047 cd
899 4004 974 4048 eum
996 3983 1182 4069 pertinebat
1199 3983 1290 4049 salue

183 4079 288 4146 eidem
314 4081 384 4146 Eue
410 4082 486 4148 dote
508 4105 568 4149 sus
590 4093 625 4148 et
649 4085 833 4151 Willelmus
856 4087 956 4153 nichil
979 4087 1068 4153 eliud
1091 4087 1233 4154 ostendit
1255 4097 1290 4153 et

183 4181 256 4247 ideo
270 4183 436 4269 perquiret
451 4207 484 4249 se
500 4207 612 4250 uersus
627 4207 703 4251 eum
718 4187 746 4252 si
760 4187 908 4254 uoluerit

217 4310 295 4370 ldie,
312 4313 342 4361 Δ.
363 4313 394 4361 Β.
428 4313 543 4377 Perhaps
565 4314 610 4364 the
632 4318 709 4366 stete·
761 4316 790 4366 ol
800 4317 959 4378 perfectior?

183 4380 257 4425 ment
268 4377 296 4426 ol
305 4377 350 4427 the
362 4381 454 4428 tenure
465 4379 488 4428 is
500 4393 594 4441 wrong.
794 4381 805 4414 ⁴
820 4382 849 4433 Δ.
864 4396 900 4432 m.
912 4384 942 4441 ὃς
960 4383 990 4433 Β.
1004 4397 1040 4432 m.
1053 4381 1102 4432 ed.

217 4441 227 4471 ¹
243 4441 356 4504 Bstops.
793 4447 804 4479 ⁶
821 4447 988 4498 Snitterfield.

216 4506 227 4538 ⁸
243 4506 269 4554 Is
281 4505 333 4556 this
342 4507 431 4571 equity
439 4524 468 4557 or
476 4509 710 4572 msrelysoounsel
794 4511 804 4543 ⁶
821 4511 892 4561 Gerr.
905 4514 1021 4569 eludens.
1036 4513 1064 4560 A.
1077 4512 1107 4562 Β.

1096 4615 1203 4676 35-2
