3260 5218
371 406 413 468 50
601 417 835 480 mensurnis,
857 417 920 468 sn.
948 404 1042 480 1219,
1065 419 1128 467 sis.
1151 405 1244 467 3-4.

369 613 429 656 nec
451 591 555 656 facere
576 589 768 668 debuerunt,
792 591 870 678 quia
895 601 982 657 term
1007 593 1064 657 ille
1087 601 1137 656 est
1160 592 1211 657 ius
1235 615 1331 657 suum
1356 601 1391 656 et
1415 614 1497 656 non

369 693 472 779 ipsius
486 693 651 771 Willelmi,
666 695 766 758 immo
780 717 852 759 eam
872 695 991 760 habere
1011 695 1109 760 debet
1129 696 1165 759 in
1184 695 1349 780 uilenagio
1367 717 1427 759 suo
1447 703 1497 758 et

370 799 406 863 in
439 797 600 863 dominico
633 821 700 875 suc,
729 821 789 862 nec
817 808 1035 863 antecessores
1062 799 1164 884 ipsius
1192 797 1350 862 Willelmi
1378 798 1495 862 elium

371 900 551 986 ingressum
572 900 757 964 habuerunt
776 901 811 964 in
826 901 1052 965 terramillam
1067 900 1129 964 nisi
1144 923 1203 985 per
1216 900 1431 964 intrusionem
1447 909 1495 964 et

371 1003 458 1090 quod
467 1003 621 1068 termille
629 1007 681 1068 'est
692 1003 743 1068 ius
754 1026 850 1068 suum
862 1004 956 1067 offert
965 1003 1161 1067 diracionare
1171 1025 1284 1068 uersus
1295 1026 1371 1068 eum
1382 1013 1491 1088 prout

371 1107 461 1172 curia
485 1106 744 1184 considerauerit,
773 1108 827 1171 uel
852 1107 1025 1172 defendere
1054 1107 1082 1170 si
1110 1106 1200 1171 curia
1228 1106 1490 1170 considerauerit

372 1211 458 1296 quod
473 1210 542 1296 ipse
557 1211 742 1274 Willelmus
755 1211 883 1275 nullum
898 1211 949 1275 ius
963 1211 1063 1276 habet
1078 1211 1113 1275 in
1127 1219 1215 1276 terra
1228 1211 1292 1276 illa

294 1311 297 1318 ’
438 1315 482 1378 Et
493 1315 677 1379 Willelmus
687 1315 780 1378 uenit
792 1323 825 1378 et
837 1315 929 1400 ponit
944 1337 979 1379 se
993 1315 1028 1379 in
1043 1338 1194 1400 magnam
1209 1317 1341 1382 assisam
1356 1315 1486 1380 domini

373 1415 473 1503 Regis
488 1425 546 1481 etc.
564 1425 598 1481 et
612 1417 697 1502 petit
712 1417 966 1502 recognicionem
981 1417 1052 1480 fieri
1072 1425 1184 1480 utrum
1207 1417 1276 1502 ipse
1300 1415 1405 1482 maius
1429 1418 1486 1490 ius

373 1520 492 1586 habeat
504 1521 636 1585 tenendi
646 1529 766 1586 tenum
776 1522 867 1586 illam
877 1521 918 1586 de
930 1522 999 1607 ipso
1014 1523 1140 1608 Rogero
1154 1521 1276 1588 scilicet
1282 1523 1306 1608 j.
1316 1523 1480 1608 uirgatam

373 1629 458 1686 terre
480 1629 515 1686 et
537 1621 704 1686 dimidiam
726 1645 801 1687 cum
823 1623 1030 1708 pertinenciis
1050 1645 1093 1688 an
1112 1623 1182 1708 ipse
1202 1624 1348 1710 Rogemus
1368 1633 1482 1688 tenere

374 1747 445 1790 eam
461 1725 496 1789 in
511 1725 678 1790 dominico,
700 1724 706 1810 Ι

439 1827 614 1893 ¹Rcbertus
626 1829 713 1894 filius
721 1829 841 1906 Burni,
852 1829 1003 1896 Oliuerus
1011 1829 1148 1906 Auenel,
1158 1829 1332 1895 Gaufridus
1343 1829 1481 1893 Telebot

293 1922 326 1952 ⁰¹²
373 1941 407 1998 et
418 1933 525 2000 Adam
536 1934 576 1998 de
589 1935 819 2020 Domapetona
829 1935 885 2020 iiij.
898 1935 1019 1999 milites
1030 1935 1070 1999 de
1086 1935 1243 2000 comitatu
1260 1934 1480 2000 Suthantunie

372 2039 461 2103 missi
475 2038 517 2104 ad
532 2039 750 2124 Reginuldum
764 2039 805 2102 de
820 2039 1007 2103 Albemsrla
1021 2038 1078 2123 qui
1093 2061 1128 2102 se
1147 2037 1323 2102 essoniauit
1337 2037 1379 2101 de
1394 2037 1481 2100 malo

371 2141 447 2205 lecti
462 2163 575 2206 uersus
589 2141 760 2205 Metheum
774 2140 878 2204 filium
894 2140 1069 2204 Hereberti
1088 2147 1122 2203 et
1142 2139 1327 2204 Johannem
1345 2161 1479 2202 uxorem

371 2243 441 2307 eius
456 2243 497 2307 de
510 2243 630 2329 placito
645 2253 729 2307 terre
744 2243 830 2307 unde
846 2243 932 2307 idem
949 2243 1101 2306 Matheus
1121 2251 1155 2306 et
1169 2243 1192 2307 J
1195 2240 1352 2306 ohannes²
1365 2243 1481 2306 dicunt

373 2345 459 2429 quod
480 2345 549 2431 ipse
571 2346 771 2432 Reginaldus
793 2345 869 2410 fecit
891 2345 1046 2410 defaltum
1069 2367 1107 2409 eo
1129 2344 1215 2430 quod
1237 2367 1302 2408 non
1324 2345 1418 2408 uenit
1438 2345 1480 2408 ad

372 2447 459 2510 diem
482 2447 545 2512 sibi
564 2447 679 2511 datum
699 2470 757 2532 per
772 2448 900 2512 eosdem
915 2447 1045 2524 milites,
1060 2447 1199 2512 ueniunt
1214 2457 1249 2511 et
1263 2447 1377 2511 dicunt
1393 2449 1480 2532 quod

371 2549 434 2634 ipsi
457 2549 564 2614 Adam
588 2559 622 2614 et
646 2551 807 2615 Rebertus
828 2551 960 2614 fuerunt
980 2549 1021 2614 sd
1036 2549 1176 2613 eundem
1191 2549 1410 2635 Reginnldum
1426 2548 1480 2613 die

207 2659 357 2749 3⁰33ngst
371 2653 467 2718 Merc
482 2675 569 2739 prox.
585 2661 662 2717 ante
677 2653 747 2716 fest.
764 2653 841 2716 Nat.
858 2653 889 2716 S.
905 2651 928 2716 J
930 2652 980 2717 oh.
996 2652 1089 2716 Babt
1106 2661 1140 2716 et
1160 2651 1320 2716 dederunt
1340 2651 1371 2715 ei
1391 2651 1480 2716 diem

370 2779 391 2821 a
404 2756 457 2820 die
472 2757 495 2822 J
496 2757 566 2820 ouis
581 2756 645 2820 scil.
661 2778 682 2820 a
696 2755 835 2820 crastino
850 2755 885 2818 in
900 2777 949 2818 xv.
965 2754 1034 2819 diss
1049 2755 1138 2839 apud
1152 2755 1479 2820 westmonasterium

369 2867 404 2924 et
418 2860 475 2924 ulii
489 2859 554 2924 duo
569 2867 730 2924 uenerunt
750 2858 792 2924 ad
812 2881 888 2922 eum
908 2859 1022 2922 eadem
1042 2857 1095 2922 die
1113 2858 1207 2922 Jouis
1223 2866 1257 2922 et
1272 2857 1433 2922 dederunt
1449 2857 1481 2922 ei

368 2963 508 3027 eundem
518 2962 613 3039 diem,
623 2971 657 3025 et
666 2961 785 3047 quesiti
795 2961 881 3046 quod
890 2969 1070 3024 warantum
1081 2960 1157 3025 inde
1167 2961 1353 3025 habuerrmt
1364 2961 1480 3025 dicunt

368 3067 454 3152 quod
469 3068 646 3132 uicecomes
661 3068 708 3131 eis
727 3066 871 3152 precepit
890 3074 941 3130 set
955 3066 1082 3130 nullum
1097 3064 1283 3129 habuerunt
1304 3066 1404 3130 breue
1419 3088 1480 3129 nec

368 3171 547 3235 uicecomes
555 3171 696 3255 aliquem
706 3170 792 3234 diem
802 3169 984 3234 nominauit
994 3177 1028 3234 et
1038 3169 1112 3234 ideo
1120 3177 1197 3233 sunt
1207 3169 1242 3233 in
1253 3169 1478 3234 misericordia

434 3274 478 3336 Et
507 3272 707 3358 Reginaldns
737 3273 816 3337 dicit
842 3295 939 3357 super
964 3272 1039 3336 hoc⁸
1065 3272 1151 3357 quod
1177 3272 1309 3336 uidetur
1334 3271 1365 3336 ei
1391 3272 1478 3357 quod

367 3376 520 3440 Matheus
545 3375 622 3439 fecit
647 3375 802 3439 defaltsm
829 3375 906 3460 quie
932 3375 1053 3439 milites
1079 3375 1240 3438 dederunt
1266 3375 1297 3438 ei
1321 3373 1409 3438 diem
1435 3373 1478 3438 erl

367 3501 464 3564 quem
479 3478 548 3563 ipse
563 3478 656 3542 uenit
676 3487 710 3541 et
730 3479 883 3542 Matheus
902 3499 967 3542 non
989 3477 1083 3542 uenit
1105 3500 1164 3542 nec
1186 3499 1221 3542 se
1243 3477 1419 3544 essuniauit
1442 3487 1478 3541 et

366 3583 452 3668 petit
467 3583 527 3646 hoc
541 3582 604 3646 sibi
618 3583 756 3648 allocuti.

261 3767 266 3776 ·
431 3687 558 3752 ‘Assisa
571 3689 664 3752 uenit
679 3689 885 3774 recognitum
907 3697 1019 3752 utrum
1043 3711 1110 3752 una
1125 3687 1308 3773 particulu⁵
1332 3695 1417 3751 terre
1442 3697 1477 3752 et

269 3779 308 3808 θ’·
366 3790 502 3855 dimidia
523 3814 597 3855 cum
619 3792 828 3877 pertinenciis
850 3791 884 3856 in
908 3791 1075 3856 Holkham
1098 3815 1177 3877 quas
1204 3791 1362 3855 Ricardus
1388 3791 1476 3855 filius

366 3894 490 3981 Adgsn'
512 3903 604 3958 tenet
626 3894 676 3957 et⁶
697 3917 753 3958 sex
775 3916 847 3958 acre
871 3903 954 3958 terre
977 3917 1051 3958 cum
1074 3893 1282 3979 pertinenciis
1304 3893 1339 3956 in
1361 3893 1475 3957 eadem

398 4115 454 4167 ¹A.
469 4117 561 4174 m.10;
579 4117 607 4166 B.
621 4131 656 4166 m.
670 4117 694 4168 9.
977 4115 1060 4166 ⁸The
1076 4119 1130 4166 text
1144 4116 1193 4164 hes
1207 4115 1268 4165 here
1284 4129 1355 4164 some
1372 4129 1431 4164 cass
1448 4117 1478 4164 of

398 4181 409 4212 ¹
425 4181 450 4230 It
465 4181 559 4231 should
574 4182 604 4232 bs
618 4184 746 4241 «Iohanne,
760 4181 812 4232 and
827 4182 850 4232 is
865 4197 894 4233 so
945 4185 1073 4242 mediatur,
1093 4181 1144 4230 and
1162 4181 1240 4229 omits
1258 4183 1415 4229 medietatem
1432 4181 1474 4229 be·

367 4246 394 4294 in
407 4247 437 4297 B.
945 4249 999 4296 lore
1016 4249 1126 4296 ecclesie.
1161 4245 1225 4294 This
1239 4245 1262 4294 is
1277 4243 1475 4294 ablunderdue

398 4310 610 4374 ”Bstopshere
944 4316 972 4360 to
994 4327 1010 4361 a
1032 4310 1173 4360 correction
1196 4311 1271 4359 made
1290 4309 1317 4358 iu
1337 4311 1367 4368 A,
1390 4310 1475 4361 where

397 4376 409 4409 ⁴
424 4375 455 4426 A.
466 4391 501 4425 m.
515 4379 546 4426 10
557 4376 596 4435 d.;
614 4377 643 4427 B.
657 4392 690 4428 m
706 4379 729 4429 9.
944 4379 1099 4427 relecturum
1110 4375 1159 4427 hus
1171 4375 1234 4426 been
1246 4374 1391 4426 interlined.

398 4441 408 4472 θ
421 4445 528 4504 pertica,
542 4442 572 4492 A.
581 4445 718 4506 perticata,
731 4443 761 4492 B.
