3308 5226
348 421 412 486 636
652 433 794 495 srnsnr,
817 433 880 484 nn.
906 419 1000 495 1234,
1021 433 1084 482 aa„
1110 421 1159 482 18.

349 803 409 868 DE
441 801 649 871 TERMINO
679 802 710 867 S.
742 799 962 866 HYLLARY
994 801 1126 866 ANNO
1163 799 1307 864 REGNI
1344 799 1461 864 HEN-

486 905 583 970 RIOI
614 904 725 969 FILII
755 903 890 968 REGIS
919 902 1158 968 IOHANNIS
1189 901 1321 967 XVIIJ.

290 1195 297 1208 ,
412 1125 564 1190 Johanna
578 1147 641 1210 que
657 1123 721 1188 fuit
742 1144 823 1188 uxor
842 1121 994 1209 Hugonis
1014 1122 1044 1188 le
1066 1121 1221 1208 Moingne
1241 1123 1327 1209 petit
1347 1145 1461 1187 uersus

214 1313 216 1318 ,
280 1254 298 1282 ιι
347 1229 510 1316 Rogertrm
537 1230 568 1293 le
593 1229 747 1314 Moingne
774 1227 907 1292 terciam
932 1235 1059 1314 partem
1086 1227 1172 1292 feodi
1193 1227 1217 1312 j.
1243 1227 1358 1292 militis
1384 1249 1460 1290 cum

347 1340 427 1418 pert.
442 1333 477 1397 in
494 1331 708 1418 Estanostige,
721 1339 755 1394 et
770 1329 903 1394 terciam
919 1337 1047 1415 partem
1062 1339 1178 1416 quarte
1194 1331 1296 1416 partis
1306 1325 1331 1416 j.
1344 1329 1462 1394 militis

345 1460 420 1502 cum
436 1445 517 1523 pert.
532 1437 567 1500 in
582 1435 822 1522 Westanostige
837 1443 876 1498 ut
890 1434 1001 1499 dotem
1016 1457 1108 1500 suem
1124 1443 1185 1500 etc.

413 1541 456 1604 Et
471 1541 617 1627 Rogems
631 1539 725 1604 uenit
740 1547 774 1603 et
789 1537 869 1603 dicit
884 1538 970 1625 quod
990 1561 1055 1602 non
1076 1538 1175 1603 debet
1196 1539 1305 1603 dotem
1328 1536 1458 1612 habere,

347 1643 425 1729 quia
446 1643 546 1707 habet
568 1641 686 1718 dotem,
706 1642 771 1707 scil.
792 1642 922 1707 feodum
942 1641 1071 1708 dimidii
1092 1642 1208 1707 militis
1230 1665 1304 1706 cum
1327 1641 1459 1726 pertin

349 1747 540 1812 Fotesduna

287 1879 288 1884 ¹
414 1851 457 1915 Et
471 1851 494 1916 J
495 1850 623 1915 ohanna
637 1871 695 1935 per
709 1857 910 1914 attornatum
927 1871 1022 1914 suum
1038 1849 1132 1914 uenit
1147 1856 1181 1912 εὴ
1196 1847 1277 1913 dicit
1291 1848 1378 1934 quod
1392 1871 1458 1912 non

349 1963 440 2020 tenet
470 1964 589 2019 terram
618 1954 707 2018 illam
737 1955 867 2019 nomine
894 1954 979 2019 dotis
1005 1954 1040 2018 in
1066 1953 1261 2032 Fotesduna,
1287 1962 1338 2018 set
1364 1961 1459 2018 tenet

349 2061 572 2126 terramillam
588 2067 626 2123 ut
640 2059 730 2124 illam
746 2059 832 2124 unde
844 2059 908 2123 fuit
919 2059 1051 2124 leoffets
1065 2081 1240 2144 perunum
1256 2059 1457 2144 quarterium
1583 2126 1585 2129 ,

348 2165 427 2229 anni
440 2172 616 2250 antequam
631 2162 718 2227 idem
734 2163 834 2249 Hugo
854 2186 926 2228 eam
946 2163 1172 2249 desponsasset
1194 2172 1228 2228 et
1249 2162 1291 2228 de
1313 2163 1460 2249 predicto

350 2269 498 2353 Hugone.
544 2267 660 2330 Postea
677 2266 771 2330 uenit
791 2266 863 2351 ipsa
883 2267 1036 2332 Iohanne
1057 2289 1116 2353 per
1137 2275 1339 2332 attornatum
1362 2290 1459 2332 suum

349 2381 383 2436 et
402 2379 494 2436 tenet
513 2393 547 2434 se
567 2377 755 2434 contentam
775 2370 815 2434 de
836 2371 938 2435 tercia
960 2379 1052 2457 parte
1074 2372 1220 2436 omnium
1243 2380 1400 2436 terrarum
1424 2381 1460 2437 et

350 2481 609 2539 tenementorum
636 2495 699 2558 quc
725 2473 796 2559 ipsa
820 2481 914 2538 tenet
937 2483 971 2538 et
997 2474 1084 2539 unde
1108 2474 1189 2539 dicit
1215 2475 1301 2560 quod
1328 2475 1461 2539 feoffata

350 2581 413 2645 fuit
432 2587 467 2644 et
487 2579 528 2643 de
549 2577 650 2642 tercia
669 2587 762 2664 perte
783 2586 941 2643 terrarum
962 2587 997 2643 et
1019 2586 1282 2643 tenementorum
1304 2601 1367 2665 que
1390 2579 1460 2664 ipse

311 2724 313 2729 -
350 2683 496 2769 Rogems
511 2688 603 2746 tenet
618 2688 653 2744 et
671 2679 778 2744 reddit
799 2679 906 2745 eidem
928 2681 1055 2767 Rogero
1076 2679 1158 2745 duas
1180 2689 1288 2764 partes
1310 2680 1351 2745 de
1374 2689 1463 2745 terra
1534 2731 1536 2733 -

349 2809 447 2873 quam
462 2785 546 2872 ipsa¹
561 2794 654 2850 tenet
669 2785 717 2849 ita
731 2785 818 2871 quod
832 2784 909 2850 inde
925 2785 1045 2850 habeat
1060 2793 1173 2870 postea
1187 2785 1253 2849 tale
1271 2807 1461 2871 recuperare

351 2893 445 2979 quale
469 2892 587 2956 habere
609 2891 715 2956 debet.
761 2890 806 2954 Et
828 2890 901 2955 ideo
923 2891 1070 2978 Rogerus
1096 2890 1216 2955 habeat
1241 2890 1392 2954 seisiuam
1418 2890 1461 2954 de

350 2995 415 3060 illis
444 2995 570 3060 duabus
599 2993 756 3079 partibus,
783 3001 817 3058 et
842 2993 914 3079 ipss
940 2993 1092 3058 seisinam
1118 3015 1210 3058 suam
1237 2993 1277 3057 de
1306 2992 1462 3078 predictis

351 3101 459 3166 terciis
474 3099 622 3186 partibus
637 3122 695 3186 per
710 3106 818 3163 totum
833 3097 1011 3164 secundum
1027 3099 1111 3184 quod
1127 3097 1310 3184 predictum
1324 3107 1383 3162 est.

293 3284 299 3296 Ι
415 3204 535 3269 durata
564 3204 657 3268 uenit
685 3203 892 3290 recognitum
920 3203 948 3268 si
977 3203 1125 3268 homines
1154 3202 1194 3267 de
1225 3203 1463 3268 Orawemerse'

249 3343 296 3372 ron.
350 3331 478 3394 semper
506 3309 611 3374 solent
640 3317 675 3374 et
704 3308 826 3374 debent
859 3310 962 3374 lacere
998 3331 1116 3395 panem
1152 3315 1187 3372 et
1220 3308 1390 3372 ceruisism
1427 3317 1463 3372 et

351 3412 491 3477 uendere
521 3435 639 3498 panem
673 3421 708 3477 et
742 3411 913 3478 oeruisiam
946 3412 982 3476 in
1016 3411 1239 3478 crawemerse.
1301 3411 1345 3475 Et
1374 3412 1462 3476 unde

351 3518 527 3602 burgenses
552 3516 592 3580 de
616 3515 884 3603 Wallingefordie
910 3514 1025 3580 dicunt
1050 3514 1136 3600 quod
1163 3537 1227 3578 non
1253 3513 1376 3578 debent
1401 3536 1462 3579 nec

350 3623 455 3688 solent
476 3645 594 3709 panem
613 3621 618 3708 Ι
639 3631 673 3686 et
694 3621 865 3686 ceruisiam
889 3621 935 3686 ibi
958 3621 1108 3696 uendere,
1131 3628 1165 3684 et
1188 3619 1248 3684 hcc
1270 3627 1363 3705 petet
1385 3620 1465 3706 quia

352 3737 496 3813 tempore
525 3726 626 3812 Regis
654 3726 684 3791 J.
710 3725 912 3811 prohibitum
939 3725 1003 3789 fuit
1028 3723 1182 3810 predictis
1207 3723 1394 3789 hominibus
1420 3726 1463 3790 de

351 3831 565 3896 Grawemerse
581 3828 668 3915 quod
682 3850 742 3893 nec
753 3851 871 3915 panem
883 3851 943 3894 uec
954 3828 1125 3893 ceruisiam
1137 3827 1259 3892 ibidem
1271 3829 1464 3906 uenderent,

351 3935 398 4000 ita
413 3933 499 4020 quod
513 3933 601 3997 idem
617 3933 710 3997 Dom.
725 3932 755 3997 J.
771 3931 844 3996 Rex
859 3931 950 3996 misit
965 3932 1088 3997 ibidem
1109 3939 1250 4018 quatuor
1269 3931 1465 3998 iusticiarios

350 4061 424 4103 suos
458 4035 499 4101 ad
534 4034 787 4121 prohibicionem
820 4035 911 4099 illem
941 4034 1131 4111 faciendam,
1160 4043 1195 4099 et
1224 4034 1287 4120 ipsi
1316 4035 1466 4100 lecerunt

351 4136 587 4224 furnosfrangi‚
603 4145 637 4200 et
652 4136 802 4221 plumbus
822 4136 973 4202 arraciari
993 4145 1027 4201 et
1047 4135 1166 4200 deferri
1186 4144 1269 4222 aput
1283 4135 1465 4225 Wsllinge-

351 4243 486 4307 fordiam
501 4249 535 4305 et
550 4239 709 4326 prosterni
724 4241 871 4304 fecerunt
886 4239 1145 4304 twimberellum.

385 4396 463 4458 ¹'ipae
474 4391 572 4442 altered
583 4390 639 4440 into
651 4393 716 4454 ipsa.
930 4389 978 4440 but
993 4405 1027 4440 on
1044 4389 1089 4439 the
1105 4389 1274 4440 Oxlordshire
1289 4390 1359 4441 bank
1374 4393 1405 4442 cl
1420 4393 1466 4444 the

383 4461 394 4492 ²
411 4457 580 4515 Orowmarsb
592 4456 660 4506 close
672 4460 699 4505 to
708 4453 881 4517 wallingford
932 4455 1054 4506 Thamea
