3360 5236
527 443 751 524 nessusque.
778 448 870 524 1232,
892 461 956 512 ns„
982 449 1029 512 16.
1265 451 1326 512 535

220 637 441 705 maritandum
457 659 533 703 eum
547 637 614 703 filie
628 659 687 703 sue
701 635 853 715 Albrede,
867 637 916 702 its
930 633 1017 722 quod
1031 633 1122 700 dedit
1142 634 1173 702 ci
1193 634 1326 700 terciam

220 749 347 828 partem
376 741 522 807 omnium
551 748 710 808 terrarum
739 763 871 806 suerum
900 739 943 805 ad
976 738 1155 804 dotandum
1190 738 1326 804 eandem

219 845 397 912 Albredsm
411 867 470 932 per
484 853 607 911 certem
621 844 723 931 ipsius
739 843 874 910 Henrioi
890 865 987 930 quarn
1002 835 1123 930 profert
1138 851 1173 908 et
1188 865 1251 929 que
1266 843 1327 908 hoc

192 957 367 1020 testetur.

284 1053 329 1120 Et
348 1055 532 1120 Willelmus
551 1076 611 1140 per
629 1061 831 1120 attornetum
850 1075 947 1118 suurn
967 1051 1047 1118 dicit
1069 1051 1155 1138 quod
1176 1073 1241 1116 non
1263 1051 1327 1116 luit

218 1157 391 1223 maritatus
417 1165 563 1244 tempore
588 1157 728 1244 predicti
757 1156 893 1222 Henrici
918 1178 979 1221 nec
1007 1155 1113 1222 adhuc
1138 1154 1258 1220 nubilis
1287 1177 1326 1220 eo

219 1259 305 1347 quod
334 1260 467 1326 minoris
496 1262 594 1327 etatis
623 1269 682 1340 est,
706 1269 740 1326 et
766 1260 833 1326 filis
865 1261 967 1347 ipsius
996 1259 1156 1326 Johannis
1189 1267 1239 1325 est
1267 1259 1326 1346 iiij.

219 1385 377 1428 annorum
391 1364 445 1428 uel
460 1386 488 1429 v.
534 1365 578 1429 Et
593 1364 666 1430 ideo
681 1364 778 1430 datus
795 1373 846 1430 est
865 1365 912 1430 eis
926 1364 996 1430 dies
1010 1373 1070 1430 etc.
1086 1371 1121 1430 et
1135 1363 1260 1429 dictum
1276 1371 1326 1430 est

219 1466 325 1532 cidem
354 1467 499 1533 Johenni
528 1469 613 1555 quod
638 1478 718 1534 tunc
754 1469 874 1534 hebeat
907 1469 1089 1555 predictum
1123 1469 1325 1534 Willelmum

219 1561 325 1636 coram
347 1571 532 1637 iusticieriis
549 1581 584 1638 et
606 1573 808 1659 prohibitum
831 1581 881 1638 est
903 1573 935 1638 ei
957 1573 1044 1660 quod
1065 1595 1130 1638 non
1153 1573 1326 1638 maritetur

219 1673 260 1740 de
275 1683 382 1740 cetero
396 1676 460 1740 nisi
475 1676 649 1742 maritatus
663 1676 716 1744 sit.

160 1839 169 1856 ,
285 1779 468 1846 Willelmus
483 1780 569 1846 filius
583 1779 703 1868 Rogeri
714 1779 920 1846 athachiotus
932 1779 996 1845 luit
1010 1779 1053 1846 ed
1067 1778 1326 1866 respondendum
1432 1798 1449 1829 τ·

220 1883 383 1960 Willelmo
400 1883 530 1970 Feirfay
545 1907 643 1971 quare
658 1884 792 1949 intrusit
812 1906 847 1950 se
865 1885 901 1949 in
923 1884 942 1950 l.
963 1907 1024 1950 aer.
1039 1891 1125 1949 terre
1148 1906 1223 1949 oum
1244 1891 1328 1970 pert.

219 1987 254 2054 in
269 1988 435 2054 Askehem
450 1989 614 2054 occasione
628 1989 669 2054 xl
685 2010 746 2054 eor.
762 1996 847 2054 terre
863 2011 937 2054 cum
957 1995 1037 2074 pert.
1058 1987 1094 2052 in
1114 1987 1227 2052 eedem
1247 1986 1329 2054 uilla

220 2101 255 2158 et
280 2091 418 2158 duarum
444 2093 590 2178 parcium
616 2093 714 2158 unius
739 2093 898 2180 mesuagii
923 2115 996 2158 oum
1023 2101 1105 2179 pert.
1129 2114 1210 2178 quas
1239 2091 1328 2157 idem

220 2195 405 2262 willelmus
419 2196 507 2261 filius
520 2197 641 2284 Rogeri
661 2219 768 2262 corum
787 2197 973 2263 iusticiuriis
992 2196 1222 2262 itinerantibus
1239 2196 1328 2282 opud

220 2299 446 2366 Dsncastriam
460 2301 666 2388 recuperauit
680 2323 793 2368 uersus
802 2301 984 2388 predictum
992 2301 1195 2367 Willclmum
1210 2301 1328 2385 Foriay

220 2427 278 2493 per
299 2406 431 2470 assisam
450 2406 564 2472 mortis
583 2406 792 2472 antecessoris
813 2405 936 2472 ibidem
958 2405 1118 2472 intereos
1140 2413 1268 2491 captam
1292 2413 1327 2469 et

220 2509 308 2575 unde
322 2509 471 2596 queritur
485 2509 571 2596 quod
585 2532 644 2597 per
662 2509 876 2576 intrusionem
896 2509 986 2575 illem
1006 2509 1256 2596 dampnifioetus
1276 2517 1327 2575 est

220 2613 263 2679 ed
277 2614 458 2679 ualencicm
473 2637 522 2680 xv.
538 2637 632 2681 marc.
650 2623 684 2680 et
698 2615 759 2680 hoc
774 2615 868 2680 offert
883 2623 943 2681 etc.
961 2613 967 2702 Ι

285 2719 330 2783 Et
345 2718 527 2784 Willelmus
541 2719 629 2784 filius
643 2719 763 2807 Rogeri
782 2719 876 2785 uenit
898 2727 933 2784 et
952 2718 1099 2785 defendit
1113 2719 1326 2785 intrusionem

220 2829 255 2887 et
276 2821 357 2888 dicit
378 2821 465 2909 quod
486 2823 587 2888 nichil
609 2831 702 2889 tenet
725 2824 788 2889 nisi
813 2822 900 2910 quod
925 2823 957 2890 ei
981 2823 1156 2889 liberatum
1180 2823 1244 2888 fuit
1269 2843 1328 2908 per

220 2925 377 2991 iumtores
405 2927 550 3013 predicte
580 2928 678 2993 assise
707 2935 758 2994 set
791 2927 875 2994 bene
911 2928 1075 3015 cognoscit
1112 2927 1198 3014 quod
1234 2935 1327 2992 tenet

220 3029 383 3116 predictus
397 3031 439 3094 xl.
455 3053 516 3096 eor.
532 3039 568 3096 et
582 3039 731 3118 pretereo
745 3032 766 3097 l.
781 3053 841 3097 scr.
858 3040 897 3097 ut
916 3033 1119 3119 pertinentes
1138 3032 1180 3096 sd
1196 3031 1326 3096 easdem

220 3133 262 3198 xl.
276 3155 338 3199 scr.
382 3133 427 3198 Et
448 3134 526 3220 quis
547 3135 567 3200 l.
590 3157 651 3200 scr.
676 3158 741 3200 non
763 3136 930 3222 pertinent
952 3135 994 3201 ad
1015 3134 1177 3222 predictas
1194 3135 1235 3200 xl.
1256 3157 1326 3213 eon,
1339 3139 1491 3237 {¹32⁸le

220 3245 410 3323 preceptum
440 3247 490 3303 est
526 3238 711 3304 uiceoomiti
747 3241 834 3327 quod
871 3241 969 3306 facist
998 3241 1150 3306 seisinom
1170 3239 1326 3326 ,predicto

220 3341 384 3407 Willelmo
405 3341 472 3407 filio
494 3343 614 3430 Rogeri
636 3343 676 3409 de
700 3343 827 3410 duabus
846 3344 994 3432 pertibus
1014 3344 1173 3431 mesuagii
1190 3343 1327 3430 predicti
1340 3330 1480 3425 ffifflffi

1340 3423 1490 3463 clamator.

220 3451 255 3510 et
276 3443 317 3510 de
340 3445 380 3511 xl.
404 3468 464 3511 scr.
488 3469 562 3512 cum
584 3447 679 3513 bosco
702 3456 736 3512 et
754 3457 888 3535 pastura
907 3457 941 3514 et
961 3457 1054 3535 preto
1072 3447 1194 3513 eisdem
1209 3447 1249 3512 xl.
1266 3469 1325 3512 cor.
1340 3474 1418 3557 {effic
1425 3471 1478 3556 u'un

220 3549 468 3635 pertinentibus,
493 3551 592 3616 etde
618 3559 688 3617 toto
713 3553 842 3618 residuo
867 3553 964 3618 facist
987 3552 1138 3618 seisinam
1164 3551 1476 3660 Willsslmvffiffl

220 3653 358 3741 husay,
373 3661 408 3718 et
427 3653 469 3720 sd
491 3655 577 3720 diem
600 3664 634 3721 et
656 3657 763 3722 locum
786 3679 883 3743 quem
906 3657 954 3722 W.
978 3657 1019 3721 de
1043 3654 1478 3753 Eboroco¹eidem{3302013022¹>

220 3758 404 3822 uicecomiti
419 3758 498 3823 scire
514 3759 610 3824 saciet
628 3760 726 3825 faciet
745 3759 857 3825 uenire
878 3783 984 3825 coram
1000 3783 1038 3825 eo
1053 3760 1106 3847 xij.
1124 3768 1192 3826 tam
1207 3759 1328 3824 milites
1341 3752 1489 3846 {flfflffff‘ql'ff
1568 3792 1572 3800 ·

220 3869 281 3926 etc.
311 3861 351 3926 de
381 3861 509 3927 uisneto
539 3863 579 3928 de
616 3862 795 3929 Alkehem¹
826 3865 867 3930 ad
904 3863 1196 3951 recognoscendum
1233 3887 1329 3950 super
1341 3845 1492 3934 ieii‘s'sssclr

220 3973 460 4031 sacramentum
482 3989 577 4032 suum
600 3989 664 4055 que
686 3967 828 4054 dompne
849 3968 1034 4034 Willelmus
1059 3967 1189 4056 Feirley
1213 3967 1330 4032 habuit

222 4091 281 4156 per
304 4069 484 4156 predictam
510 4070 723 4136 intrusionem
753 4079 788 4136 ct
817 4071 859 4136 od
889 4071 977 4137 diem
1006 4072 1099 4138 illurn
1129 4073 1210 4138 scire
1232 4071 1330 4138 faciat

255 4295 266 4328 ¹
283 4293 337 4344 'l'he
348 4293 439 4346 sheriff
455 4294 479 4346 is
491 4299 518 4348 to
530 4297 586 4358 give
602 4299 750 4362 possession
801 4303 1008 4363 oppurtensnoes
1020 4300 1050 4350 ol
1057 4299 1144 4350 sreble
1154 4298 1227 4350 lund.

223 4359 600 4424 tolhepersondispossessed.
629 4365 685 4415 One
694 4378 751 4415 sore
834 4365 918 4416 'One
929 4365 958 4414 ol
966 4365 1012 4415 the
1026 4365 1139 4428 justioes.
1174 4362 1330 4416 Alterwerds

225 4429 322 4476 cannot
343 4425 374 4476 be
390 4431 568 4489 apportemus
585 4433 613 4478 to
629 4429 748 4490 another,
802 4431 842 4494 Bp
854 4431 883 4479 ol
892 4430 1034 4492 Safisbury.

224 4491 272 4540 bul
292 4492 397 4554 psstnre
419 4490 473 4542 end
495 4491 631 4544 woodlund
652 4509 700 4544 cun
720 4495 750 4545 be
834 4494 1075 4548 'conduratam
