3360 5236
506 454 656 516 rerum,
679 453 745 506 ιι).
770 439 862 514 1225,
885 453 947 502 aa
972 437 999 502 9.
1242 433 1303 496 545

199 643 283 698 terre
312 654 370 718 per
398 631 505 717 ipsum
536 627 719 694 Ricardum.
778 625 934 708 Quesitus
967 626 995 691 si
1027 625 1147 691 habeat
1184 631 1305 690 cartam

201 734 329 800 Ricardi
351 735 392 800 de
412 733 613 800 concessione
637 731 765 797 heredis
786 730 867 796 dicit
889 729 976 817 quod
997 729 1086 794 illam
1108 729 1243 795 habebit
1265 728 1307 795 ad

200 838 310 903 horam
325 845 360 902 et
375 837 559 902 terminum.
598 835 675 900 Post
690 832 827 920 protulit
837 839 1021 898 attornatus
1034 831 1171 898 Comitis
1185 839 1307 898 cartam

200 943 343 1008 eiusdem
373 930 507 1005 Ricardi
534 961 597 1024 que
627 945 769 1003 testatur
798 935 884 1023 quod
914 935 1071 1002 concessit
1100 944 1135 1001 et
1159 935 1308 1023 quietum

200 1045 354 1112 clamauit
380 1043 486 1109 eidem
513 1041 635 1108 Gcmiti
661 1062 756 1106 omne
780 1039 832 1104 ius
857 1040 945 1126 quod
970 1039 1087 1104 habuit
1112 1039 1166 1104 uel
1190 1038 1309 1104 habere

201 1151 310 1238 potuit
324 1151 359 1216 in
374 1148 498 1238 guarda
513 1155 597 1213 terre
611 1155 647 1212 et
662 1145 789 1211 heredis
803 1145 826 1210 J
827 1145 962 1211 ohannis
977 1144 1017 1210 de
1033 1145 1200 1232 Spextona
1214 1153 1273 1210 etc.

265 1258 308 1322 Et
323 1253 495 1321 Ricardus¹
510 1253 617 1319 adhuc
632 1252 712 1318 dicit
727 1251 813 1338 quod
824 1273 991 1338 nunquam
1003 1249 1119 1316 habuit
1130 1249 1309 1316 custodiam

202 1361 327 1427 heredis
347 1360 426 1447 quia
445 1367 538 1445 pater
556 1379 635 1424 suus
649 1357 734 1422 sicut
748 1357 930 1443 predictum
946 1365 996 1422 est
1010 1356 1100 1422 illam
1115 1354 1207 1420 dedit
1222 1354 1310 1420 Gau·

202 1465 282 1530 frido
303 1465 344 1530 de
365 1465 463 1550 Lucy.
509 1464 552 1527 Et
572 1462 651 1548 quia
671 1461 788 1528 Comes
808 1462 868 1528 hoc
888 1484 952 1527 non
967 1461 1089 1528 dedicit
1103 1469 1138 1526 et
1153 1459 1311 1526 Ricardus

203 1593 369 1657 nunquam
393 1568 516 1656 aliquid
544 1567 661 1633 habuit
686 1567 721 1632 in
747 1567 894 1632 custodia
919 1566 1046 1632 heredis
1071 1564 1309 1632 consideratum

203 1681 252 1738 est
268 1673 355 1759 quod
370 1671 526 1737 Ricardus
541 1669 584 1736 sit
599 1669 675 1735 inde
690 1669 829 1756 quietus,
845 1679 879 1734 et
895 1669 1010 1736 Comes
1025 1669 1060 1734 in
1075 1668 1297 1734 misericordia

147 1835 152 1845 .
266 1779 387 1844 'Adam
408 1778 487 1842 Tart
508 1776 647 1862 Gurteys
666 1775 881 1840 summonitus
903 1775 966 1840 fuit
988 1774 1030 1840 ad
1051 1773 1310 1861 respondendum
1409 1767 1439 1798 ⁰⁸

203 1882 366 1947 Willelmo
392 1879 552 1944 Maubaut
577 1900 641 1964 quo
666 1877 736 1942 iure
760 1877 864 1964 exigit
889 1899 1093 1942 communem
1119 1884 1251 1963 pastore
1276 1875 1312 1940 in

77 2013 80 2016 ·
203 1994 289 2050 terra
317 1983 419 2070 ipsius
446 1981 602 2046 Willelmi
628 1980 668 2046 de
693 1980 842 2045 Hortona
865 1980 991 2046 desicut
1016 1979 1104 2046 idem
1128 1978 1313 2044 Willelmus

203 2089 325 2154 nullam
355 2088 456 2153 habet
484 2109 689 2152 communem
721 2085 757 2150 in
789 2095 875 2150 terra
903 2085 1004 2172 ipsius
1033 2085 1106 2151 Ade
1136 2105 1195 2150 nec
1224 2083 1310 2150 idem

203 2192 310 2258 Adam
324 2190 497 2256 seruicium
513 2199 574 2256 etc.

268 2299 313 2362 Et
327 2295 434 2361 Adam
450 2295 542 2362 uenit
557 2303 591 2360 et
608 2294 688 2360 dicit
703 2293 788 2380 quod
803 2294 872 2380 ipse
887 2293 974 2358 iuste
989 2293 1092 2380 exigit
1107 2314 1311 2358 communam

204 2402 281 2488 quia
302 2408 517 2466 antecessores
540 2399 697 2464 Willelmi
719 2398 759 2464 de
781 2399 904 2464 Breusa
922 2397 963 2463 de
984 2398 1103 2464 honore
1123 2397 1163 2464 de
1184 2397 1313 2463 Bremle

205 2507 408 2571 feofauerunt
423 2513 639 2570 antecessores
659 2504 731 2569 Ade
752 2503 792 2569 de
814 2511 900 2569 terra
918 2503 959 2569 de
974 2503 1124 2569 Wicham
1142 2525 1216 2568 cum
1231 2510 1312 2589 pert.

208 2619 330 2675 etcum
346 2618 479 2696 pastura
493 2609 528 2674 in
542 2608 677 2674 marisco
697 2607 738 2674 de
759 2607 908 2672 Hortona
927 2629 985 2694 per
1004 2631 1077 2673 xxx.
1092 2629 1193 2673 annos
1209 2606 1312 2694 prius-

207 2735 304 2798 quam
325 2722 540 2778 antecessores
562 2711 717 2777 Willelmi
737 2711 849 2777 feofati
869 2719 978 2776 essent
997 2711 1039 2776 ab
1059 2711 1314 2777 antecessoribus

206 2817 308 2903 ipsius
322 2816 480 2882 Willelmi
494 2816 535 2882 de
552 2817 675 2882 Breusa
694 2825 729 2882 et
749 2815 809 2882 hac
829 2817 955 2882 racione
976 2816 1080 2904 exigit
1100 2837 1311 2882 communem

207 2923 252 2986 Et
271 2920 351 2986 dicit
371 2921 457 3007 quod
480 2920 557 2986 iacit
579 2919 654 2986 inde
678 2921 851 2986 seruicium
875 2944 970 2986 suum
993 2921 1081 3007 apud
1104 2921 1233 2986 Bremle
1256 2942 1314 3006 pro

207 3035 293 3089 terra
307 3045 367 3088 sua
381 3022 477 3088 simul
498 3046 571 3088 cum
592 3033 725 3110 pastura
746 3024 803 3089 illa
822 3033 857 3089 et
877 3024 963 3110 quod
983 3024 1031 3089 ita
1050 3024 1094 3090 sit
1114 3023 1206 3110 ponit
1226 3045 1260 3088 se
1280 3023 1316 3088 in

207 3150 359 3216 magnam
388 3129 520 3194 assisam
547 3129 641 3194 Dom.
668 3129 767 3216 Regis
794 3138 828 3194 et
854 3129 939 3216 petit
965 3129 1220 3216 recognicionem
1245 3126 1316 3192 fieri

207 3243 319 3298 utrum
339 3231 408 3319 ipse
429 3232 534 3298 maius
553 3233 604 3297 ius
627 3232 747 3298 habeat
767 3233 802 3298 in
824 3241 958 3319 pastura
978 3233 1036 3299 illa
1057 3241 1096 3298 ut
1118 3232 1152 3296 in
1174 3231 1231 3297 illa
1252 3253 1317 3317 que

208 3337 350 3424 pertinet
379 3334 421 3401 ad
450 3336 588 3402 liberum
619 3344 844 3402 tenementum
873 3359 968 3402 suum
993 3336 1029 3402 in
1054 3334 1205 3402 Wicham
1230 3333 1317 3422 quod

208 3441 307 3506 hahet
327 3440 367 3506 de
388 3441 583 3508 feosamento
602 3449 840 3508 antecessorum
860 3441 1017 3508 Willelmi
1036 3440 1077 3506 de
1097 3441 1221 3506 Breusa
1240 3439 1317 3505 etsi

208 3547 244 3612 in
257 3547 375 3612 seisina
389 3547 453 3612 fuit
468 3570 527 3634 per
540 3547 661 3613 donum
680 3548 763 3614 illud
782 3549 823 3614 de
843 3547 956 3613 eadem
976 3555 1110 3634 pastura
1129 3545 1317 3633 priusquam

208 3659 295 3716 terra
313 3651 355 3717 de
375 3651 523 3718 Hortona
543 3659 602 3718 ete.
619 3653 673 3718 uel
692 3652 779 3718 idem
794 3652 977 3718 Willelmus
997 3649 1131 3717 tenendi
1151 3656 1318 3736 pasturam

211 3755 302 3821 illam
317 3755 387 3820 sine
403 3777 576 3821 commune
590 3777 688 3842 quam
704 3756 791 3821 idem
806 3757 913 3821 Adam
929 3757 1047 3822 habere
1062 3755 1190 3822 debeat.

275 3861 319 3925 Et
333 3859 518 3926 Willelmus
532 3861 616 3928 bene
631 3861 778 3926 concedit
793 3863 924 3928 assisam
939 3861 1017 3948 quia
1030 3860 1111 3927 dicit
1130 3859 1218 3947 quod
1231 3867 1319 3924 terra

210 3963 250 4029 de
266 3963 415 4028 Hortona
429 3962 507 4030 data
521 3963 585 4030 fuit
605 3957 859 4031 antecessoribus
878 3965 945 4030 suis
964 3965 999 4030 in
1019 3963 1227 4051 maritagium
1248 3961 1318 4026 sine

155 4083 157 4088 '
211 4091 383 4135 commune
411 4091 510 4156 quam
540 4078 756 4137 antecessores
784 4070 857 4136 Ade
892 4079 972 4136 tunc
1000 4069 1193 4136 habuerunt
1238 4065 1318 4132 Dies

211 4170 307 4238 datus
322 4181 372 4238 est
386 4173 421 4238 in
436 4195 464 4239 v.
480 4175 678 4261 septimanas
692 4199 712 4240 a
726 4175 785 4240 tali
800 4175 852 4240 die
869 4184 902 4240 et
917 4174 1053 4240 ueniant
1064 4181 1144 4238 tunc
1157 4169 1230 4258 iiij'.

245 4376 327 4427 ¹'I'he
355 4377 455 4440 copyist
478 4375 529 4426 has
551 4377 652 4427 written
673 4380 740 4428 siem
790 4391 936 4427 onennme.

213 4439 315 4492 instead
325 4443 354 4492 oi
363 4443 490 4492 Ricardm
499 4441 583 4492 which
595 4441 657 4491 isin
668 4443 699 4490 Α.
708 4442 738 4491 Β.
823 4442 833 4475 ³
849 4442 919 4492 Four
935 4441 1041 4504 knights
1063 4443 1090 4490 to
1114 4439 1208 4492 choose
1230 4439 1318 4492 twelve

245 4506 302 4556 Ἀ.
318 4510 389 4559 Μ
412 4507 443 4568 (1;
472 4509 634 4572 Tartcurtepr
657 4521 739 4558 seems
789 4507 956 4571 recognitors.

304 4623 337 4669 ιι.
1202 4611 1241 4673 35
