3314 5238
460 419 597 481 marna,
620 419 683 467 11).
710 405 887 479 1231111.
912 407 959 466 15.
1201 409 1262 470 435

228 601 268 664 Et
281 599 304 662 J
305 598 451 662 ohannes
467 595 559 661 uenit
573 605 607 659 et
622 593 784 680 cognoscit
800 602 922 657 cartam
938 601 1094 656 ettotam
1115 602 1165 657 set
1184 593 1264 658 dicit

169 703 247 789 quod
270 701 369 768 nichil
396 700 498 765 habet
528 699 615 763 unde
644 697 746 784 possit
771 696 979 760 warantizare
1009 696 1062 760 uel
1093 695 1264 762 defendere

168 803 273 888 ipsum
295 799 300 886 Ι

225 906 341 969 Postea
356 903 450 968 uenit
464 902 488 967 J
489 900 631 966 ohannes
646 908 681 964 et
695 897 872 985 wayuiauit
888 897 1019 962 feodum
1034 920 1130 962 suum
1141 897 1157 962 ¹.

225 1007 304 1072 Dies
319 1005 417 1070 datus
437 1013 488 1070 est
508 1005 554 1069 eis
576 1003 646 1068 sine
668 1003 792 1067 essonio
814 1002 862 1066 ita
884 1001 969 1088 quod
991 1001 1078 1066 idem
1099 1001 1266 1067 Johannes

165 1111 375 1176 sufficientem
398 1118 478 1174 tunc
499 1107 648 1172 inueniat
669 1107 879 1171 securitatem
902 1106 942 1170 da
966 1105 1161 1192 aquietando
1188 1127 1266 1170 eun·

164 1214 234 1278 dem
260 1213 465 1276 Willelmum
494 1234 608 1276 uersus
634 1210 788 1296 capitales
817 1209 963 1274 dominos
989 1219 1023 1274 et
1051 1210 1092 1275 de
1123 1211 1268 1276 faciendo

164 1317 265 1382 eidem
281 1317 468 1382 Willelmo'
481 1316 522 1380 de
543 1316 602 1380 hoc
623 1314 709 1400 quod
731 1314 841 1380 amisit
863 1337 921 1400 per
942 1313 1096 1380 defaltam
1118 1337 1219 1392 suam,
1234 1323 1269 1379 et

163 1423 190 1486 si
211 1430 290 1486 tune
313 1445 380 1485 non
401 1421 503 1507 possit
526 1421 556 1485 ei
578 1420 654 1485 inde
677 1421 860 1484 satisfacere
883 1429 962 1484 tunc
977 1421 1117 1506 wayuiet
1139 1421 1267 1486 feodum

163 1524 242 1591 illud
257 1537 293 1590 et
308 1525 494 1590 Willelmus
509 1545 549 1588 ex
564 1532 644 1588 tuno
664 1523 699 1586 in
718 1531 795 1588 ante
818 1523 861 1586 sit
883 1522 1055 1588 intendens
1077 1523 1269 1610 capitalibus

163 1628 301 1694 dominis
310 1627 330 1692 ⁸.

63 1739 121 1795 '.
226 1734 424 1818 Preceptum
453 1732 516 1796 fnit
546 1731 730 1796 uioecomiti
759 1731 845 1816 quod
874 1731 986 1796 uenire
1016 1733 1135 1798 laceret
1164 1755 1270 1798 coram
1349 1755 1385 1783 ¹¹·

163 1836 351 1902 iusticiariis
380 1837 546 1924 Rogerum
575 1837 680 1900 filium
712 1835 843 1900 Osberti
872 1835 1051 1900 Radulfum
1080 1836 1120 1902 ds
1152 1837 1271 1920 Muncy

163 1940 346 2005 Robertum
360 1939 402 2003 de
418 1939 578 2005 Coleuilla
595 1947 629 2003 et
649 1937 843 2003 Michaelem
866 1938 906 2003 de
929 1939 1059 2004 Bauent
1080 1939 1273 2004 iusticiarios

163 2042 360 2106 constitutos
385 2041 428 2105 ad
450 2041 583 2106 assisam
605 2041 720 2106 mortis
741 2042 950 2106 antecessoris
976 2041 1165 2127 capiendam
1187 2043 1274 2108 inter

164 2147 336 2214 Oliuernm
360 2145 401 2210 de
424 2145 582 2210 Gladclen
603 2153 771 2230 petentem
794 2153 829 2209 et
843 2145 1045 2210 Willelmum
1067 2147 1210 2212 Priorem
1232 2147 1273 2211 de

164 2251 300 2338 Legha⁴
315 2259 484 2316 tenentem
500 2251 540 2316 dc
555 2250 631 2316 dim.
648 2273 749 2316 caruc
765 2259 851 2316 terre
871 2274 944 2316 cum
959 2261 1040 2337 pert.
1057 2252 1092 2316 in
1108 2252 1274 2338 Capetona

165 2365 198 2421 et
213 2355 255 2420 de
271 2355 314 2420 xl.
330 2355 384 2420 sol.
401 2353 548 2419 redditus
563 2377 638 2419 cum
652 2363 732 2440 pert.
749 2354 784 2418 in
807 2355 976 2440 Capetona
997 2364 1032 2420 et
1054 2356 1211 2421 Bal'etona
1232 2357 1275 2421 ad

164 2461 350 2527 laciendum
365 2459 532 2524 reeordum
547 2459 636 2524 illius
650 2460 747 2526 assisa
762 2459 847 2525 siout
862 2483 968 2525 coram
984 2461 1031 2526 eis
1046 2469 1142 2546 capta
1156 2461 1228 2538 fuit,
1240 2471 1274 2525 et

166 2563 252 2629 unde
275 2563 364 2628 idem
386 2562 477 2626 Prior
498 2562 645 2648 queritur
667 2563 753 2648 quod
775 2563 874 2628 assisa
895 2563 953 2628 illa
972 2563 1092 2628 iniuste
1114 2572 1148 2629 et
1163 2573 1275 2630 contra

167 2667 435 2734 consuetudinem
456 2667 548 2752 regni
571 2667 691 2753 Anglie
712 2675 808 2752 capta
827 2667 891 2732 fuit
905 2676 975 2745 etc,
990 2677 1024 2732 et
1039 2668 1125 2754 quod
1140 2669 1275 2734 haberet

167 2771 350 2858 predictum
366 2770 535 2835 Oliuerum
550 2770 592 2834 ad
607 2770 806 2836 audiendum
820 2769 987 2834 reconlum
1002 2771 1085 2836 illud
1096 2781 1129 2836 et
1144 2795 1275 2858 corpora

168 2876 408 2962 recognitorum
424 2875 569 2940 eiusdem
585 2875 683 2940 assisa
698 2875 740 2940 ad
755 2875 997 2940 certificandum
1012 2883 1071 2941 eto,

232 2981 278 3044 Et
299 2979 446 3066 Rogerus
466 2985 500 3042 et
520 3001 631 3043 omnes
651 2978 707 3043 alii
722 2978 891 3043 iusticiarii
906 2979 1044 3043 ueniunt
1059 2987 1093 3043 ct
1108 2979 1274 3044 recordan-

170 3094 223 3150 tur
244 3083 333 3170 quod
353 3083 454 3148 assisa
475 3083 588 3148 mortis
609 3082 819 3146 antecessoris
838 3083 931 3147 uenit
949 3105 1054 3148 eoram
1070 3083 1117 3147 eis
1130 3085 1274 3171 recogni-

170 3197 244 3252 tura
265 3187 295 3252 si
317 3187 464 3273 Rogarus
487 3186 621 3251 Gemun
642 3185 742 3250 frater
762 3185 887 3249 Oliueri
902 3184 965 3249 fuit
980 3185 1109 3250 saisitus
1124 3187 1159 3251 in
1173 3186 1276 3252 domi-

170 3291 242 3356 nico
257 3313 317 3356 suo
331 3299 369 3355 ut
381 3290 421 3355 de
433 3289 526 3354 feodo
536 3289 575 3354 de
587 3289 663 3354 dim.
673 3311 774 3352 carue.
788 3296 872 3352 terre
884 3311 957 3352 cum
967 3297 1046 3373 pert.
1059 3289 1094 3353 in
1108 3289 1276 3375 Capetonu

171 3403 204 3458 et
218 3393 261 3458 de
275 3393 317 3457 xl.
333 3393 388 3457 sol.
404 3391 551 3456 redditus
566 3414 641 3455 cum
658 3399 739 3476 pert.
761 3389 796 3454 in
818 3390 985 3476 Capetona
1006 3400 1040 3456 et
1062 3392 1096 3456 in
1119 3393 1277 3457 Beletona

170 3497 223 3561 die
238 3505 309 3572 etc,
324 3503 358 3560 et
373 3495 401 3559 si
416 3503 486 3573 etc,
502 3517 600 3580 quam
623 3504 743 3559 terram
763 3503 797 3560 et
818 3517 915 3580 quern
937 3495 1101 3561 redditum
1124 3497 1214 3562 Prior
1235 3498 1276 3562 de

171 3599 285 3686 Legha
314 3597 431 3675 tenuit,
457 3607 491 3662 et
517 3597 574 3684 qui
597 3599 689 3662 uenit
711 3607 746 3662 et
772 3599 903 3662 uocauit
928 3599 1003 3664 inde
1029 3600 1071 3664 ad
1097 3609 1276 3666 warantum

171 3702 351 3768 Radulfum
381 3701 515 3766 Gernun
545 3703 676 3766 fratrem
703 3703 920 3788 predictorum
947 3703 1066 3790 Rogeri
1091 3713 1126 3769 et
1153 3704 1278 3770 Oliueri

171 3803 435 3891 primogenitum,
450 3813 485 3868 et
499 3803 596 3869 datus
611 3805 675 3869 fuit
690 3805 721 3870 ei
735 3805 805 3870 dies
823 3805 864 3868 de
883 3804 1031 3870 hahendo
1046 3817 1188 3872 waranto
1210 3830 1277 3884 sun,

172 3916 207 3970 01
221 3905 264 3971 ad
280 3906 366 3970 diem
382 3905 413 3970 ei
428 3904 542 3970 datum
558 3929 622 3971 non
637 3906 754 3972 habuit
768 3906 855 3970 idom
876 3907 967 3972 Pn'or
980 3919 1159 3974 warantum
1181 3933 1277 3974 suum

172 4019 207 4074 et
232 4009 296 4096 ipsi
319 4031 378 4094 per
401 4007 555 4074 defaltam
582 4019 738 4095 ceperunt
763 4010 895 4074 assisam
921 4011 1011 4076 illam
1020 4013 1040 4090 ⁶,
1064 4023 1098 4076 et
1122 4013 1278 4078 iuratores

205 4135 215 4168 ¹
233 4135 299 4184 This
312 4133 399 4184 clausa
412 4133 497 4184 would
512 4135 545 4184 ba
560 4135 700 4198 postscript
751 4135 828 4185 lords.

174 4216 208 4250 on
220 4201 265 4250 1110
275 4199 324 4249 roll
336 4199 389 4250 and
398 4199 491 4250 should
500 4215 572 4250 coma
580 4201 647 4250 alter
655 4201 700 4250 tha
783 4201 794 4233 ⁴
809 4199 882 4263 Laos,
896 4201 991 4252 Austin
1002 4203 1092 4266 Priory
1104 4203 1132 4253 in
1148 4203 1238 4264 Essax,
1251 4207 1279 4256 01

174 4271 236 4316 next
246 4266 340 4316 clausa
751 4265 835 4314 which
847 4267 901 4316 this
909 4267 994 4332 Ralph
1003 4269 1109 4319 Garnon
1119 4271 1142 4319 is
1150 4271 1277 4322 rockonal

207 4329 652 4393 11111011111111]110101101111111113ο
752 4331 796 4380 tha
807 4331 923 4384 founder.

206 4397 218 4430 ³
244 4396 301 4446 Tha
321 4409 412 4445 masna
438 4394 554 4458 lordship
581 4395 702 4445 vanishes
783 4396 905 4446 ⁵Aneu
924 4398 1069 4462 paragraph
1087 4399 1115 4449 in
1136 4400 1205 4460 MS.;
1231 4402 1278 4452 bnt

175 4461 226 4513 and
235 4461 353 4512 William
362 4461 414 4510 will
422 4459 485 4510 hold
493 4461 522 4510 01
531 4461 576 4511 the
587 4462 702 4524 superior
751 4461 796 4511 the
808 4461 894 4512 record
907 4463 935 4512 01
945 4464 989 4514 tho
999 4464 1105 4526 justices
1116 4467 1261 4517 continues.

1087 4569 1191 4630 28-2
