3276 5234
339 432 492 516 [Hilary
515 432 582 498 aad
604 433 726 510 Ecatcr,
749 448 814 498 nn.
839 434 931 510 1228,
953 449 1015 498 aa
1040 433 1103 516 12]
1215 435 1276 497 225

230 620 275 684 Et
296 620 391 684 Prior
414 621 511 684 uenit
534 629 569 685 ct
591 619 738 684 defendit
760 620 811 684 ius
830 642 926 685 suum
950 643 1037 685 nunc
1060 629 1094 685 et
1117 621 1197 686 alias
1219 629 1277 686 etc.

168 735 201 788 et
215 725 369 788 saisinam
386 726 528 811 predicti
544 725 674 790 Ranulfi
689 734 724 788 et
743 724 926 810 predictum
947 725 1135 811 ingressum,
1150 733 1185 788 et
1199 725 1278 788 dicit

167 831 253 916 quod
276 852 344 895 non
375 831 477 896 debet
506 832 538 896 ei
564 831 755 917 respondere
780 831 820 895 de
844 839 988 916 tempore
1014 831 1077 908 illc,
1102 839 1135 894 et
1159 831 1279 916 profert

167 947 291 1000 cartam
306 936 411 1023 Regis
426 935 564 1001 Henrici
583 937 684 1022 patris
702 934 936 1021 Imperatricis¹
955 958 1018 1022 que
1038 943 1179 1000 testatur
1193 934 1278 1020 quod

168 1040 236 1124 ipse
274 1040 436 1104 concessit
473 1049 508 1104 et
545 1039 749 1104 confirmauit
786 1039 846 1104 deo
876 1047 910 1104 et
947 1040 1080 1105 ecclesie
1111 1039 1142 1104 S.
1176 1039 1278 1103 Mane

169 1145 210 1209 de
240 1145 342 1209 Proto
370 1146 482 1231 plures
512 1154 613 1210 terras
641 1145 676 1209 in
706 1145 917 1221 Normannia,
946 1145 1074 1209 adiecta
1103 1153 1153 1208 est
1177 1144 1278 1209 eciam

168 1248 204 1312 in
240 1255 334 1312 carta
370 1248 519 1334 predicta
554 1249 613 1313 hoc
646 1249 692 1312 Et
721 1271 761 1312 ex
798 1247 882 1312 dono
918 1270 991 1312 meo
1027 1247 1207 1312 manerium
1244 1247 1279 1310 in

170 1352 378 1418 Normannia
407 1353 493 1438 quod
519 1361 653 1417 uocatur
677 1353 780 1417 Bures
804 1361 837 1416 et
867 1351 1073 1438 Estuington’
1099 1351 1134 1415 in
1159 1351 1280 1436 Anglia

170 1480 245 1522 eum
267 1458 422 1522 omnibus
441 1459 474 1523 ei
493 1457 731 1544 pertinentibus
751 1465 785 1520 et
807 1479 881 1522 cum
903 1457 1053 1521 omnibus
1075 1455 1279 1521 libertatibus

170 1561 246 1637 suia,
274 1562 348 1626 Has
371 1569 505 1626 tenuras
531 1571 565 1625 et
589 1583 700 1626 omues
724 1561 803 1625 alias
829 1569 960 1626 tenurae
989 1583 1063 1625 suas
1089 1583 1278 1646 quecunque

171 1663 294 1726 fuerint
325 1670 360 1726 et
377 1663 431 1727 de
461 1662 705 1748 quibuscunque
728 1662 878 1739 habeant,
901 1663 974 1726 uolo
996 1673 1030 1726 et
1052 1661 1188 1727 firmiter
1208 1685 1279 1747 pre·

169 1766 254 1851 cipio
282 1767 372 1852 quod
394 1767 443 1832 ita
464 1777 598 1832 teneant
621 1768 704 1831 bene
728 1766 821 1831 etin
847 1788 926 1852 pace
950 1774 1009 1830 etc.
1033 1767 1118 1830 sicut
1144 1766 1278 1831 ecclesia

169 1871 203 1934 in
229 1893 336 1958 reguo
360 1895 432 1936 meo
455 1880 562 1958 potest
585 1872 717 1936 liberius
739 1881 859 1948 tenere,
881 1880 916 1936 et
939 1871 1070 1957 insuper
1095 1873 1179 1936 sicut
1204 1895 1278 1936 mea

170 1977 311 2061 propria.
360 1977 486 2041 Profert
501 1977 602 2041 eciam
618 1977 728 2041 literae
743 1977 887 2041 eiusdem
908 1977 1001 2041 Dom.
1023 1977 1157 2040 Henrici
1178 1976 1278 2062 Regis

171 2087 326 2164 patentes
357 2081 393 2144 in
422 2081 482 2145 hec
511 2081 619 2157 uerba,
650 2080 810 2145 Henricus
840 2081 910 2145 Rex
939 2081 1066 2168 Anglie‚
1096 2081 1278 2146 uicecomiti

171 2183 287 2246 Berck'
318 2191 354 2247 et
383 2183 539 2248 ministris
568 2183 635 2247 suis
663 2183 811 2260 salutem,
840 2183 985 2269 Pracipio
1014 2184 1101 2269 quod
1130 2183 1278 2248 monachi

172 2287 204 2350 S.
219 2287 327 2351 Marie
343 2287 385 2352 de
400 2289 497 2354 Prato
512 2295 646 2351 teneant
661 2287 841 2351 manerium
856 2309 952 2351 suum
967 2287 1008 2352 de
1022 2287 1215 2352 Stiuendun’
1230 2287 1279 2350 ita

170 2389 253 2453 bene
281 2399 317 2454 et
344 2391 380 2454 in
404 2413 483 2476 pace
509 2399 544 2456 et
570 2389 696 2476 quieta²
719 2412 793 2454 cum
822 2411 913 2454 socca
936 2398 996 2454 etc.
1018 2390 1102 2455 sicut
1129 2391 1175 2456 eis
1197 2391 1277 2454 illud

172 2493 249 2558 dedi
280 2494 316 2558 in
349 2495 556 2561 elemosinam
585 2505 620 2559 et
649 2494 733 2558 sicut
762 2494 863 2558 habui
892 2495 973 2559 illud
1001 2495 1036 2558 in
1066 2517 1164 2560 manu
1197 2517 1278 2559 mea.

172 2596 301 2660 Profert
325 2597 429 2662 eciam
452 2597 588 2663 cartam⁸
610 2597 709 2684 Regis
731 2597 866 2662 Henrici
889 2599 944 2662 aui
969 2597 1061 2662 Dom.
1087 2598 1186 2684 Regis
1214 2621 1277 2684 que

172 2707 317 2764 testatur
347 2701 434 2786 quod
457 2702 602 2766 concedit
625 2702 671 2766 eis
695 2709 729 2765 et
756 2701 923 2765 confirmat
949 2701 1057 2766 omnia
1082 2725 1121 2766 ea
1144 2725 1206 2787 que
1233 2701 1279 2766 eis

172 2804 251 2868 data
278 2815 360 2868 sunt
386 2805 421 2869 in
446 2816 636 2891 perpetuam
663 2805 878 2881 elemosinam,
908 2805 972 2871 scil.
1003 2829 1043 2869 ex
1072 2805 1155 2870 dono
1181 2805 1280 2890 Regis

172 2907 312 2972 Henrici
343 2909 399 2972 aui
429 2909 489 2986 sui,
519 2911 762 2997 Stiuingtonam
792 2910 826 2974 in
854 2910 980 2995 Anglia
1028 2909 1152 2972 Profert
1178 2909 1279 2973 eciam

72 3085 75 3094 1
172 3021 297 3076 artam
329 3010 431 3096 Regis
460 3011 483 3074 J
485 3011 619 3076 ohannis
648 3035 707 3098 per
743 3035 840 3098 quam
870 3013 1017 3077 concedit
1047 3021 1081 3076 et
1114 3011 1281 3076 confirmat

173 3117 221 3180 eis
250 3116 363 3200 plures
395 3123 495 3178 terras
525 3137 564 3180 ex
595 3117 678 3181 dono
708 3117 808 3203 Regis
838 3117 972 3181 Henrici
1001 3116 1057 3180 aui
1085 3115 1187 3201 patris
1223 3114 1282 3190 eui,

174 3220 424 3306 Stiuingtonam
465 3219 500 3282 in
537 3221 664 3307 Anglia.
718 3221 843 3286 Profert
882 3221 983 3287 eciam
1020 3229 1141 3286 cartam
1184 3219 1298 3304 Regie'

175 3325 314 3390 Henrici
342 3325 400 3410 qui
429 3346 515 3388 nunc
545 3335 594 3388 est
618 3333 653 3388 et
676 3348 739 3411 que
763 3335 905 3391 testatur
933 3326 1020 3412 quod
1043 3325 1210 3390 confirmat
1237 3323 1283 3386 eis

173 3428 390 3494 donacionem
420 3439 454 3493 et
483 3430 718 3494 concessionem
755 3431 893 3515 predicti
923 3429 1022 3516 Regis
1058 3427 1193 3493 Hernici
1229 3426 1284 3490 aui

174 3529 229 3592 sui
258 3529 301 3592 de
336 3527 536 3614 Stuingtona
566 3527 600 3592 in
629 3528 751 3614 Anglia
780 3537 814 3593 et
843 3529 884 3593 de
913 3527 1061 3614 pluribus
1089 3527 1161 3590 aliis
1190 3525 1284 3590 terris

174 3640 237 3698 etc.
284 3631 383 3696 Unde
413 3632 499 3696 idem
529 3632 621 3697 Prior
645 3631 725 3696 dicit
755 3632 841 3718 quod
870 3653 967 3718 super
995 3639 1099 3695 cartas
1124 3630 1196 3694 illas
1219 3649 1283 3691 non

174 3735 252 3799 uult
277 3735 468 3820 respondere
498 3735 561 3800 nisi
590 3735 681 3800 curia
703 3735 962 3812 considerauerit,
987 3743 1022 3798 et
1046 3734 1073 3798 si
1096 3733 1185 3798 curia
1210 3755 1283 3797 con-

175 3839 371 3904 siderauerit
387 3839 473 3924 quod
486 3862 583 3925 super
598 3840 658 3904 hoc
673 3839 791 3904 debeat
805 3839 1004 3924 respondere,
1019 3837 1106 3902 dicet
1120 3836 1217 3902 aliud.

243 3944 290 4007 Et
319 3943 437 4008 Comes
466 3943 546 4008 dicit
572 3943 658 4028 quod
682 3952 755 4029 post
781 3943 918 4028 primam
948 3951 1069 4007 cartam
1099 3939 1162 4004 fuit
1187 3937 1284 4002 auus⁴

176 4045 254 4110 inde
281 4044 412 4110 saisitus
442 4055 481 4110 ut
506 4045 547 4110 de
570 4045 663 4109 feodo
690 4053 724 4109 et
750 4045 789 4108 de
812 4043 891 4120 iure,
917 4043 1001 4107 sicut
1027 4041 1207 4126 predictum
1234 4049 1283 4104 est

177 4159 214 4214 et
239 4148 385 4234 predicto
415 4149 511 4214 modo
536 4148 598 4213 fuit
622 4157 709 4214 terra
734 4148 791 4212 illa
814 4147 957 4211 alienata
979 4153 1124 4230 tempore
1147 4141 1284 4229 predicti

178 4251 330 4338 Hugonis
358 4249 540 4316 secundum
566 4250 651 4335 quod
682 4249 863 4336 predictum
890 4256 940 4311 est
958 4255 997 4310 et
1022 4246 1081 4309 hoc
1107 4243 1200 4309 offert
1224 4251 1282 4308 etc.

212 4413 221 4443 ¹
238 4412 328 4475 Henry
340 4413 361 4462 1.
792 4411 803 4444 ³
820 4411 931 4460 Monast.
943 4411 993 4460 vol.
1006 4411 1030 4462 6.
1043 4425 1068 4476 p.
1083 4411 1154 4460 1100.

212 4477 222 4507 ²
239 4478 290 4527 Sic.
792 4477 803 4508 ⁴
820 4477 918 4540 supply
929 4491 996 4526 rum.

257 4596 297 4698 pr.
1158 4575 1197 4635 15
