3308 5226
410 433 643 496 urcnsnnuss,
666 433 730 483 un.
755 421 848 496 1232,
870 434 933 485 un.
958 417 1093 488 16-17.
1236 417 1299 486 673

196 606 285 672 illius
314 607 442 673 cuidam
472 607 609 672 Ricardo
639 617 677 673 ut
706 607 773 672 filio
809 617 844 672 et
873 609 991 685 heredi,
1022 619 1057 674 et
1086 609 1127 674 de
1156 607 1300 696 predicto

197 711 334 778 Ricardo
354 711 482 776 cuidam
506 711 668 776 Randulfo
692 719 730 776 ut
753 712 820 776 filio
842 721 876 776 et
897 713 1016 786 heredi,
1036 713 1131 778 etde
1155 712 1300 798 predicto

197 813 359 880 Rendulfo
380 815 436 879 isti
458 815 602 880 Johenni
623 815 680 900 qui
702 838 788 880 nunc
810 815 895 900 petit
918 824 957 879 ut
978 815 1045 880 filio
1067 823 1101 880 et
1125 815 1245 892 heredi,
1265 823 1300 878 et

196 917 282 1002 quod
298 918 363 983 tale
378 919 422 984 sit
437 918 488 983 ius
502 941 597 983 suum
613 919 705 984 offert
721 927 779 984 etc

262 1024 305 1088 Et
320 1022 486 1088 Johannes
501 1022 587 1086 filius
602 1021 753 1107 Huwysie
774 1029 809 1086 et
823 1021 989 1086 lohannes
1008 1021 1049 1085 de
1066 1021 1250 1108 Couelegha
1265 1031 1299 1085 et

196 1122 372 1188 Scolastica
387 1145 468 1188 uxor
481 1123 551 1187 eius
566 1123 705 1187 ueniunt
720 1131 754 1187 et
769 1122 948 1187 defendunt
963 1122 1014 1186 ius
1029 1122 1130 1207 ipsius
1141 1123 1164 1186 J
1165 1123 1300 1186 ohannis

195 1227 236 1292 de
260 1227 374 1292 Karun
397 1226 531 1292 tenendi
551 1226 585 1290 in
607 1226 776 1304 dominico,
800 1235 834 1290 et
857 1226 955 1291 dicit¹
980 1227 1066 1312 quod
1090 1228 1118 1292 si
1140 1227 1223 1292 alius
1245 1249 1299 1292 eos

195 1331 400 1417 inplacitaret
421 1330 462 1394 de
486 1330 600 1395 eadem
624 1338 711 1394 terra
732 1339 766 1394 et
790 1329 830 1394 de
856 1330 951 1394 bosco
974 1330 1043 1416 ipse
1068 1331 1235 1396 lohannes
1258 1331 1299 1396 de

197 1436 312 1500 Karun
337 1435 393 1500 illa
418 1435 466 1500 eis
495 1434 629 1500 deberet
659 1433 875 1512 warantizare,
902 1435 979 1520 quia
1002 1435 1184 1500 Rendulfus
1206 1445 1301 1521 pater

195 1560 273 1602 suus
288 1537 434 1604 leoffauit
449 1536 609 1623 quendam
627 1536 820 1602 Geruusium
839 1536 879 1602 de
896 1537 1107 1623 Shiringtone
1124 1537 1164 1603 de
1187 1539 1300 1603 eadem

195 1651 282 1707 terra
303 1651 338 1707 ct
352 1642 446 1706 bosco
461 1663 519 1726 per
538 1648 660 1706 cartam
676 1662 767 1705 suam
783 1663 880 1727 quam
896 1643 1017 1730 profert
1033 1653 1067 1708 et
1081 1666 1145 1728 que
1160 1651 1301 1708 testatur

196 1745 301 1831 quod²
323 1745 427 1810 eidem
459 1745 614 1810 (leruasio
636 1757 756 1808 terram
778 1744 868 1808 illem
891 1753 925 1810 et
947 1746 1079 1810 boscum
1101 1747 1196 1811 simul
1226 1771 1300 1812 cum

196 1849 335 1934 quadam
368 1848 432 1914 alia
462 1855 549 1916 terra
581 1855 616 1912 et
647 1847 742 1913 bosco
779 1849 844 1913 ten’
870 1849 932 1914 sibi
965 1859 999 1914 et
1030 1850 1202 1916 heredibus
1234 1853 1301 1916 suis

197 1950 271 2016 uel³
294 1951 351 2018 illa
375 1951 452 2016 dare
478 1951 533 2015 uel
558 1951 721 2038 assignare
746 1953 887 2018 uoluerit
912 1955 966 2018 uel
993 1955 1100 2042 legare
1110 1956 1128 2032 ⁴,
1153 1965 1187 2020 et
1213 1957 1300 2022 unde

196 2054 361 2141 predictus
383 2054 549 2119 Johannes
575 2053 663 2118 filius
687 2055 831 2120 Hawisie
854 2056 934 2120 dicit
958 2057 1045 2143 quod
1070 2057 1138 2144 ipse
1164 2059 1234 2124 est⁵
1259 2060 1299 2124 de

195 2159 367 2246 assignatis
396 2158 499 2245 ipsius
529 2158 686 2234 Geruasii,
710 2168 745 2224 et
768 2159 854 2224 unde
880 2160 1044 2246 predictus
1067 2163 1233 2227 Johennes
1258 2164 1299 2230 de

196 2262 383 2350 Ccuelegba
402 2271 436 2327 et
457 2262 633 2328 Scolastica
647 2262 761 2328 dicunt
776 2265 862 2349 quod
882 2265 953 2350 ipsa
967 2266 1142 2332 scolastica
1163 2277 1213 2332 est
1236 2291 1302 2332 una

196 2367 236 2432 de
259 2365 430 2430 heredibus
452 2364 554 2450 ipsius
577 2365 735 2434 Geruasii.
777 2367 822 2430 Et
844 2375 883 2430 ut
904 2369 1000 2453 plene
1023 2369 1143 2434 sciatur
1157 2369 1243 2455 quod
1265 2371 1300 2434 in

196 2477 286 2536 carta
306 2469 521 2546 contineatur,
537 2469 704 2534 sciendum
726 2471 813 2556 quod
835 2479 975 2538 testatur
995 2473 1081 2558 quod
1102 2473 1190 2538 idem
1212 2474 1301 2538 Ran-

196 2574 305 2640 dulfus
320 2573 476 2638 concessit
491 2581 526 2637 et
540 2573 744 2638 confirmauit
758 2575 821 2660 ipsi
836 2575 991 2640 Geruasio
1011 2599 1122 2641 omnes
1143 2585 1243 2641 terras
1265 2588 1300 2642 et

196 2677 410 2765 possessiones
439 2699 519 2762 quas
547 2677 635 2742 idem
665 2678 724 2742 G.⁶
750 2679 858 2744 tenuit
887 2680 927 2744 de
954 2681 1037 2746 dono
1061 2682 1218 2748 Willelmi
1244 2685 1300 2748 aui

196 2781 334 2868 predicti
357 2780 510 2846 Randulfi
533 2789 567 2846 et
590 2781 721 2846 Ricardi
744 2783 844 2868 patris
865 2783 966 2869 ipsius
989 2785 1141 2850 Randulfi
1165 2787 1200 2852 in
1225 2787 1298 2854 Shi-

197 2883 348 2970 ringtona
377 2890 412 2947 et
440 2891 589 2969 preterea
617 2882 709 2948 dedit
737 2884 841 2948 eidem
871 2886 1026 2952 Geruasio
1050 2911 1079 2952 x.
1105 2910 1166 2954 acr.
1193 2891 1298 2956 terre⁷

197 2987 284 3052 bosci
309 3009 384 3052 cum
414 2987 564 3073 perchia⁸
589 2987 676 3073 xviij.
703 2989 823 3074 pedum
847 3000 1049 3056 mensuratus
1075 2992 1240 3059 habendas
1263 3005 1298 3059 et

197 3089 354 3156 tenendas
382 3091 445 3158 sibi
476 3099 512 3156 et
541 3091 714 3158 heredibus
739 3093 807 3158 suis
836 3095 889 3158 uel
926 3095 978 3159 cui
1009 3095 1085 3160 dare
1115 3097 1169 3161 uel
1198 3099 1297 3184 essig-

197 3217 273 3260 nare
300 3195 354 3260 uel
384 3195 491 3282 legare
521 3195 663 3260 uoluerit
691 3195 921 3282 inperpetuum
951 3197 1114 3263 reddendo
1137 3200 1212 3266 inde
1241 3223 1299 3265 au·

196 3297 323 3363 nuatim
353 3297 435 3362 duos
463 3297 545 3378 den,
571 3306 606 3364 et
634 3299 855 3364 warantizatio
881 3299 959 3366 etc'.
1004 3301 1175 3368 Proiciunt
1197 3304 1298 3370 eciam

196 3407 319 3464 cartam
357 3397 488 3463 Ricardi
524 3398 564 3463 de
603 3399 717 3464 Karun
747 3401 849 3487 patris
882 3401 1021 3487 predicti
1052 3405 1205 3471 Randulfi
1235 3429 1299 3492 que

196 3510 339 3568 testatur
360 3502 447 3588 quod
476 3502 568 3568 dedit
597 3525 655 3589 pro
677 3503 748 3582 dec,
774 3505 893 3571 decet
918 3508 1051 3573 ecclesie
1076 3509 1108 3575 S.
1133 3511 1234 3577 Mar-ie
1259 3513 1299 3578 de

197 3607 411 3695 Shiringtona
446 3608 488 3672 ad
524 3609 797 3676 sustentationem
828 3611 995 3677 cuiusdam
1031 3613 1190 3700 lampadis
1224 3627 1301 3682 ante

196 3711 299 3776 altare
321 3709 493 3775 seruicium
509 3711 574 3796 viij.
590 3711 661 3776 deu
677 3735 758 3798 quos
778 3713 952 3780 Geruasius
972 3718 1071 3783 frater
1084 3719 1228 3784 eiusdem
1244 3721 1301 3786 Ri-

199 3814 287 3880 cardi
298 3815 329 3880 ei
341 3814 440 3880 debet
451 3837 641 3900 perannum
652 3838 710 3902 pro
721 3824 808 3882 terra
821 3817 856 3882 in
868 3818 1060 3886 Chirintona
1073 3845 1171 3908 quam
1186 3823 1302 3889 habuit

198 3919 239 3984 de
254 3919 337 3984 dono
353 3918 509 3984 Willelmi
524 3919 625 4005 patris
641 3921 777 4006 predicti
793 3922 923 3988 Ricardi
937 3933 972 3988 et
987 3925 1174 3990 warantizat
1189 3937 1249 3992 etc.

232 4124 242 4156 ¹
259 4124 331 4174 Gorr.
344 4125 440 4185 dicant,
454 4124 484 4173 B.
808 4128 819 4160 ⁶
837 4129 935 4193 Supply
945 4147 1017 4190 unm,
1029 4133 1060 4182 B.

232 4189 244 4221 ²
261 4189 359 4252 snpply
370 4191 448 4248 dedit.
462 4190 493 4238 Β.
809 4193 820 4225 ⁶
838 4198 983 4255 Gerucaius,
996 4197 1025 4246 B.

232 4253 244 4286 ⁸
261 4255 359 4318 supply
370 4256 420 4315 cui,
433 4255 465 4303 B.
809 4257 820 4290 ⁷
837 4260 893 4310 Orn.
907 4268 978 4318 terre,
992 4263 1022 4310 B.

232 4319 295 4368 ⁴As
312 4325 339 4368 to
356 4334 372 4368 a
388 4319 528 4370 limitation
545 4319 573 4370 of
594 4320 647 4370 this
663 4321 727 4371 kind
809 4323 820 4356 ⁸
832 4327 939 4386 pertica,
954 4326 984 4374 Β.

201 4384 309 4498 leitila
330 4384 486 4434 remarkable
509 4399 615 4447 passage
638 4386 665 4436 in
683 4388 726 4438 Br.
810 4388 861 4438 ’et
872 4390 933 4440 war'
944 4399 999 4452 etc,
1013 4391 1043 4442 B.

290 4565 325 4614 M.
