<?xml version="1.0" encoding="UTF-8"?>
<!DOCTYPE html PUBLIC "-//W3C//DTD XHTML 1.0 Transitional//EN"
    "http://www.w3.org/TR/xhtml1/DTD/xhtml1-transitional.dtd">
<html xmlns="http://www.w3.org/1999/xhtml" xml:lang="en" lang="en">
 <head>
  <title>
</title>
<meta http-equiv="Content-Type" content="text/html;charset=utf-8" />
  <meta name='ocr-system' content='tesseract 3.04.00' />
  <meta name='ocr-capabilities' content='ocr_page ocr_carea ocr_par ocr_line ocrx_word'/>
</head>
<body>
  <div class='ocr_page' id='page_1' title='image "./bractonsnoteboo04bracgoog_0418.png"; bbox 0 0 3314 5238; ppageno 0'>
   <div class='ocr_carea' id='block_1_1' title="bbox 379 444 1186 523">
    <p class='ocr_par' dir='ltr' id='par_1_1' title="bbox 379 444 1186 523">
     <span class='ocr_line' id='line_1_1' title="bbox 379 444 1186 523; baseline -0.007 -11"><span class='ocrx_word' id='word_1_1' title='bbox 379 453 444 514; x_wconf 76' lang='lat'><strong>410</strong></span> <span class='ocrx_word' id='word_1_2' title='bbox 684 457 909 523; x_wconf 63' lang='grc'><strong>1111111111.</strong></span> <span class='ocrx_word' id='word_1_3' title='bbox 935 444 1029 519; x_wconf 79' lang='lat'><strong>1281,</strong></span> <span class='ocrx_word' id='word_1_4' title='bbox 1051 458 1115 506; x_wconf 79' lang='grc'><strong>111.</strong></span> <span class='ocrx_word' id='word_1_5' title='bbox 1139 445 1186 506; x_wconf 82' lang='lat'><strong>15.</strong></span> 
     </span>
    </p>
   </div>
   <div class='ocr_carea' id='block_1_2' title="bbox 377 627 1489 720">
    <p class='ocr_par' dir='ltr' id='par_1_2' title="bbox 377 627 1489 720">
     <span class='ocr_line' id='line_1_2' title="bbox 377 627 1489 720; baseline -0.008 -20"><span class='ocrx_word' id='word_1_6' title='bbox 377 633 522 700; x_wconf 87' lang='lat' dir='ltr'><strong>seruiciis</strong></span> <span class='ocrx_word' id='word_1_7' title='bbox 545 633 659 700; x_wconf 91' lang='lat' dir='ltr'><strong>dicunt</strong></span> <span class='ocrx_word' id='word_1_8' title='bbox 683 633 769 720; x_wconf 91' lang='lat' dir='ltr'><strong>quod</strong></span> <span class='ocrx_word' id='word_1_9' title='bbox 792 640 966 719; x_wconf 87' lang='lat' dir='ltr'><strong>postquam</strong></span> <span class='ocrx_word' id='word_1_10' title='bbox 987 627 1147 694; x_wconf 85' lang='lat' dir='ltr'><strong>Ricardus</strong></span> <span class='ocrx_word' id='word_1_11' title='bbox 1171 627 1213 694; x_wconf 92' lang='lat' dir='ltr'><strong>de</strong></span> <span class='ocrx_word' id='word_1_12' title='bbox 1239 627 1432 693; x_wconf 86' lang='lat' dir='ltr'><strong>Thureuilla</strong></span> <span class='ocrx_word' id='word_1_13' title='bbox 1453 635 1489 692; x_wconf 88' lang='lat' dir='ltr'><strong>et</strong></span> 
     </span>
    </p>
   </div>
   <div class='ocr_carea' id='block_1_3' title="bbox 319 731 1492 4037">
    <p class='ocr_par' dir='ltr' id='par_1_3' title="bbox 319 731 1492 4037">
     <span class='ocr_line' id='line_1_3' title="bbox 378 731 1487 823; baseline -0.007 -21"><span class='ocrx_word' id='word_1_14' title='bbox 378 737 538 802; x_wconf 84' lang='lat' dir='ltr'><strong>Ernaldus</strong></span> <span class='ocrx_word' id='word_1_15' title='bbox 559 737 647 802; x_wconf 90' lang='lat' dir='ltr'><strong>filius</strong></span> <span class='ocrx_word' id='word_1_16' title='bbox 671 759 750 802; x_wconf 90' lang='lat' dir='ltr'><strong>suus</strong></span> <span class='ocrx_word' id='word_1_17' title='bbox 773 736 869 823; x_wconf 90' lang='lat' dir='ltr'><strong>plura</strong></span> <span class='ocrx_word' id='word_1_18' title='bbox 897 736 1044 800; x_wconf 84' lang='lat' dir='ltr'><strong>fecerunt</strong></span> <span class='ocrx_word' id='word_1_19' title='bbox 1073 732 1234 798; x_wconf 88' lang='lat' dir='ltr'><strong>escambia</strong></span> <span class='ocrx_word' id='word_1_20' title='bbox 1263 731 1305 796; x_wconf 89' lang='lat' dir='ltr'><strong>ad</strong></span> <span class='ocrx_word' id='word_1_21' title='bbox 1330 731 1487 796; x_wconf 86' lang='lat' dir='ltr'><strong>ultimum</strong></span> 
     </span>
     <span class='ocr_line' id='line_1_4' title="bbox 377 835 1489 905; baseline -0.006 0"><span class='ocrx_word' id='word_1_22' title='bbox 377 849 488 904; x_wconf 87' lang='lat' dir='ltr'><strong>tamen</strong></span> <span class='ocrx_word' id='word_1_23' title='bbox 509 838 597 905; x_wconf 89' lang='lat' dir='ltr'><strong>idem</strong></span> <span class='ocrx_word' id='word_1_24' title='bbox 620 839 778 905; x_wconf 85' lang='lat' dir='ltr'><strong>Ricardus</strong></span> <span class='ocrx_word' id='word_1_25' title='bbox 800 837 917 903; x_wconf 89' lang='lat' dir='ltr'><strong>habuit</strong></span> <span class='ocrx_word' id='word_1_26' title='bbox 938 836 1076 901; x_wconf 87' lang='lat' dir='ltr'><strong>uillanos</strong></span> <span class='ocrx_word' id='word_1_27' title='bbox 1098 835 1170 900; x_wconf 90' lang='lat' dir='ltr'><strong>illos</strong></span> <span class='ocrx_word' id='word_1_28' title='bbox 1191 836 1226 900; x_wconf 89' lang='grc'><strong>111</strong></span> <span class='ocrx_word' id='word_1_29' title='bbox 1248 858 1348 900; x_wconf 91' lang='lat' dir='ltr'><strong>manu</strong></span> <span class='ocrx_word' id='word_1_30' title='bbox 1371 841 1489 899; x_wconf 88' lang='lat' dir='ltr'><strong>suaet</strong></span> 
     </span>
     <span class='ocr_line' id='line_1_5' title="bbox 377 937 1489 1026; baseline -0.004 -19"><span class='ocrx_word' id='word_1_31' title='bbox 377 964 488 1008; x_wconf 91' lang='lat' dir='ltr'><strong>eorum</strong></span> <span class='ocrx_word' id='word_1_32' title='bbox 511 941 649 1007; x_wconf 84' lang='lat' dir='ltr'><strong>seruicia</strong></span> <span class='ocrx_word' id='word_1_33' title='bbox 674 949 709 1006; x_wconf 88' lang='lat' dir='ltr'><strong>et</strong></span> <span class='ocrx_word' id='word_1_34' title='bbox 738 963 772 1006; x_wconf 91' lang='lat' dir='ltr'><strong>se</strong></span> <span class='ocrx_word' id='word_1_35' title='bbox 801 940 912 1026; x_wconf 78' lang='lat' dir='ltr'>posuit</span> <span class='ocrx_word' id='word_1_36' title='bbox 941 939 976 1003; x_wconf 92' lang='lat' dir='ltr'><strong>iu</strong></span> <span class='ocrx_word' id='word_1_37' title='bbox 1005 938 1102 1004; x_wconf 92' lang='lat' dir='ltr'><strong>domo</strong></span> <span class='ocrx_word' id='word_1_38' title='bbox 1130 937 1171 1003; x_wconf 92' lang='lat' dir='ltr'><strong>de</strong></span> <span class='ocrx_word' id='word_1_39' title='bbox 1201 938 1418 1004; x_wconf 88' lang='lat' dir='ltr'><strong>Messendena</strong></span> <span class='ocrx_word' id='word_1_40' title='bbox 1445 937 1489 1002; x_wconf 92' lang='lat' dir='ltr'><strong>ad</strong></span> 
     </span>
     <span class='ocr_line' id='line_1_6' title="bbox 375 1042 1490 1133; baseline -0.003 -22"><span class='ocrx_word' id='word_1_41' title='bbox 375 1046 693 1133; x_wconf 87' lang='lat' dir='ltr'><strong>perhendinandum¹</strong></span> <span class='ocrx_word' id='word_1_42' title='bbox 705 1045 752 1110; x_wconf 93' lang='lat' dir='ltr'><strong>ibi</strong></span> <span class='ocrx_word' id='word_1_43' title='bbox 763 1053 798 1110; x_wconf 90' lang='lat' dir='ltr'><strong>et</strong></span> <span class='ocrx_word' id='word_1_44' title='bbox 809 1043 901 1110; x_wconf 88' lang='lat' dir='ltr'><strong>dedit</strong></span> <span class='ocrx_word' id='word_1_45' title='bbox 912 1043 1036 1108; x_wconf 78' lang='lat' dir='ltr'><strong>Abbati</strong></span> <span class='ocrx_word' id='word_1_46' title='bbox 1047 1051 1082 1108; x_wconf 88' lang='lat' dir='ltr'><strong>et</strong></span> <span class='ocrx_word' id='word_1_47' title='bbox 1093 1042 1205 1108; x_wconf 92' lang='lat' dir='ltr'><strong>domui</strong></span> <span class='ocrx_word' id='word_1_48' title='bbox 1216 1043 1257 1108; x_wconf 91' lang='lat' dir='ltr'><strong>de</strong></span> <span class='ocrx_word' id='word_1_49' title='bbox 1272 1043 1490 1108; x_wconf 85' lang='lat' dir='ltr'><strong>Messendena</strong></span> 
     </span>
     <span class='ocr_line' id='line_1_7' title="bbox 377 1149 1489 1236; baseline -0.002 -22"><span class='ocrx_word' id='word_1_50' title='bbox 377 1150 514 1216; x_wconf 90' lang='lat' dir='ltr'><strong>uillanos</strong></span> <span class='ocrx_word' id='word_1_51' title='bbox 536 1159 571 1216; x_wconf 92' lang='lat' dir='ltr'><strong>et</strong></span> <span class='ocrx_word' id='word_1_52' title='bbox 593 1157 784 1215; x_wconf 90' lang='lat' dir='ltr'><strong>tenementa</strong></span> <span class='ocrx_word' id='word_1_53' title='bbox 804 1149 948 1235; x_wconf 89' lang='lat' dir='ltr'><strong>ipsorum</strong></span> <span class='ocrx_word' id='word_1_54' title='bbox 970 1171 1045 1214; x_wconf 92' lang='lat' dir='ltr'><strong>cum</strong></span> <span class='ocrx_word' id='word_1_55' title='bbox 1071 1149 1225 1228; x_wconf 88' lang='lat' dir='ltr'><strong>seruiciis‚</strong></span> <span class='ocrx_word' id='word_1_56' title='bbox 1247 1159 1282 1214; x_wconf 91' lang='lat' dir='ltr'><strong>et</strong></span> <span class='ocrx_word' id='word_1_57' title='bbox 1305 1149 1489 1236; x_wconf 72' lang='lat' dir='ltr'>predictam</span> 
     </span>
     <span class='ocr_line' id='line_1_8' title="bbox 376 1253 1490 1340; baseline -0.002 -20"><span class='ocrx_word' id='word_1_58' title='bbox 376 1263 496 1320; x_wconf 88' lang='lat' dir='ltr'><strong>terram</strong></span> <span class='ocrx_word' id='word_1_59' title='bbox 511 1255 552 1320; x_wconf 90' lang='lat' dir='ltr'><strong>de</strong></span> <span class='ocrx_word' id='word_1_60' title='bbox 563 1253 752 1320; x_wconf 87' lang='lat' dir='ltr'><strong>Denelande</strong></span> <span class='ocrx_word' id='word_1_61' title='bbox 767 1263 803 1319; x_wconf 89' lang='lat' dir='ltr'><strong>et</strong></span> <span class='ocrx_word' id='word_1_62' title='bbox 814 1254 951 1320; x_wconf 87' lang='lat' dir='ltr'><strong>seruicia</strong></span> <span class='ocrx_word' id='word_1_63' title='bbox 964 1254 1139 1319; x_wconf 89' lang='lat' dir='ltr'><strong>liberorum</strong></span> <span class='ocrx_word' id='word_1_64' title='bbox 1154 1254 1322 1319; x_wconf 91' lang='lat' dir='ltr'><strong>hominum</strong></span> <span class='ocrx_word' id='word_1_65' title='bbox 1338 1254 1387 1318; x_wconf 86' lang='lat' dir='ltr'><strong>ita</strong></span> <span class='ocrx_word' id='word_1_66' title='bbox 1400 1253 1490 1340; x_wconf 91' lang='lat' dir='ltr'><strong>quod</strong></span> 
     </span>
     <span class='ocr_line' id='line_1_9' title="bbox 376 1354 1490 1444; baseline -0.003 -21"><span class='ocrx_word' id='word_1_67' title='bbox 376 1367 450 1444; x_wconf 89' lang='lat' dir='ltr'><strong>post</strong></span> <span class='ocrx_word' id='word_1_68' title='bbox 465 1366 595 1444; x_wconf 87' lang='lat' dir='ltr'><strong>tempus</strong></span> <span class='ocrx_word' id='word_1_69' title='bbox 610 1354 645 1422; x_wconf 83' lang='lat' dir='ltr'><strong>et</strong></span> <span class='ocrx_word' id='word_1_70' title='bbox 659 1358 744 1422; x_wconf 76' lang='lat' dir='ltr'><strong>infin</strong></span> <span class='ocrx_word' id='word_1_71' title='bbox 758 1357 906 1443; x_wconf 83' lang='lat' dir='ltr'><strong>tempus&#39;</strong></span> <span class='ocrx_word' id='word_1_72' title='bbox 920 1357 1011 1422; x_wconf 90' lang='lat' dir='ltr'><strong>misit</strong></span> <span class='ocrx_word' id='word_1_73' title='bbox 1026 1357 1113 1422; x_wconf 90' lang='lat' dir='ltr'><strong>idem</strong></span> <span class='ocrx_word' id='word_1_74' title='bbox 1134 1357 1292 1422; x_wconf 84' lang='lat' dir='ltr'><strong>Ricardus</strong></span> <span class='ocrx_word' id='word_1_75' title='bbox 1311 1356 1490 1443; x_wconf 84' lang='lat' dir='ltr'><strong>quemdam</strong></span> 
     </span>
     <span class='ocr_line' id='line_1_10' title="bbox 377 1459 1490 1528; baseline -0.003 -1"><span class='ocrx_word' id='word_1_76' title='bbox 377 1463 557 1527; x_wconf 87' lang='lat' dir='ltr'><strong>Henricum</strong></span> <span class='ocrx_word' id='word_1_77' title='bbox 571 1461 612 1526; x_wconf 92' lang='lat' dir='ltr'><strong>de</strong></span> <span class='ocrx_word' id='word_1_78' title='bbox 628 1463 730 1528; x_wconf 86' lang='lat' dir='ltr'><strong>Stoke</strong></span> <span class='ocrx_word' id='word_1_79' title='bbox 744 1461 956 1526; x_wconf 75' lang='lat' dir='ltr'><strong>senescallum</strong></span> <span class='ocrx_word' id='word_1_80' title='bbox 972 1483 1069 1526; x_wconf 89' lang='lat' dir='ltr'><strong>suum</strong></span> <span class='ocrx_word' id='word_1_81' title='bbox 1083 1459 1126 1526; x_wconf 93' lang='lat' dir='ltr'><strong>ad</strong></span> <span class='ocrx_word' id='word_1_82' title='bbox 1146 1461 1294 1525; x_wconf 86' lang='lat' dir='ltr'><strong>homines</strong></span> <span class='ocrx_word' id='word_1_83' title='bbox 1316 1482 1392 1524; x_wconf 87' lang='lat' dir='ltr'><strong>suos</strong></span> <span class='ocrx_word' id='word_1_84' title='bbox 1411 1481 1490 1524; x_wconf 90' lang='lat' dir='ltr'><strong>cum</strong></span> 
     </span>
     <span class='ocr_line' id='line_1_11' title="bbox 377 1565 1490 1654; baseline -0.001 -24"><span class='ocrx_word' id='word_1_85' title='bbox 377 1567 480 1632; x_wconf 88' lang='lat' dir='ltr'><strong>literis</strong></span> <span class='ocrx_word' id='word_1_86' title='bbox 494 1567 683 1654; x_wconf 90' lang='lat' dir='ltr'><strong>patentibus</strong></span> <span class='ocrx_word' id='word_1_87' title='bbox 697 1566 755 1632; x_wconf 90' lang='lat' dir='ltr'><strong>ubi</strong></span> <span class='ocrx_word' id='word_1_88' title='bbox 770 1587 881 1630; x_wconf 88' lang='lat' dir='ltr'><strong>omnes</strong></span> <span class='ocrx_word' id='word_1_89' title='bbox 901 1565 1016 1630; x_wconf 90' lang='lat' dir='ltr'><strong>uillani</strong></span> <span class='ocrx_word' id='word_1_90' title='bbox 1030 1573 1196 1652; x_wconf 71' lang='lat' dir='ltr'><strong>presentes</strong></span> <span class='ocrx_word' id='word_1_91' title='bbox 1211 1567 1344 1632; x_wconf 85' lang='lat' dir='ltr'><strong>fuerunt</strong></span> <span class='ocrx_word' id='word_1_92' title='bbox 1359 1565 1490 1630; x_wconf 84' lang='lat' dir='ltr'><strong>etfacit</strong></span> 
     </span>
     <span class='ocr_line' id='line_1_12' title="bbox 377 1668 1491 1754; baseline -0.002 -20"><span class='ocrx_word' id='word_1_93' title='bbox 377 1669 483 1735; x_wconf 90' lang='lat' dir='ltr'><strong>eidem</strong></span> <span class='ocrx_word' id='word_1_94' title='bbox 504 1669 630 1735; x_wconf 87' lang='lat' dir='ltr'><strong>Abbati</strong></span> <span class='ocrx_word' id='word_1_95' title='bbox 651 1669 804 1734; x_wconf 81' lang='lat' dir='ltr'><strong>saisinam</strong></span> <span class='ocrx_word' id='word_1_96' title='bbox 826 1668 867 1733; x_wconf 90' lang='lat' dir='ltr'><strong>de</strong></span> <span class='ocrx_word' id='word_1_97' title='bbox 891 1668 1045 1754; x_wconf 78' lang='lat' dir='ltr'><strong>predictis</strong></span> <span class='ocrx_word' id='word_1_98' title='bbox 1068 1669 1200 1735; x_wconf 89' lang='lat' dir='ltr'><strong>uillanis</strong></span> <span class='ocrx_word' id='word_1_99' title='bbox 1224 1678 1259 1734; x_wconf 90' lang='lat' dir='ltr'><strong>et</strong></span> <span class='ocrx_word' id='word_1_100' title='bbox 1288 1669 1491 1734; x_wconf 86' lang='lat' dir='ltr'><strong>tenementis</strong></span> 
     </span>
     <span class='ocr_line' id='line_1_13' title="bbox 377 1771 1491 1859; baseline -0.002 -21"><span class='ocrx_word' id='word_1_101' title='bbox 377 1772 512 1850; x_wconf 70' lang='lat' dir='ltr'><strong>saisita</strong></span> <span class='ocrx_word' id='word_1_102' title='bbox 526 1771 613 1858; x_wconf 91' lang='lat' dir='ltr'><strong>quod</strong></span> <span class='ocrx_word' id='word_1_103' title='bbox 626 1771 739 1836; x_wconf 88' lang='lat' dir='ltr'><strong>Abbas</strong></span> <span class='ocrx_word' id='word_1_104' title='bbox 754 1771 971 1837; x_wconf 83' lang='lat' dir='ltr'><strong>incontinenti</strong></span> <span class='ocrx_word' id='word_1_105' title='bbox 986 1773 1074 1859; x_wconf 91' lang='lat' dir='ltr'><strong>cepit</strong></span> <span class='ocrx_word' id='word_1_106' title='bbox 1088 1773 1264 1839; x_wconf 83' lang='lat' dir='ltr'><strong>fidelitates</strong></span> <span class='ocrx_word' id='word_1_107' title='bbox 1279 1773 1321 1838; x_wconf 90' lang='lat' dir='ltr'><strong>ab</strong></span> <span class='ocrx_word' id='word_1_108' title='bbox 1336 1771 1491 1838; x_wconf 91' lang='lat' dir='ltr'><strong>omnibus</strong></span> 
     </span>
     <span class='ocr_line' id='line_1_14' title="bbox 377 1874 1491 1963; baseline 0 -23"><span class='ocrx_word' id='word_1_109' title='bbox 377 1876 508 1941; x_wconf 90' lang='lat' dir='ltr'><strong>uillanis</strong></span> <span class='ocrx_word' id='word_1_110' title='bbox 531 1883 566 1940; x_wconf 89' lang='lat' dir='ltr'><strong>et</strong></span> <span class='ocrx_word' id='word_1_111' title='bbox 587 1875 740 1962; x_wconf 82' lang='lat' dir='ltr'><strong>exigebat</strong></span> <span class='ocrx_word' id='word_1_112' title='bbox 761 1874 928 1940; x_wconf 87' lang='lat' dir='ltr'><strong>redditum</strong></span> <span class='ocrx_word' id='word_1_113' title='bbox 950 1899 1047 1941; x_wconf 90' lang='lat' dir='ltr'><strong>suum</strong></span> <span class='ocrx_word' id='word_1_114' title='bbox 1067 1885 1101 1941; x_wconf 93' lang='lat' dir='ltr'><strong>et</strong></span> <span class='ocrx_word' id='word_1_115' title='bbox 1122 1877 1185 1962; x_wconf 85' lang='lat' dir='ltr'><strong>ipsi</strong></span> <span class='ocrx_word' id='word_1_116' title='bbox 1206 1876 1236 1941; x_wconf 90' lang='lat' dir='ltr'><strong>ei</strong></span> <span class='ocrx_word' id='word_1_117' title='bbox 1251 1876 1491 1963; x_wconf 87' lang='lat' dir='ltr'><strong>responderunt</strong></span> 
     </span>
     <span class='ocr_line' id='line_1_15' title="bbox 378 1977 1489 2064; baseline 0.001 -21"><span class='ocrx_word' id='word_1_118' title='bbox 378 1979 464 2064; x_wconf 91' lang='lat' dir='ltr'><strong>quod</strong></span> <span class='ocrx_word' id='word_1_119' title='bbox 485 1978 612 2043; x_wconf 92' lang='lat' dir='ltr'><strong>nullum</strong></span> <span class='ocrx_word' id='word_1_120' title='bbox 638 1977 803 2043; x_wconf 90' lang='lat' dir='ltr'><strong>redditum</strong></span> <span class='ocrx_word' id='word_1_121' title='bbox 826 1978 858 2043; x_wconf 90' lang='lat' dir='ltr'><strong>ei</strong></span> <span class='ocrx_word' id='word_1_122' title='bbox 879 1978 1064 2044; x_wconf 88' lang='lat' dir='ltr'><strong>debuerunt</strong></span> <span class='ocrx_word' id='word_1_123' title='bbox 1087 1987 1165 2044; x_wconf 88' lang='lat' dir='ltr'><strong>ante</strong></span> <span class='ocrx_word' id='word_1_124' title='bbox 1187 1980 1308 2044; x_wconf 88' lang='lat' dir='ltr'><strong>festum</strong></span> <span class='ocrx_word' id='word_1_125' title='bbox 1331 1980 1363 2045; x_wconf 82' lang='lat' dir='ltr'><strong>S.</strong></span> <span class='ocrx_word' id='word_1_126' title='bbox 1387 1979 1489 2044; x_wconf 86' lang='lat' dir='ltr'><strong>Mich.</strong></span> 
     </span>
     <span class='ocr_line' id='line_1_16' title="bbox 319 2021 1488 2170; baseline 0.001 -23"><span class='ocrx_word' id='word_1_127' title='bbox 319 2021 364 2139; x_wconf 52' lang='lat' dir='ltr'><em>f</em></span> <span class='ocrx_word' id='word_1_128' title='bbox 377 2091 427 2148; x_wconf 85' lang='lat' dir='ltr'><strong>set</strong></span> <span class='ocrx_word' id='word_1_129' title='bbox 451 2083 584 2148; x_wconf 90' lang='lat' dir='ltr'><strong>tandem</strong></span> <span class='ocrx_word' id='word_1_130' title='bbox 608 2082 709 2168; x_wconf 84' lang='lat' dir='ltr'><strong>aliqui</strong></span> <span class='ocrx_word' id='word_1_131' title='bbox 732 2081 857 2148; x_wconf 90' lang='lat' dir='ltr'><strong>denarii</strong></span> <span class='ocrx_word' id='word_1_132' title='bbox 880 2083 927 2148; x_wconf 91' lang='lat' dir='ltr'><strong>eis</strong></span> <span class='ocrx_word' id='word_1_133' title='bbox 949 2083 1131 2148; x_wconf 87' lang='lat' dir='ltr'><strong>acomodati</strong></span> <span class='ocrx_word' id='word_1_134' title='bbox 1153 2083 1303 2148; x_wconf 84' lang='lat' dir='ltr'><strong>fuerunt⁸</strong></span> <span class='ocrx_word' id='word_1_135' title='bbox 1324 2085 1373 2148; x_wconf 90' lang='lat' dir='ltr'><strong>ita</strong></span> <span class='ocrx_word' id='word_1_136' title='bbox 1399 2083 1488 2170; x_wconf 92' lang='lat' dir='ltr'><strong>quod</strong></span> 
     </span>
     <span class='ocr_line' id='line_1_17' title="bbox 377 2187 1488 2275; baseline 0.001 -23"><span class='ocrx_word' id='word_1_137' title='bbox 377 2187 480 2272; x_wconf 90' lang='lat' dir='ltr'><strong>aliqui</strong></span> <span class='ocrx_word' id='word_1_138' title='bbox 508 2187 839 2272; x_wconf 84' lang='lat' dir='ltr'><strong>ipsorumdedemnt</strong></span> <span class='ocrx_word' id='word_1_139' title='bbox 860 2188 967 2254; x_wconf 90' lang='lat' dir='ltr'><strong>eidem</strong></span> <span class='ocrx_word' id='word_1_140' title='bbox 991 2188 1115 2254; x_wconf 84' lang='lat' dir='ltr'><strong>Abbati</strong></span> <span class='ocrx_word' id='word_1_141' title='bbox 1137 2187 1178 2253; x_wconf 92' lang='lat' dir='ltr'><strong>de</strong></span> <span class='ocrx_word' id='word_1_142' title='bbox 1200 2188 1347 2275; x_wconf 89' lang='lat' dir='ltr'><strong>ingressu</strong></span> <span class='ocrx_word' id='word_1_143' title='bbox 1365 2187 1389 2273; x_wconf 85' lang='lat' dir='ltr'><strong>j.</strong></span> <span class='ocrx_word' id='word_1_144' title='bbox 1413 2187 1488 2254; x_wconf 87' lang='lat' dir='ltr'><strong>den</strong></span> 
     </span>
     <span class='ocr_line' id='line_1_18' title="bbox 377 2290 1490 2377; baseline -0.001 -21"><span class='ocrx_word' id='word_1_145' title='bbox 377 2301 436 2356; x_wconf 87' lang='lat' dir='ltr'><strong>etc.</strong></span> <span class='ocrx_word' id='word_1_146' title='bbox 460 2291 509 2356; x_wconf 91' lang='lat' dir='ltr'><strong>ita</strong></span> <span class='ocrx_word' id='word_1_147' title='bbox 533 2291 620 2377; x_wconf 92' lang='lat' dir='ltr'><strong>quod</strong></span> <span class='ocrx_word' id='word_1_148' title='bbox 643 2313 755 2356; x_wconf 91' lang='lat' dir='ltr'><strong>omnes</strong></span> <span class='ocrx_word' id='word_1_149' title='bbox 781 2290 942 2356; x_wconf 82' lang='lat' dir='ltr'><strong>dederunt</strong></span> <span class='ocrx_word' id='word_1_150' title='bbox 969 2290 1093 2376; x_wconf 85' lang='lat' dir='ltr'><strong>aliquid</strong></span> <span class='ocrx_word' id='word_1_151' title='bbox 1115 2290 1156 2355; x_wconf 91' lang='lat' dir='ltr'><strong>de</strong></span> <span class='ocrx_word' id='word_1_152' title='bbox 1178 2291 1333 2377; x_wconf 89' lang='lat' dir='ltr'><strong>ingressu,</strong></span> <span class='ocrx_word' id='word_1_153' title='bbox 1356 2299 1392 2356; x_wconf 91' lang='lat' dir='ltr'><strong>et</strong></span> <span class='ocrx_word' id='word_1_154' title='bbox 1414 2299 1490 2377; x_wconf 91' lang='lat' dir='ltr'><strong>post</strong></span> 
     </span>
     <span class='ocr_line' id='line_1_19' title="bbox 377 2394 1490 2482; baseline -0.002 -22"><span class='ocrx_word' id='word_1_155' title='bbox 377 2405 507 2482; x_wconf 89' lang='lat' dir='ltr'><strong>tempus</strong></span> <span class='ocrx_word' id='word_1_156' title='bbox 533 2396 615 2461; x_wconf 91' lang='lat' dir='ltr'><strong>illud</strong></span> <span class='ocrx_word' id='word_1_157' title='bbox 640 2417 752 2460; x_wconf 90' lang='lat' dir='ltr'><strong>omnes</strong></span> <span class='ocrx_word' id='word_1_158' title='bbox 775 2394 960 2460; x_wconf 89' lang='lat' dir='ltr'><strong>debuerunt</strong></span> <span class='ocrx_word' id='word_1_159' title='bbox 984 2395 1088 2460; x_wconf 85' lang='lat' dir='ltr'><strong>facere</strong></span> <span class='ocrx_word' id='word_1_160' title='bbox 1112 2403 1258 2460; x_wconf 86' lang='lat' dir='ltr'><strong>araturas</strong></span> <span class='ocrx_word' id='word_1_161' title='bbox 1281 2403 1316 2460; x_wconf 89' lang='lat' dir='ltr'><strong>et</strong></span> <span class='ocrx_word' id='word_1_162' title='bbox 1340 2395 1490 2460; x_wconf 86' lang='lat' dir='ltr'><strong>fecerunt</strong></span> 
     </span>
     <span class='ocr_line' id='line_1_20' title="bbox 377 2497 1490 2584; baseline -0.002 -20"><span class='ocrx_word' id='word_1_163' title='bbox 377 2508 437 2564; x_wconf 92' lang='lat' dir='ltr'><strong>etc.</strong></span> <span class='ocrx_word' id='word_1_164' title='bbox 453 2521 552 2564; x_wconf 91' lang='lat' dir='ltr'><strong>unam</strong></span> <span class='ocrx_word' id='word_1_165' title='bbox 567 2507 732 2564; x_wconf 89' lang='lat' dir='ltr'><strong>araturam</strong></span> <span class='ocrx_word' id='word_1_166' title='bbox 746 2497 925 2563; x_wconf 89' lang='lat' dir='ltr'><strong>secundum</strong></span> <span class='ocrx_word' id='word_1_167' title='bbox 940 2498 1026 2584; x_wconf 91' lang='lat' dir='ltr'><strong>quod</strong></span> <span class='ocrx_word' id='word_1_168' title='bbox 1047 2497 1148 2562; x_wconf 90' lang='lat' dir='ltr'><strong>boues</strong></span> <span class='ocrx_word' id='word_1_169' title='bbox 1168 2498 1355 2564; x_wconf 85' lang='lat' dir='ltr'><strong>habuerunt</strong></span> <span class='ocrx_word' id='word_1_170' title='bbox 1377 2498 1490 2584; x_wconf 88' lang='lat' dir='ltr'><strong>plures</strong></span> 
     </span>
     <span class='ocr_line' id='line_1_21' title="bbox 378 2598 1492 2687; baseline -0.004 -21"><span class='ocrx_word' id='word_1_171' title='bbox 378 2602 433 2666; x_wconf 91' lang='lat' dir='ltr'><strong>uel</strong></span> <span class='ocrx_word' id='word_1_172' title='bbox 455 2600 628 2687; x_wconf 82' lang='lat' dir='ltr'><strong>pauciores</strong></span> <span class='ocrx_word' id='word_1_173' title='bbox 674 2601 718 2665; x_wconf 89' lang='lat' dir='ltr'><strong>Et</strong></span> <span class='ocrx_word' id='word_1_174' title='bbox 739 2607 853 2686; x_wconf 88' lang='lat' dir='ltr'><strong>postea</strong></span> <span class='ocrx_word' id='word_1_175' title='bbox 875 2599 1037 2664; x_wconf 84' lang='lat' dir='ltr'><strong>Henricus</strong></span> <span class='ocrx_word' id='word_1_176' title='bbox 1059 2599 1224 2686; x_wconf 82' lang='lat' dir='ltr'><strong>predictus</strong></span> <span class='ocrx_word' id='word_1_177' title='bbox 1243 2599 1385 2664; x_wconf 84' lang='lat' dir='ltr'><strong>balliuus</strong></span> <span class='ocrx_word' id='word_1_178' title='bbox 1405 2598 1492 2663; x_wconf 83' lang='lat' dir='ltr'><strong>dixit</strong></span> 
     </span>
     <span class='ocr_line' id='line_1_22' title="bbox 379 2703 1490 2790; baseline -0.001 -21"><span class='ocrx_word' id='word_1_179' title='bbox 379 2713 415 2770; x_wconf 93' lang='lat' dir='ltr'><strong>et</strong></span> <span class='ocrx_word' id='word_1_180' title='bbox 437 2703 592 2769; x_wconf 85' lang='lat' dir='ltr'><strong>clamauit</strong></span> <span class='ocrx_word' id='word_1_181' title='bbox 615 2725 722 2769; x_wconf 88' lang='lat' dir='ltr'><strong>coram</strong></span> <span class='ocrx_word' id='word_1_182' title='bbox 741 2703 892 2769; x_wconf 90' lang='lat' dir='ltr'><strong>omnibus</strong></span> <span class='ocrx_word' id='word_1_183' title='bbox 913 2703 1000 2790; x_wconf 94' lang='lat' dir='ltr'><strong>quod</strong></span> <span class='ocrx_word' id='word_1_184' title='bbox 1019 2704 1089 2790; x_wconf 90' lang='lat' dir='ltr'><strong>ipse</strong></span> <span class='ocrx_word' id='word_1_185' title='bbox 1104 2703 1182 2769; x_wconf 87' lang='lat' dir='ltr'><strong>fecit</strong></span> <span class='ocrx_word' id='word_1_186' title='bbox 1196 2705 1348 2769; x_wconf 83' lang='lat' dir='ltr'><strong>saisinam</strong></span> <span class='ocrx_word' id='word_1_187' title='bbox 1363 2704 1490 2769; x_wconf 87' lang='lat' dir='ltr'><strong>Abbati</strong></span> 
     </span>
     <span class='ocr_line' id='line_1_23' title="bbox 379 2807 1490 2895; baseline -0.002 -21"><span class='ocrx_word' id='word_1_188' title='bbox 379 2807 420 2874; x_wconf 91' lang='lat' dir='ltr'><strong>de</strong></span> <span class='ocrx_word' id='word_1_189' title='bbox 446 2807 581 2873; x_wconf 89' lang='lat' dir='ltr'><strong>seruicio</strong></span> <span class='ocrx_word' id='word_1_190' title='bbox 607 2807 758 2894; x_wconf 90' lang='lat' dir='ltr'><strong>Hugonis</strong></span> <span class='ocrx_word' id='word_1_191' title='bbox 781 2808 811 2872; x_wconf 91' lang='lat' dir='ltr'><strong>le</strong></span> <span class='ocrx_word' id='word_1_192' title='bbox 837 2808 1023 2894; x_wconf 87' lang='lat' dir='ltr'><strong>Champiun</strong></span> <span class='ocrx_word' id='word_1_193' title='bbox 1051 2816 1103 2873; x_wconf 90' lang='lat' dir='ltr'><strong>set</strong></span> <span class='ocrx_word' id='word_1_194' title='bbox 1131 2831 1300 2895; x_wconf 91' lang='lat' dir='ltr'><strong>nunquam</strong></span> <span class='ocrx_word' id='word_1_195' title='bbox 1325 2808 1490 2895; x_wconf 84' lang='lat' dir='ltr'><strong>inquirere</strong></span> 
     </span>
     <span class='ocr_line' id='line_1_24' title="bbox 380 2913 1489 3002; baseline -0.003 -22"><span class='ocrx_word' id='word_1_196' title='bbox 380 2913 576 3002; x_wconf 87' lang='lat' dir='ltr'><strong>potuerunt⁴</strong></span> <span class='ocrx_word' id='word_1_197' title='bbox 590 2913 676 3000; x_wconf 90' lang='lat' dir='ltr'><strong>quod</strong></span> <span class='ocrx_word' id='word_1_198' title='bbox 690 2913 778 2978; x_wconf 92' lang='lat' dir='ltr'><strong>idem</strong></span> <span class='ocrx_word' id='word_1_199' title='bbox 793 2914 893 3000; x_wconf 88' lang='lat' dir='ltr'><strong>Hugo</strong></span> <span class='ocrx_word' id='word_1_200' title='bbox 908 2922 1021 3000; x_wconf 90' lang='lat' dir='ltr'><strong>postea</strong></span> <span class='ocrx_word' id='word_1_201' title='bbox 1035 2913 1222 3000; x_wconf 87' lang='lat' dir='ltr'><strong>homagium</strong></span> <span class='ocrx_word' id='word_1_202' title='bbox 1238 2914 1366 2979; x_wconf 86' lang='lat' dir='ltr'><strong>fecisset</strong></span> <span class='ocrx_word' id='word_1_203' title='bbox 1381 2913 1489 2978; x_wconf 88' lang='lat' dir='ltr'><strong>eidem</strong></span> 
     </span>
     <span class='ocr_line' id='line_1_25' title="bbox 380 3015 1490 3084; baseline -0.003 0"><span class='ocrx_word' id='word_1_204' title='bbox 380 3018 505 3084; x_wconf 82' lang='lat' dir='ltr'><strong>Abbati</strong></span> <span class='ocrx_word' id='word_1_205' title='bbox 519 3040 579 3082; x_wconf 90' lang='lat' dir='ltr'><strong>nec</strong></span> <span class='ocrx_word' id='word_1_206' title='bbox 594 3017 788 3082; x_wconf 88' lang='lat' dir='ltr'><strong>fidelitatem</strong></span> <span class='ocrx_word' id='word_1_207' title='bbox 803 3039 863 3082; x_wconf 88' lang='lat' dir='ltr'><strong>nec</strong></span> <span class='ocrx_word' id='word_1_208' title='bbox 878 3016 1051 3082; x_wconf 86' lang='lat' dir='ltr'><strong>seruicium</strong></span> <span class='ocrx_word' id='word_1_209' title='bbox 1066 3015 1107 3081; x_wconf 92' lang='lat' dir='ltr'><strong>de</strong></span> <span class='ocrx_word' id='word_1_210' title='bbox 1123 3024 1311 3081; x_wconf 82' lang='lat' dir='ltr'><strong>tenemento</strong></span> <span class='ocrx_word' id='word_1_211' title='bbox 1325 3039 1391 3081; x_wconf 89' lang='lat' dir='ltr'><strong>suo.</strong></span> <span class='ocrx_word' id='word_1_212' title='bbox 1437 3017 1490 3081; x_wconf 91' lang='lat' dir='ltr'><strong>De</strong></span> 
     </span>
     <span class='ocr_line' id='line_1_26' title="bbox 381 3121 1491 3209; baseline -0.004 -21"><span class='ocrx_word' id='word_1_213' title='bbox 381 3123 474 3188; x_wconf 87' lang='lat' dir='ltr'><strong>feodo</strong></span> <span class='ocrx_word' id='word_1_214' title='bbox 488 3122 633 3209; x_wconf 91' lang='lat' dir='ltr'><strong>Philippi</strong></span> <span class='ocrx_word' id='word_1_215' title='bbox 652 3122 694 3187; x_wconf 91' lang='lat' dir='ltr'><strong>de</strong></span> <span class='ocrx_word' id='word_1_216' title='bbox 714 3121 936 3186; x_wconf 85' lang='lat' dir='ltr'><strong>Boterfeuldia</strong></span> <span class='ocrx_word' id='word_1_217' title='bbox 954 3122 1038 3186; x_wconf 88' lang='lat' dir='ltr'><strong>benc</strong></span> <span class='ocrx_word' id='word_1_218' title='bbox 1053 3121 1161 3186; x_wconf 88' lang='lat' dir='ltr'><strong>sciunt</strong></span> <span class='ocrx_word' id='word_1_219' title='bbox 1181 3121 1268 3207; x_wconf 91' lang='lat' dir='ltr'><strong>quod</strong></span> <span class='ocrx_word' id='word_1_220' title='bbox 1291 3121 1403 3185; x_wconf 82' lang='lat' dir='ltr'><strong>Abbas</strong></span> <span class='ocrx_word' id='word_1_221' title='bbox 1425 3121 1491 3184; x_wconf 85' lang='grc'><strong>11111</strong></span> 
     </span>
     <span class='ocr_line' id='line_1_27' title="bbox 381 3223 1491 3312; baseline -0.004 -21"><span class='ocrx_word' id='word_1_222' title='bbox 381 3226 457 3291; x_wconf 91' lang='lat' dir='ltr'><strong>inde</strong></span> <span class='ocrx_word' id='word_1_223' title='bbox 472 3225 601 3290; x_wconf 86' lang='lat' dir='ltr'><strong>seisitus</strong></span> <span class='ocrx_word' id='word_1_224' title='bbox 616 3225 657 3290; x_wconf 91' lang='lat' dir='ltr'><strong>de</strong></span> <span class='ocrx_word' id='word_1_225' title='bbox 672 3225 756 3290; x_wconf 92' lang='lat' dir='ltr'><strong>dono</strong></span> <span class='ocrx_word' id='word_1_226' title='bbox 771 3225 872 3312; x_wconf 89' lang='lat' dir='ltr'><strong>ipsius</strong></span> <span class='ocrx_word' id='word_1_227' title='bbox 887 3224 1032 3311; x_wconf 88' lang='lat' dir='ltr'><strong>Philippi</strong></span> <span class='ocrx_word' id='word_1_228' title='bbox 1043 3224 1142 3290; x_wconf 85' lang='lat' dir='ltr'><strong>saluis</strong></span> <span class='ocrx_word' id='word_1_229' title='bbox 1151 3223 1296 3310; x_wconf 90' lang='lat' dir='ltr'><strong>predicto</strong></span> <span class='ocrx_word' id='word_1_230' title='bbox 1306 3223 1491 3309; x_wconf 75' lang='lat' dir='ltr'><strong>Ernulpho⁸</strong></span> 
     </span>
     <span class='ocr_line' id='line_1_28' title="bbox 381 3327 1490 3414; baseline -0.001 -20"><span class='ocrx_word' id='word_1_231' title='bbox 381 3329 494 3394; x_wconf 87' lang='lat' dir='ltr'><strong>decem</strong></span> <span class='ocrx_word' id='word_1_232' title='bbox 515 3329 569 3394; x_wconf 92' lang='lat' dir='ltr'><strong>sol.</strong></span> <span class='ocrx_word' id='word_1_233' title='bbox 593 3327 764 3393; x_wconf 88' lang='lat' dir='ltr'><strong>annuatim</strong></span> <span class='ocrx_word' id='word_1_234' title='bbox 786 3350 844 3414; x_wconf 89' lang='lat' dir='ltr'><strong>per</strong></span> <span class='ocrx_word' id='word_1_235' title='bbox 865 3351 998 3392; x_wconf 88' lang='lat' dir='ltr'><strong>manum</strong></span> <span class='ocrx_word' id='word_1_236' title='bbox 1019 3327 1122 3414; x_wconf 87' lang='lat' dir='ltr'><strong>ipsius</strong></span> <span class='ocrx_word' id='word_1_237' title='bbox 1142 3328 1282 3393; x_wconf 90' lang='lat' dir='ltr'><strong>Abbatis</strong></span> <span class='ocrx_word' id='word_1_238' title='bbox 1296 3327 1490 3414; x_wconf 87' lang='lat' dir='ltr'><strong>recipiendis</strong></span> 
     </span>
     <span class='ocr_line' id='line_1_29' title="bbox 382 3431 1492 3519; baseline -0.001 -21"><span class='ocrx_word' id='word_1_239' title='bbox 382 3441 417 3498; x_wconf 89' lang='lat' dir='ltr'><strong>et</strong></span> <span class='ocrx_word' id='word_1_240' title='bbox 436 3432 522 3519; x_wconf 88' lang='lat' dir='ltr'><strong>quod</strong></span> <span class='ocrx_word' id='word_1_241' title='bbox 541 3431 653 3497; x_wconf 88' lang='lat' dir='ltr'><strong>Abbas</strong></span> <span class='ocrx_word' id='word_1_242' title='bbox 672 3431 748 3497; x_wconf 90' lang='lat' dir='ltr'><strong>inde</strong></span> <span class='ocrx_word' id='word_1_243' title='bbox 768 3431 948 3497; x_wconf 78' lang='lat' dir='ltr'><strong>dissaisitns</strong></span> <span class='ocrx_word' id='word_1_244' title='bbox 968 3431 1032 3496; x_wconf 86' lang='lat' dir='ltr'><strong>fuit</strong></span> <span class='ocrx_word' id='word_1_245' title='bbox 1051 3432 1137 3496; x_wconf 86' lang='lat' dir='ltr'><strong>sicut</strong></span> <span class='ocrx_word' id='word_1_246' title='bbox 1157 3432 1210 3518; x_wconf 85' lang='lat' dir='ltr'><strong>xij.</strong></span> <span class='ocrx_word' id='word_1_247' title='bbox 1226 3431 1384 3497; x_wconf 88' lang='lat' dir='ltr'><strong>iuratores</strong></span> <span class='ocrx_word' id='word_1_248' title='bbox 1398 3433 1492 3497; x_wconf 83' lang='lat' dir='ltr'><strong>dixe-</strong></span> 
     </span>
     <span class='ocr_line' id='line_1_30' title="bbox 382 3535 1490 3603; baseline -0.001 0"><span class='ocrx_word' id='word_1_249' title='bbox 382 3545 467 3603; x_wconf 90' lang='lat' dir='ltr'><strong>runt.</strong></span> <span class='ocrx_word' id='word_1_250' title='bbox 512 3538 563 3602; x_wconf 91' lang='lat' dir='ltr'><strong>De</strong></span> <span class='ocrx_word' id='word_1_251' title='bbox 589 3536 681 3602; x_wconf 87' lang='lat' dir='ltr'><strong>feodo</strong></span> <span class='ocrx_word' id='word_1_252' title='bbox 707 3546 741 3602; x_wconf 91' lang='lat' dir='ltr'><strong>et</strong></span> <span class='ocrx_word' id='word_1_253' title='bbox 770 3537 915 3602; x_wconf 86' lang='lat' dir='ltr'><strong>seruiciis</strong></span> <span class='ocrx_word' id='word_1_254' title='bbox 944 3535 1075 3602; x_wconf 84' lang='lat' dir='ltr'><strong>Ricardi</strong></span> <span class='ocrx_word' id='word_1_255' title='bbox 1103 3535 1144 3602; x_wconf 88' lang='lat' dir='ltr'><strong>de</strong></span> <span class='ocrx_word' id='word_1_256' title='bbox 1173 3537 1395 3602; x_wconf 86' lang='lat' dir='ltr'><strong>Boterleuldia</strong></span> <span class='ocrx_word' id='word_1_257' title='bbox 1423 3537 1490 3602; x_wconf 89' lang='lat' dir='ltr'><strong>scil</strong></span> 
     </span>
     <span class='ocr_line' id='line_1_31' title="bbox 383 3639 1492 3725; baseline 0.001 -20"><span class='ocrx_word' id='word_1_258' title='bbox 383 3641 424 3705; x_wconf 90' lang='lat' dir='ltr'><strong>de</strong></span> <span class='ocrx_word' id='word_1_259' title='bbox 450 3640 509 3725; x_wconf 89' lang='lat' dir='ltr'><strong>iiij.</strong></span> <span class='ocrx_word' id='word_1_260' title='bbox 533 3640 587 3704; x_wconf 88' lang='lat' dir='ltr'><strong>sol.</strong></span> <span class='ocrx_word' id='word_1_261' title='bbox 612 3639 698 3704; x_wconf 91' lang='lat' dir='ltr'><strong>unde</strong></span> <span class='ocrx_word' id='word_1_262' title='bbox 728 3639 781 3725; x_wconf 84' lang='lat' dir='ltr'><strong>xij.</strong></span> <span class='ocrx_word' id='word_1_263' title='bbox 805 3640 964 3704; x_wconf 88' lang='lat' dir='ltr'><strong>iuratores</strong></span> <span class='ocrx_word' id='word_1_264' title='bbox 989 3639 1150 3704; x_wconf 90' lang='lat' dir='ltr'><strong>dederunt</strong></span> <span class='ocrx_word' id='word_1_265' title='bbox 1176 3639 1300 3704; x_wconf 87' lang='lat' dir='ltr'><strong>Abbati</strong></span> <span class='ocrx_word' id='word_1_266' title='bbox 1329 3639 1492 3718; x_wconf 82' lang='lat' dir='ltr'><strong>saisinam,</strong></span> 
     </span>
     <span class='ocr_line' id='line_1_32' title="bbox 383 3743 1492 3831; baseline 0.001 -23"><span class='ocrx_word' id='word_1_267' title='bbox 383 3744 498 3808; x_wconf 91' lang='lat' dir='ltr'><strong>dicunt</strong></span> <span class='ocrx_word' id='word_1_268' title='bbox 512 3743 599 3830; x_wconf 92' lang='lat' dir='ltr'><strong>quod</strong></span> <span class='ocrx_word' id='word_1_269' title='bbox 613 3743 712 3808; x_wconf 90' lang='lat' dir='ltr'><strong>nichil</strong></span> <span class='ocrx_word' id='word_1_270' title='bbox 732 3745 839 3809; x_wconf 88' lang='lat' dir='ltr'><strong>sciunt</strong></span> <span class='ocrx_word' id='word_1_271' title='bbox 860 3744 938 3830; x_wconf 89' lang='lat' dir='ltr'><strong>quia</strong></span> <span class='ocrx_word' id='word_1_272' title='bbox 957 3743 1125 3831; x_wconf 86' lang='lat' dir='ltr'><strong>longinqui</strong></span> <span class='ocrx_word' id='word_1_273' title='bbox 1144 3751 1229 3809; x_wconf 87' lang='lat' dir='ltr'><strong>sunt</strong></span> <span class='ocrx_word' id='word_1_274' title='bbox 1275 3745 1319 3808; x_wconf 90' lang='lat' dir='ltr'><strong>Et</strong></span> <span class='ocrx_word' id='word_1_275' title='bbox 1340 3744 1492 3830; x_wconf 88' lang='lat' dir='ltr'><strong>requisiti</strong></span> 
     </span>
     <span class='ocr_line' id='line_1_33' title="bbox 384 3845 1491 3934; baseline 0 -22"><span class='ocrx_word' id='word_1_276' title='bbox 384 3847 412 3912; x_wconf 90' lang='lat' dir='ltr'><strong>si</strong></span> <span class='ocrx_word' id='word_1_277' title='bbox 426 3846 590 3934; x_wconf 89' lang='lat' dir='ltr'><strong>predictus</strong></span> <span class='ocrx_word' id='word_1_278' title='bbox 606 3847 767 3912; x_wconf 87' lang='lat' dir='ltr'><strong>Henricus</strong></span> <span class='ocrx_word' id='word_1_279' title='bbox 782 3847 861 3911; x_wconf 90' lang='lat' dir='ltr'><strong>tulit</strong></span> <span class='ocrx_word' id='word_1_280' title='bbox 875 3855 999 3912; x_wconf 86' lang='lat' dir='ltr'><strong>cartam</strong></span> <span class='ocrx_word' id='word_1_281' title='bbox 1019 3847 1157 3933; x_wconf 87' lang='lat' dir='ltr'><strong>predicti</strong></span> <span class='ocrx_word' id='word_1_282' title='bbox 1177 3845 1308 3912; x_wconf 84' lang='lat' dir='ltr'><strong>Ricardi</strong></span> <span class='ocrx_word' id='word_1_283' title='bbox 1327 3846 1368 3911; x_wconf 91' lang='lat' dir='ltr'><strong>de</strong></span> <span class='ocrx_word' id='word_1_284' title='bbox 1389 3847 1491 3912; x_wconf 89' lang='lat' dir='ltr'><strong>Ture·</strong></span> 
     </span>
     <span class='ocr_line' id='line_1_34' title="bbox 385 3949 1492 4037; baseline 0 -21"><span class='ocrx_word' id='word_1_285' title='bbox 385 3951 465 4016; x_wconf 87' lang='lat' dir='ltr'><strong>uilla</strong></span> <span class='ocrx_word' id='word_1_286' title='bbox 478 3950 574 4015; x_wconf 88' lang='lat' dir='ltr'><strong>simul</strong></span> <span class='ocrx_word' id='word_1_287' title='bbox 589 3973 664 4015; x_wconf 92' lang='lat' dir='ltr'><strong>cum</strong></span> <span class='ocrx_word' id='word_1_288' title='bbox 680 3949 782 4014; x_wconf 87' lang='lat' dir='ltr'><strong>literis</strong></span> <span class='ocrx_word' id='word_1_289' title='bbox 797 3950 987 4036; x_wconf 87' lang='lat' dir='ltr'><strong>patentibus</strong></span> <span class='ocrx_word' id='word_1_290' title='bbox 1001 3949 1104 4037; x_wconf 90' lang='lat' dir='ltr'><strong>ipsius</strong></span> <span class='ocrx_word' id='word_1_291' title='bbox 1119 3949 1259 4026; x_wconf 86' lang='lat' dir='ltr'><strong>Ricardi,</strong></span> <span class='ocrx_word' id='word_1_292' title='bbox 1273 3949 1388 4015; x_wconf 91' lang='lat' dir='ltr'><strong>dicunt</strong></span> <span class='ocrx_word' id='word_1_293' title='bbox 1403 3949 1492 4036; x_wconf 93' lang='lat' dir='ltr'><strong>quod</strong></span> 
     </span>
    </p>
   </div>
   <div class='ocr_carea' id='block_1_4' title="bbox 385 4097 1493 4553">
    <p class='ocr_par' dir='ltr' id='par_1_4' title="bbox 385 4097 1493 4553">
     <span class='ocr_line' id='line_1_35' title="bbox 385 4097 1493 4162; baseline 0 -14"><span class='ocrx_word' id='word_1_294' title='bbox 385 4099 430 4149; x_wconf 84' lang='lat' dir='ltr'><strong>tho</strong></span> <span class='ocrx_word' id='word_1_295' title='bbox 450 4098 536 4148; x_wconf 88' lang='lat' dir='ltr'><strong>Abbot</strong></span> <span class='ocrx_word' id='word_1_296' title='bbox 556 4098 633 4148; x_wconf 86' lang='lat' dir='ltr'><strong>could</strong></span> <span class='ocrx_word' id='word_1_297' title='bbox 655 4098 733 4147; x_wconf 77' lang='lat' dir='ltr'><strong>suffer</strong></span> <span class='ocrx_word' id='word_1_298' title='bbox 748 4113 765 4148; x_wconf 86' lang='lat' dir='ltr'><strong>a</strong></span> <span class='ocrx_word' id='word_1_299' title='bbox 781 4097 911 4148; x_wconf 82' lang='lat' dir='ltr'><strong>disseisin.</strong></span> <span class='ocrx_word' id='word_1_300' title='bbox 962 4099 991 4148; x_wconf 87' lang='lat' dir='ltr'><strong>ol</strong></span> <span class='ocrx_word' id='word_1_301' title='bbox 1006 4098 1107 4162; x_wconf 81' lang='lat' dir='ltr'><strong>symbol</strong></span> <span class='ocrx_word' id='word_1_302' title='bbox 1123 4113 1194 4148; x_wconf 84' lang='lat' dir='ltr'><strong>some</strong></span> <span class='ocrx_word' id='word_1_303' title='bbox 1210 4112 1291 4162; x_wconf 86' lang='lat' dir='ltr'><strong>penca</strong></span> <span class='ocrx_word' id='word_1_304' title='bbox 1307 4112 1371 4147; x_wconf 79' lang='lat' dir='ltr'><strong>were</strong></span> <span class='ocrx_word' id='word_1_305' title='bbox 1388 4097 1443 4148; x_wconf 87' lang='lat' dir='ltr'><strong>lent</strong></span> <span class='ocrx_word' id='word_1_306' title='bbox 1463 4103 1493 4148; x_wconf 86' lang='lat' dir='ltr'><strong>to</strong></span> 
     </span>
     <span class='ocr_line' id='line_1_36' title="bbox 385 4162 1493 4226; baseline 0 -13"><span class='ocrx_word' id='word_1_307' title='bbox 385 4164 441 4213; x_wconf 81' lang='lat' dir='ltr'><strong>The</strong></span> <span class='ocrx_word' id='word_1_308' title='bbox 451 4163 535 4213; x_wconf 85' lang='lat' dir='ltr'><strong>Abbot</strong></span> <span class='ocrx_word' id='word_1_309' title='bbox 543 4163 591 4212; x_wconf 86' lang='grc'><strong>1111</strong></span> <span class='ocrx_word' id='word_1_310' title='bbox 599 4162 735 4213; x_wconf 84' lang='lat' dir='ltr'><strong>succeeded</strong></span> <span class='ocrx_word' id='word_1_311' title='bbox 744 4163 771 4212; x_wconf 93' lang='lat' dir='ltr'><strong>in</strong></span> <span class='ocrx_word' id='word_1_312' title='bbox 781 4178 815 4213; x_wconf 80' lang='lat' dir='ltr'><strong>an</strong></span> <span class='ocrx_word' id='word_1_313' title='bbox 827 4163 910 4214; x_wconf 84' lang='lat' dir='ltr'><strong>assiae</strong></span> <span class='ocrx_word' id='word_1_314' title='bbox 963 4163 1007 4214; x_wconf 87' lang='grc'><strong>1111</strong></span> <span class='ocrx_word' id='word_1_315' title='bbox 1022 4164 1126 4213; x_wconf 75' lang='grc'><strong>1111111111</strong></span> <span class='ocrx_word' id='word_1_316' title='bbox 1141 4163 1226 4212; x_wconf 79' lang='lat' dir='ltr'><strong>which</strong></span> <span class='ocrx_word' id='word_1_317' title='bbox 1242 4163 1304 4225; x_wconf 81' lang='lat' dir='ltr'><strong>they</strong></span> <span class='ocrx_word' id='word_1_318' title='bbox 1319 4163 1382 4226; x_wconf 82' lang='lat' dir='ltr'><strong>paid</strong></span> <span class='ocrx_word' id='word_1_319' title='bbox 1398 4167 1426 4213; x_wconf 86' lang='lat' dir='ltr'><strong>to</strong></span> <span class='ocrx_word' id='word_1_320' title='bbox 1446 4163 1493 4214; x_wconf 86' lang='lat' dir='ltr'><strong>the</strong></span> 
     </span>
     <span class='ocr_line' id='line_1_37' title="bbox 385 4227 1492 4292; baseline 0 -13"><span class='ocrx_word' id='word_1_321' title='bbox 385 4229 438 4279; x_wconf 82' lang='lat' dir='ltr'><strong>and</strong></span> <span class='ocrx_word' id='word_1_322' title='bbox 448 4229 502 4279; x_wconf 89' lang='lat' dir='ltr'><strong>this</strong></span> <span class='ocrx_word' id='word_1_323' title='bbox 513 4228 536 4278; x_wconf 85' lang='lat' dir='ltr'><strong>is</strong></span> <span class='ocrx_word' id='word_1_324' title='bbox 547 4243 582 4278; x_wconf 82' lang='lat' dir='ltr'><strong>an</strong></span> <span class='ocrx_word' id='word_1_325' title='bbox 593 4229 697 4279; x_wconf 87' lang='lat' dir='ltr'><strong>attaint.</strong></span> <span class='ocrx_word' id='word_1_326' title='bbox 962 4228 1048 4278; x_wconf 86' lang='lat' dir='ltr'><strong>Abbot</strong></span> <span class='ocrx_word' id='word_1_327' title='bbox 1069 4229 1123 4278; x_wconf 88' lang='lat' dir='ltr'><strong>and</strong></span> <span class='ocrx_word' id='word_1_328' title='bbox 1144 4243 1174 4278; x_wconf 88' lang='lat' dir='ltr'><strong>so</strong></span> <span class='ocrx_word' id='word_1_329' title='bbox 1190 4228 1252 4292; x_wconf 81' lang='lat' dir='ltr'><strong>they</strong></span> <span class='ocrx_word' id='word_1_330' title='bbox 1267 4227 1388 4278; x_wconf 80' lang='lat' dir='ltr'><strong>attorned</strong></span> <span class='ocrx_word' id='word_1_331' title='bbox 1407 4229 1492 4279; x_wconf 79' lang='lat' dir='ltr'><strong>them·</strong></span> 
     </span>
     <span class='ocr_line' id='line_1_38' title="bbox 418 4293 1219 4357; baseline -0.001 -14"><span class='ocrx_word' id='word_1_332' title='bbox 418 4293 428 4325; x_wconf 83' lang='lat'>¹</span> <span class='ocrx_word' id='word_1_333' title='bbox 441 4296 607 4357; x_wconf 78' lang='lat' dir='ltr'><strong>perendimre</strong></span> <span class='ocrx_word' id='word_1_334' title='bbox 623 4293 647 4342; x_wconf 93' lang='grc'><strong>11</strong></span> <span class='ocrx_word' id='word_1_335' title='bbox 663 4293 726 4344; x_wconf 88' lang='lat' dir='ltr'><strong>used</strong></span> <span class='ocrx_word' id='word_1_336' title='bbox 742 4295 770 4343; x_wconf 91' lang='grc' dir='ltr'><strong>1ο</strong></span> <span class='ocrx_word' id='word_1_337' title='bbox 786 4307 864 4344; x_wconf 81' lang='lat' dir='ltr'><strong>mean</strong></span> <span class='ocrx_word' id='word_1_338' title='bbox 886 4301 911 4344; x_wconf 87' lang='lat' dir='ltr'><strong>to</strong></span> <span class='ocrx_word' id='word_1_339' title='bbox 961 4295 1042 4344; x_wconf 82' lang='lat' dir='ltr'><strong>selvas</strong></span> <span class='ocrx_word' id='word_1_340' title='bbox 1052 4293 1095 4344; x_wconf 82' lang='lat' dir='ltr'><strong>hia</strong></span> <span class='ocrx_word' id='word_1_341' title='bbox 1106 4297 1219 4344; x_wconf 77' lang='grc'><strong>11111111.</strong></span> 
     </span>
     <span class='ocr_line' id='line_1_39' title="bbox 385 4349 1493 4422; baseline 0 -14"><span class='ocrx_word' id='word_1_342' title='bbox 385 4361 566 4422; x_wconf 68' lang='lat' dir='ltr'><strong>reanimatay,</strong></span> <span class='ocrx_word' id='word_1_343' title='bbox 581 4361 662 4408; x_wconf 78' lang='lat' dir='ltr'><strong>duell.</strong></span> <span class='ocrx_word' id='word_1_344' title='bbox 993 4349 1077 4408; x_wconf 71' lang='lat' dir='ltr'><strong>*rte</strong></span> <span class='ocrx_word' id='word_1_345' title='bbox 1097 4359 1183 4422; x_wconf 80' lang='lat' dir='ltr'><strong>jurors</strong></span> <span class='ocrx_word' id='word_1_346' title='bbox 1205 4357 1281 4408; x_wconf 82' lang='lat' dir='ltr'><strong>could</strong></span> <span class='ocrx_word' id='word_1_347' title='bbox 1302 4361 1351 4408; x_wconf 84' lang='lat' dir='ltr'><strong>not</strong></span> <span class='ocrx_word' id='word_1_348' title='bbox 1374 4357 1493 4410; x_wconf 86' lang='lat' dir='ltr'><strong>discover</strong></span> 
     </span>
     <span class='ocr_line' id='line_1_40' title="bbox 417 4421 1454 4486; baseline 0 -14"><span class='ocrx_word' id='word_1_349' title='bbox 417 4423 428 4454; x_wconf 88' lang='lat'><strong>¹</strong></span> <span class='ocrx_word' id='word_1_350' title='bbox 445 4423 493 4484; x_wconf 87' lang='lat' dir='ltr'><strong>Qu.</strong></span> <span class='ocrx_word' id='word_1_351' title='bbox 505 4423 550 4472; x_wconf 80' lang='lat' dir='ltr'><strong>the</strong></span> <span class='ocrx_word' id='word_1_352' title='bbox 561 4423 681 4486; x_wconf 81' lang='lat' dir='ltr'><strong>meaning</strong></span> <span class='ocrx_word' id='word_1_353' title='bbox 692 4424 721 4472; x_wconf 92' lang='lat' dir='ltr'><strong>ol&#39;</strong></span> <span class='ocrx_word' id='word_1_354' title='bbox 729 4422 792 4473; x_wconf 82' lang='grc'><strong>11111.</strong></span> <span class='ocrx_word' id='word_1_355' title='bbox 962 4424 1021 4474; x_wconf 84' lang='lat' dir='ltr'><strong>that</strong></span> <span class='ocrx_word' id='word_1_356' title='bbox 1032 4423 1112 4486; x_wconf 81' lang='lat' dir='ltr'><strong>Hugh</strong></span> <span class='ocrx_word' id='word_1_357' title='bbox 1124 4423 1269 4486; x_wconf 86' lang='lat' dir='ltr'><strong>Ghampion</strong></span> <span class='ocrx_word' id='word_1_358' title='bbox 1278 4421 1324 4473; x_wconf 88' lang='lat' dir='ltr'><strong>did</strong></span> <span class='ocrx_word' id='word_1_359' title='bbox 1333 4423 1454 4486; x_wconf 77' lang='lat' dir='ltr'><strong>homage.</strong></span> 
     </span>
     <span class='ocr_line' id='line_1_41' title="bbox 417 4487 1326 4553; baseline 0.003 -17"><span class='ocrx_word' id='word_1_360' title='bbox 417 4487 428 4519; x_wconf 80' lang='lat'>³</span> <span class='ocrx_word' id='word_1_361' title='bbox 444 4488 484 4537; x_wconf 85' lang='lat' dir='ltr'><strong>No</strong></span> <span class='ocrx_word' id='word_1_362' title='bbox 495 4492 554 4538; x_wconf 87' lang='lat' dir='ltr'><strong>rent</strong></span> <span class='ocrx_word' id='word_1_363' title='bbox 564 4503 617 4538; x_wconf 84' lang='lat' dir='ltr'><strong>was</strong></span> <span class='ocrx_word' id='word_1_364' title='bbox 627 4487 689 4538; x_wconf 82' lang='lat' dir='ltr'><strong>then</strong></span> <span class='ocrx_word' id='word_1_365' title='bbox 701 4488 757 4551; x_wconf 86' lang='lat' dir='ltr'><strong>due,</strong></span> <span class='ocrx_word' id='word_1_366' title='bbox 772 4505 802 4538; x_wconf 88' lang='grc' dir='ltr'><strong>1ο</strong></span> <span class='ocrx_word' id='word_1_367' title='bbox 810 4489 844 4553; x_wconf 79' lang='lat' dir='ltr'><strong>by</strong></span> <span class='ocrx_word' id='word_1_368' title='bbox 855 4505 911 4552; x_wconf 82' lang='lat' dir='ltr'><strong>way</strong></span> <span class='ocrx_word' id='word_1_369' title='bbox 993 4489 1004 4522; x_wconf 84' lang='lat'>¹</span> <span class='ocrx_word' id='word_1_370' title='bbox 1022 4489 1076 4541; x_wconf 85' lang='lat' dir='ltr'><strong>Sic:</strong></span> <span class='ocrx_word' id='word_1_371' title='bbox 1089 4504 1155 4540; x_wconf 83' lang='lat' dir='ltr'><strong>corr.</strong></span> <span class='ocrx_word' id='word_1_372' title='bbox 1167 4491 1281 4540; x_wconf 82' lang='lat' dir='ltr'><strong>Eracldo</strong></span> <span class='ocrx_word' id='word_1_373' title='bbox 1294 4489 1326 4552; x_wconf 74' lang='grc'><strong>11)</strong></span> 
     </span>
    </p>
   </div>
   <div class='ocr_carea' id='block_1_5' title="bbox 0 0 1674 5238">
    <p class='ocr_par' dir='ltr' id='par_1_5' title="bbox 0 0 1674 5238">
     <span class='ocr_line' id='line_1_42' title="bbox 0 0 1674 5238; baseline 0 0"><span class='ocrx_word' id='word_1_374' title='bbox 0 0 1674 5238; x_wconf 95' lang='lat' dir='ltr'><strong> </strong></span> 
     </span>
    </p>
   </div>
  </div>
 </body>
</html>
