3276 5234
144 467 279 521 11111111
292 471 376 520 enarr
391 469 468 520 aun
483 467 683 520 umnnmax
695 467 795 531 arae,
811 467 875 518 an.
890 455 985 532 1229,
999 469 1063 522 aa
1076 457 1126 522 lt
1172 457 1236 524 283

143 642 187 706 ita
204 641 288 728 quod
306 641 439 706 Mabilia
457 639 549 705 dedit
568 639 712 726 predicto
733 635 877 705 Joharmi
897 663 923 705 v.
940 641 994 705 sol.
1015 648 1050 706 et
1071 641 1237 710 iohannes

142 745 274 810 remittit
299 753 402 810 tatum
425 744 580 809 clamium
603 751 638 808 et
659 742 822 808 accionem
851 765 949 830 quam
979 745 1096 811 habuit
1124 769 1237 813 uersus

141 871 207 914 eam
220 849 260 914 dc
274 849 331 914 hac
345 871 443 914 causa
462 855 498 913 et
518 847 653 912 Mabilia
668 847 819 913 similiter
837 847 973 914 retraxit
993 871 1027 914 ae
1047 849 1088 914 de
1109 849 1237 936 loquela

142 973 231 1036 quam
245 951 307 1015 fnit
321 959 494 1036 prosecuta
508 949 544 1015 in
558 949 648 1015 curia
661 949 885 1016 cristianitatis
904 959 939 1016 et
954 951 1102 1037 quietum
1117 953 1236 1017 clamat

143 1073 250 1138 ¹1³⁸¹¹¹¹L

85 1189 105 1210 a·
199 1156 357 1221 Rcbertua
394 1155 543 1221 Holebut
572 1163 607 1220 ct
636 1155 776 1221 Iaabella
804 1178 885 1221 uxor
914 1157 984 1222 cius
1012 1181 1071 1244 per
1097 1159 1233 1224 eandem

143 1259 304 1326 Iaabellam
328 1283 379 1346 po,
401 1261 442 1324 10.
464 1259 567 1346 ipsius
587 1259 741 1324 Reberti¹
763 1260 848 1346 petit
873 1283 987 1326 uersus
1012 1263 1169 1329 Thomam
1194 1264 1235 1331 de

143 1363 324 1429 Staneuella
346 1361 417 1428 11²¹.
444 1385 506 1429 aer.
529 1371 613 1428 terre
635 1383 710 1427 cum
732 1369 813 1448 pert.
836 1363 870 1427 in
897 1363 1092 1431 Stanewella
1120 1375 1159 1432 ut
1183 1367 1235 1433 ius

142 1477 171 1534 ct
186 1467 397 1533 hereditatem
416 1468 520 1554 ipeiua
540 1467 678 1532 Iaabelle
698 1467 786 1532 etin
806 1491 886 1554 quae
907 1469 994 1533 idem
1009 1469 1148 1534 Thomas
1169 1492 1233 1535 11011

142 1570 229 1636 habet
242 1571 423 1657 ingressum
437 1571 501 1634 nisi
515 1591 574 1656 per
591 1569 810 1634 Hercbertum
829 1570 859 1635 le
883 1570 1021 1636 Paumer
1035 1572 1093 1658 qui
1110 1572 1141 1638 ei
1161 1573 1234 1639 illas

141 1673 251 1740 dimisit
271 1677 351 1741 dum
374 1675 520 1762 predicta
541 1673 682 1740 Isabella
702 1674 765 1739 fuit
786 1674 871 1740 inira
892 1683 1015 1742 etatem
1037 1684 1072 1740 et
1097 1677 1132 1742 in
1161 1699 1231 1742 crre-

142 1779 219 1844 mdia
232 1801 291 1846 aua
305 1788 343 1844 ut
358 1778 474 1844 dicunt
488 1785 547 1842 etc

196 1882 237 1947 Et
251 1883 391 1948 Thomas
405 1881 499 1947 uenit
514 1888 548 1946 et
563 1879 708 1945 defendit
723 1880 774 1946 ius
788 1903 883 1946 suum
896 1889 930 1947 et
941 1883 1041 1948 talem
1052 1883 1231 1971 ingressum

142 1994 170 2048 ct
189 1985 264 2050 dicit
293 1985 381 2072 quod
409 1985 511 2050 habet
539 1983 719 2071 ingressum
747 2007 807 2070 per
835 1987 1009 2072 quamdam
1038 1988 1232 2053 Beatriciam

142 2088 335 2154 hialmmains
360 2097 395 2154 et
416 2097 512 2154 uocat
533 2088 610 2154 inde
631 2088 673 2154 ad
695 2097 874 2156 warantum
896 2091 1110 2178 Ragem’ldam
1132 2093 1232 2158 filiam

141 2191 229 2276 ipsius
252 2193 422 2258 Beatricia
468 2191 620 2258 Habeat¹
647 2192 701 2257 dic
730 2193 822 2258 Lune
851 2201 891 2258 ut
919 2193 960 2258 de
990 2193 1043 2258 die
1071 2195 1107 2259 in
1136 2196 1231 2262 diem.

142 2295 207 2360 Post
239 2298 334 2363 uenit
371 2297 511 2362 Renilda
539 2304 573 2361 et
603 2296 685 2362 bene
715 2297 903 2363 warantizat
939 2307 978 2363 ut
1014 2299 1104 2364 illam
1134 2321 1232 2386 quam

142 2401 288 2468 Beatricia
302 2409 408 2467 mater
422 2423 481 2467 sua
500 2401 593 2466 dedit
609 2423 668 2486 per
687 2409 809 2466 cartam
828 2423 921 2466 anam
942 2401 1087 2488 predicto
1102 2401 1232 2468 Thome.

143 2504 178 2568 Et
190 2506 325 2570 Thomas
340 2505 487 2591 quesitus
506 2504 648 2570 aialium
668 2505 848 2591 ingressum
868 2505 922 2570 uel
936 2504 1026 2570 aliud
1046 2504 1097 2570 ius
1117 2505 1233 2570 habuit

142 2607 170 2672 in
194 2610 357 2674 termille
382 2608 445 2673 nisi
467 2631 526 2696 per
546 2609 726 2695 predictam
748 2608 942 2674 Beatriciam
965 2607 1046 2674 dicit
1068 2609 1153 2695 quod
1175 2631 1234 2695 per

143 2711 321 2800 Margeriam
344 2735 478 2777 uxorem
501 2735 593 2777 suam
614 2711 707 2777 cuius
728 2711 890 2777 hereditas
913 2710 970 2776 illa
991 2711 1055 2774 fuit
1076 2709 1125 2776 ita
1146 2712 1232 2796 quod

141 2825 203 2900 port
229 2825 368 2882 mortem
397 2815 498 2902 ipsius
520 2815 680 2902 Margerie
702 2815 779 2902 quia
799 2815 882 2881 obiit
903 2816 972 2881 eine
995 2814 1112 2880 herede
1135 2815 1175 2880 de
1197 2839 1232 2882 ee

142 2918 294 2985 descendit
329 2928 418 2985 tarra
454 2921 511 2985 illa
545 2921 690 3007 predicte
724 2919 883 2984 Beatrieie
912 2919 962 2984 ita
989 2918 1076 3005 quod
1105 2919 1169 2983 fuit
1197 2920 1232 2984 in

142 3021 245 3088 neieina
277 3023 319 3087 de
356 3031 444 3088 terra
471 3023 529 3087 illa
557 3045 616 3109 per
643 3043 748 3087 unum
777 3043 921 3086 mensem
950 3029 985 3086 et
1014 3029 1128 3108 postea
1156 3022 1234 3088 fecit

143 3133 258 3191 tantum
287 3149 402 3192 uersus
431 3126 567 3192 eandem
597 3125 791 3191 Beatriciam
821 3125 907 3211 quod
932 3125 1004 3210 ipsa
1024 3125 1180 3190 concessit
1202 3127 1233 3191 ei

143 3235 246 3296 terram
269 3231 361 3296 illam
376 3231 463 3296 unde
482 3231 562 3296 dicit
577 3231 663 3318 quod
684 3231 785 3296 habet
806 3253 864 3317 per
883 3229 1019 3295 candem
1037 3229 1231 3296 Beatriciam

143 3341 171 3396 et
182 3357 242 3399 non
255 3358 315 3422 per
329 3337 557 3402 Hereberturn.

197 3435 237 3500 Et
250 3437 414 3502 Robertue
429 3445 464 3503 et
478 3437 618 3503 Isabella
628 3437 742 3502 dicunt
753 3436 839 3523 quod
853 3435 922 3522 ipae
937 3457 1104 3522 nunquam
1115 3437 1231 3503 habuit

142 3535 309 3625 ingressum
331 3563 390 3628 per
411 3541 589 3629 predictam
619 3541 815 3608 Beatrieiam
845 3541 922 3628 quia
950 3539 978 3604 ei
1006 3539 1077 3626 ipsa
1105 3541 1168 3606 fuit
1196 3541 1232 3606 in

143 3642 247 3709 neieina
260 3645 302 3710 de
316 3646 383 3710 illia
396 3646 457 3710 hoc
472 3646 535 3710 fuit
550 3645 590 3711 de
606 3643 750 3723 santicio,
765 3653 800 3710 et
820 3643 907 3731 quod
920 3643 1100 3730 ingressum
1116 3643 1232 3709 habuit

142 3765 192 3828 per
216 3748 396 3834 predictum
425 3749 645 3814 Hercbertum
673 3755 799 3834 ponunt
832 3770 867 3813 ec
903 3769 1000 3833 cuper
1027 3745 1167 3810 iuratam
1196 3755 1232 3812 et

143 3849 268 3918 Thomas
282 3853 440 3920 similiter.

197 3953 361 4020 Jnratores
381 3955 495 4021 dicunt
517 3955 603 4042 quod
624 3955 780 4020 Ricardus
802 3955 832 4019 le
856 3953 995 4019 Paumer
1015 3961 1109 4040 pater
1129 3953 1231 4039 ipsius

144 4054 267 4123 Iaabelle
282 4059 364 4123 emit
379 4065 499 4124 terram
520 4059 610 4124 illam
630 4058 671 4124 de
692 4057 824 4124 Serlone
844 4056 1050 4122 Maleemains
1070 4064 1105 4121 et
1124 4057 1232 4121 tenuit

143 4181 205 4225 eam
219 4163 310 4250 longo
326 4171 471 4250 tempore
486 4163 521 4228 in
535 4187 634 4228 manu
649 4185 709 4228 sua
722 4171 756 4228 et
770 4171 883 4249 postea
897 4183 969 4227 eam
982 4161 1073 4227 dedit
1087 4161 1230 4248 predicte

144 4263 267 4332 Ieabelle
289 4265 354 4331 filie
376 4289 434 4332 aue
457 4265 499 4332 ad
521 4289 555 4332 se
577 4265 808 4332 consulendum
830 4265 878 4332 ita
901 4264 988 4352 quod
1009 4265 1079 4350 ipea
1100 4265 1135 4329 in
1161 4265 1231 4331 uita

254 4437 265 4535 ξ
281 4437 486 4568 ἓῧῗιὲιιεέῃιιὴε
498 4437 554 4490 wite
566 4454 673 4505 appears
684 4455 714 4491 aa
725 4443 844 4505 attorney
856 4439 895 4490 101
905 4438 952 4490 har
962 4437 1090 4488 husband
1191 4501 1193 4510 ‚
