3196 5226
365 433 428 494 108
552 443 685 494 snsnr
707 443 781 494 sun
803 443 940 506 unsrun,
963 444 1028 494 nn.
1053 430 1146 506 1220,
1167 443 1230 494 nn
1254 431 1282 494 4.

363 617 475 682 ecdem
495 625 590 695 terra,
604 616 654 682 ita
676 615 762 704 quod
785 637 844 703 per
862 615 960 682 finem
984 615 1078 680 illum
1100 614 1239 680 remisit¹
1254 623 1342 680 terre
1364 613 1479 680 eidem

363 720 508 784 Wnltero
523 720 643 806 quieta,
658 727 692 784 91
706 719 833 784 desicut
847 718 934 784 idem
951 717 1136 784 Willelmus
1151 727 1231 783 tunc
1244 718 1308 782 fuit
1327 718 1365 782 in
1386 725 1481 782 terra

364 833 399 888 91
428 831 551 890 etatem
580 823 697 889 habuit
726 832 761 888 et
790 847 855 888 non
885 823 1038 910 apposuit
1067 823 1220 888 clamium
1250 845 1357 899 suum,
1386 821 1480 909 petit

363 927 520 994 iudicium
546 927 575 992 si
597 949 695 1014 super
717 928 815 992 finem
841 927 935 993 illum
961 927 1080 992 debeat
1105 926 1205 992 assisa
1229 925 1413 1013 procedere,
1440 933 1479 990 et

363 1039 511 1117 preterea
535 1031 622 1096 idem
648 1031 810 1096 Robertus
834 1029 1006 1095 bastardus
1030 1029 1094 1094 fuit
1117 1037 1152 1094 et
1177 1051 1345 1115 nunquam
1376 1029 1479 1095 duxit

363 1155 495 1198 uxorem
511 1143 545 1199 et
559 1134 632 1199 ideo
646 1135 687 1200 de
703 1155 741 1198 9ο
755 1157 820 1200 non
834 1141 943 1220 potest
957 1132 1090 1198 assisam
1106 1133 1232 1198 habere.

430 1238 474 1303 Et
503 1238 665 1325 preterea*
687 1238 872 1304 Willelmus
897 1239 990 1302 uenit
1020 1246 1054 1302 et
1083 1236 1274 1324 dicitquod
1300 1245 1381 1302 tunc
1409 1237 1478 1301 fuit

364 1342 452 1406 ultre
476 1363 564 1406 mare
590 1350 625 1406 et
647 1341 771 1408 nullam
795 1339 945 1428 pruducit
970 1349 1092 1406 sectam
1116 1363 1175 1406 nec
1199 1341 1274 1406 uult
1296 1363 1418 1426 ponere
1439 1361 1477 1404 se

364 1467 461 1530 super
474 1445 614 1510 iuratam
629 1453 663 1510 91
677 1445 750 1512 ideo
764 1444 861 1510 datus
876 1453 926 1509 est
940 1443 1010 1510 dies
1029 1453 1088 1510 etc
1104 1443 1145 1510 de
1165 1444 1327 1510 audiendo
1350 1444 1477 1509 iudicio

202 1549 398 1638 1111111ῃ91
412 1549 520 1614 iurata
533 1557 706 1616 remaneat
751 1549 795 1614 Et
810 1549 887 1636 quis
897 1549 1080 1614 Willelmus
1094 1549 1218 1613 nullam
1233 1557 1355 1614 sectam
1370 1548 1477 1613 habet

202 1597 339 1740 111111ζὲ0111
293 1689 320 1729 α,
364 1651 450 1737 quod
474 1651 537 1716 fuit
560 1660 653 1718 extre
674 1673 810 1739 regnum
834 1674 894 1718 nec
916 1653 990 1717 uult
1012 1673 1132 1738 ponere
1154 1673 1189 1717 se
1209 1675 1307 1738 super
1321 1652 1477 1728 iuratum,

201 1738 305 1824 ffli'*
284 1783 351 1822 urus
363 1754 600 1820 consideratum
622 1763 672 1820 est
697 1755 783 1841 quod
805 1755 972 1820 «Iohannes
996 1765 1050 1820 ent
1074 1755 1150 1820 inde
1176 1755 1307 1842 quietus
1331 1765 1366 1822 91
1388 1755 1476 1821 Wil-

202 1831 337 1964 ffidm'sst
363 1855 503 1921 lelmus
494 1879 528 1921 ιη
543 1857 767 1924 misericordie

202 1971 247 2010 ¹¹¹¹·
254 1969 293 2009 ‘¹1⁸
428 1959 570 2028 'Aclesrs
580 1982 643 2046 que
655 1960 718 2024 suit
733 1982 813 2024 uxor
824 1959 956 2025 R1cerdr
966 1959 997 2024 le
1010 1959 1188 2026 Newemsn
1199 1981 1258 2045 per
1267 1967 1475 2025 ettometum

240 2038 310 2101 ¹24·
364 2085 459 2128 suum
483 2065 604 2150 optulit
627 2086 660 2128 se
687 2072 802 2150 quarto
821 2063 874 2128 die
894 2085 1007 2128 uersus
1027 2063 1228 2128 Willelmum
1244 2063 1275 2127 le
1291 2063 1475 2128 Neweman

249 2135 307 2177 Μ
363 2168 404 2233 de
426 2167 545 2254 plncito
565 2168 750 2234 medietatis
772 2191 824 2234 xx.
838 2191 984 2234 serarum
1007 2177 1092 2234 terre
1113 2190 1188 2234 curn
1208 2167 1419 2254 pertinenciis
1438 2169 1475 2233 in

364 2273 496 2338 Gettele
524 2281 584 2337 etc
615 2280 650 2337 et
678 2295 792 2338 uersus
821 2273 986 2358 Rogerum
1015 2271 1045 2336 le
1075 2271 1253 2336 Neweman
1279 2271 1320 2336 de
1349 2271 1475 2358 plscitc

363 2375 549 2442 medietatis
563 2399 614 2441 κη
629 2398 775 2440 cerarum
790 2384 874 2440 terre
889 2397 964 2440 cum
979 2375 1188 2462 pertinenciis
1202 2376 1236 2440 in
1252 2375 1366 2440 ecdem
1381 2376 1474 2454 uille,

365 2503 445 2566 ques
469 2481 541 2567 ipse
565 2481 683 2546 clamet
713 2479 747 2544 in
773 2479 883 2544 dotem
909 2501 1022 2544 uersus
1051 2503 1105 2544 eos
1134 2488 1193 2546 etc.
1240 2481 1284 2546 Et
1312 2480 1376 2566 ipsi
1404 2503 1474 2545 non

365 2592 526 2650 uenerunt
548 2591 583 2647 et
604 2583 788 2647 habuerunt
808 2581 895 2647 diem
915 2604 974 2669 per
993 2583 1203 2648 essonietores
1224 2605 1306 2660 suos,
1320 2584 1370 2648 ite
1385 2584 1474 2670 quod

364 2686 533 2774 pecierunt
555 2685 663 2750 uisum
687 2685 727 2750 de
752 2686 845 2750 terris
868 2687 933 2750 illis
957 2695 991 2751 et
1011 2686 1108 2752 datus
1128 2685 1192 2751 fuit
1207 2687 1254 2752 eis
1275 2687 1345 2752 dies
1359 2695 1422 2752 etc
1438 2697 1474 2752 91

215 2785 445 2874 Ἥὲἷωηο
459 2812 493 2854 se
509 2789 752 2855 essonisuerunt
764 2799 823 2854 etc.
836 2799 870 2854 et
885 2790 1071 2855 habuerunt
1085 2791 1172 2856 diem
1187 2813 1246 2877 per
1259 2791 1474 2856 essonictores

258 2881 312 2966 im*
364 2917 437 2959 suos
452 2895 539 2960 edic
555 2903 613 2960 etc
630 2902 664 2959 et
679 2902 758 2958 tunc
772 2916 837 2958 non
857 2903 1026 2958 uenerunt.
1072 2894 1116 2958 Et
1137 2894 1211 2958 ideo
1232 2894 1472 2960 consideratum

203 2975 327 3059 immed
311 2975 414 3061 ⁸2i'est
438 2997 523 3083 quod
540 2997 699 3062 medietas
717 2997 864 3082 cupiatur
882 2997 917 3062 in
938 3019 1072 3062 menum
1094 2996 1217 3062 domini
1240 2998 1340 3084 Regis
1360 3007 1421 3064 etc
1439 3008 1474 3064 91

202 3069 423 3112 1111111,11111,

202 3113 319 3162 turonem!
319 3115 335 3151 t
363 3099 426 3185 1psi
440 3107 706 3164 summoneentur
721 3098 806 3184 quod
822 3098 888 3163 sint
903 3098 989 3164 edic
1006 3099 1037 3164 S
1054 3099 1223 3164 Trinitatis
1238 3109 1297 3166 etc.
1318 3101 1323 3186 Ι

203 3239 236 3279 ῃ
203 3173 324 3325 &a
429 3202 506 3266 Post
526 3209 687 3266 uenerunt
702 3201 886 3264 Willelmns
906 3209 940 3265 et
961 3201 1107 3287 Rogerus
1122 3210 1157 3266 91
1171 3201 1243 3288 ipse
1257 3201 1343 3288 petit
1357 3225 1474 3268 uersus

201 3343 228 3418 ffi
203 3291 346 3418 &sm
364 3329 418 3372 eos
432 3307 592 3393 predictus
607 3305 800 3371 medietates
815 3314 854 3370 ut
868 3305 979 3370 dotem
999 3327 1091 3370 suam
1113 3314 1172 3371 919.
1190 3315 1224 3370 91
1246 3306 1309 3392 ipsi
1330 3307 1474 3372 ueniunt

202 3429 346 3557 pumpngm
266 3429 317 3465 met
363 3417 398 3474 et
427 3409 540 3474 dicunt
566 3409 652 3495 quod
681 3417 797 3474 tenent
820 3410 1051 3474 terramillam
1074 3433 1148 3475 curn
1171 3411 1324 3475 uxoribus
1347 3412 1415 3476 suis
1438 3420 1474 3476 et

202 3565 241 3604 n
237 3483 311 3605 11111,
363 3521 482 3627 uocant
511 3534 565 3576 ens
593 3513 669 3577 inde
695 3513 737 3578 ad
766 3523 947 3578 warantum
977 3513 1119 3580 habeant
1142 3537 1196 3580 eas
1217 3515 1259 3579 ad
1288 3514 1473 3601 predictum

269 3855 296 3885 m
398 3841 406 3872 ¹
426 3841 497 3892 Oorr.
511 3845 639 3904 remansit,
649 3843 679 3892 A.
975 3847 1025 3896 ¹A
1047 3847 1116 3898 word
1138 3863 1168 3897 or
1189 3851 1239 3897 two
1261 3847 1345 3900 words
1364 3853 1413 3899 not
1429 3848 1474 3899 de·

398 3906 668 3970 ’Omitpreterec.A.
942 3911 967 3961 ci
968 3911 1077 3974 ph;ered
1101 3913 1145 3964 the
1168 3912 1279 3976 hesding
1299 3915 1329 3962 of
1349 3913 1394 3964 the
1416 3929 1474 3964 new

398 3971 590 4032 ’emurch
607 3973 684 4024 Bm
699 3973 767 4023 esd.
943 3981 1008 4026 term
1019 3977 1072 4027 end
1084 3978 1128 4028 the
1139 3978 1267 4040 marginal
1279 3983 1339 4028 note
1350 3979 1473 4030 interiere

398 4037 539 4099 ‘Perhaps
546 4053 593 4100 per
603 4040 731 4100 defaltum
764 4037 892 4090 Thelnnd
942 4042 1005 4092 wuh
1016 4043 1080 4092 esch
1091 4043 1173 4094 other
1203 4043 1266 4092 Tbrs
1278 4050 1339 4093 note
1350 4043 1415 4094 does
1423 4049 1473 4094 not

365 4102 389 4150 is
411 4101 494 4150 seincd
517 4102 599 4152 under
621 4103 665 4153 the
687 4103 754 4154 little
775 4109 823 4153 not
847 4105 891 4156 the
942 4122 1010 4156 seem
1032 4123 1092 4170 very
1108 4108 1273 4172 appropriate
1296 4113 1323 4158 to
1345 4109 1390 4159 the
1412 4125 1473 4159 cese

365 4171 437 4228 great
463 4181 527 4229 cepe
549 4167 659 4218 because
681 4167 726 4220 the
747 4169 876 4221 deiault'
867 4186 891 4221 ιε
942 4173 1108 4224 forwiuiam
1120 4173 1268 4236 sndRoger
1283 4189 1328 4224 cre
1344 4179 1392 4224 not
1408 4189 1472 4226 wu-

365 4233 432 4282 sster
442 4247 608 4296 appearance.
940 4241 1045 4289 tantors
1056 4239 1102 4290 but
1113 4239 1225 4302 original
1233 4237 1397 4292 defendente.
