3308 5226
427 433 661 495 memnonos,
684 434 748 485 su.
774 421 867 496 1224,
889 433 952 484 aa.
976 421 1069 486 8-9.
1235 417 1299 486 719

195 615 230 672 et
244 607 317 672 ideo
331 607 417 694 petit
431 608 563 674 terciam
579 617 705 696 partem
721 617 756 674 et
770 609 856 696 quod
871 609 919 676 ita
938 609 1002 676 fuit
1021 609 1136 676 dotata
1154 608 1303 696 producit

195 717 316 775 sectam
331 709 397 776 scil.
411 711 443 778 J.
459 710 537 776 Scot
551 719 586 776 et
601 711 690 778 teies

260 812 304 877 Et
319 812 481 878 Rcbertus
495 813 589 878 uenit
603 821 638 878 et
652 813 799 880 defendit
813 813 901 901 quod
914 834 979 880 non
994 811 1093 880 debet
1105 813 1181 880 inde
1193 814 1303 881 dotem

195 915 322 995 habere,
337 915 415 1004 quia
428 915 612 984 Willelmus
627 915 679 982 uir
693 939 771 984 suus
784 915 914 985 dotauit
935 941 1007 984 eam
1027 919 1068 986 de
1088 919 1190 984 tercia
1210 928 1303 1006 parte

194 1018 300 1084 tocius
323 1027 408 1084 terre
430 1042 528 1106 quam
552 1019 621 1106 ipsa
643 1019 753 1086 tenuit
775 1019 830 1086 die
854 1043 918 1108 quo
942 1043 1014 1086 eam
1037 1019 1246 1108 desponsauit
1268 1031 1303 1087 et

195 1145 260 1186 non
275 1121 316 1188 de
331 1123 404 1188 aliis
418 1123 512 1189 terris
527 1131 561 1188 et
581 1146 692 1190 omnes
711 1123 856 1210 predicte
877 1133 962 1192 terre
984 1133 1098 1212 postea
1119 1127 1151 1192 ei
1171 1126 1303 1192 deseen-
1354 1193 1358 1200 ,

194 1224 314 1290 derunt
335 1234 371 1291 et
391 1225 464 1290 ideo
485 1249 551 1292 non
572 1225 673 1292 debet
692 1225 769 1294 inde
792 1228 902 1293 dotem
924 1228 1052 1305 habere,
1075 1235 1110 1294 et
1131 1228 1218 1314 quod
1239 1229 1303 1294 alio

194 1330 290 1394 modo
309 1353 374 1396 non
394 1331 457 1396 suit
476 1331 591 1398 dotata
609 1329 703 1397 offert
723 1331 895 1398 defendere
916 1332 1000 1398 sicut
1020 1331 1110 1398 curia
1124 1332 1303 1398 considera-

194 1434 280 1500 uen't
294 1443 407 1500 centia
420 1457 493 1500 eam
507 1443 544 1500 et
557 1443 669 1500 contra
683 1445 805 1500 sectam
820 1457 921 1500 suam.

259 1538 304 1603 Et
326 1539 399 1604 Eua
420 1537 549 1625 quesita
569 1538 627 1604 ubi
649 1537 713 1604 fuit
733 1538 936 1624 desponsata,
950 1537 1030 1604 dicit
1045 1538 1080 1604 in
1095 1538 1216 1606 Scocia
1258 1539 1303 1606 Et

194 1641 356 1708 Robertus
378 1643 440 1708 hoe
460 1642 623 1730 cognoscit
644 1650 680 1708 et
700 1641 786 1728 petit
807 1641 870 1707 sibi
894 1641 1023 1708 alloeari
1048 1642 1136 1728 quod
1160 1643 1303 1710 Jacobus

193 1747 359 1832 predictus
372 1745 430 1832 qui
444 1769 478 1814 se
493 1747 571 1814 facit
585 1755 705 1813 testem
719 1755 770 1812 est
784 1755 969 1813 attornatus
984 1747 1144 1813 Johannis
1159 1755 1194 1812 et
1209 1747 1302 1814 Eue¹.

131 1904 140 1922 ,
258 1849 473 1916 Robertusde
484 1849 731 1938 Fulgsordshaff
742 1857 777 1915 et
788 1849 886 1915 multi
900 1849 957 1914 alii
970 1849 1160 1914 summoniti
1171 1850 1304 1914 suerunt
1362 1867 1422 1906 tort

193 1951 236 2018 ad
249 1951 510 2038 respondendum
524 1953 665 2018 Radulfo
680 1952 721 2018 de
737 1953 868 2019 Gattele
883 1975 947 2038 quo
967 1952 1038 2018 iure
1059 1951 1196 2039 exigunt
1216 1975 1302 2018 eom-

193 2079 327 2125 munam
341 2067 473 2146 pastura
488 2059 524 2124 in
543 2066 630 2124 terra
649 2057 793 2124 eiusdem
814 2057 946 2124 Radulfi
966 2057 1002 2122 in
1024 2056 1155 2123 Gottele
1175 2055 1303 2123 dssicut

192 2161 280 2228 idem
294 2161 454 2228 Radulfus
469 2169 529 2228 etc

258 2267 303 2332 Et
316 2266 479 2332 Robertus
493 2274 528 2332 et
542 2288 654 2332 omnes
667 2267 724 2332 alii
744 2287 804 2354 per
822 2273 1024 2332 attomatum
1044 2287 1140 2330 suum
1161 2263 1302 2329 ueniunt

193 2379 229 2437 et
251 2369 366 2436 dicunt
388 2370 475 2457 quod
498 2379 614 2436 tenent
634 2378 823 2436 tenementa
841 2369 954 2436 suain
974 2369 1125 2434 Elmham
1144 2369 1186 2434 de
1205 2370 1299 2435 Dom.

194 2473 393 2540 Norwieansi
422 2474 579 2562 Episcopo
609 2483 644 2540 et
671 2483 805 2561 pastura
834 2474 892 2540 illa
927 2475 1071 2561 pertinet
1107 2473 1150 2540 ad
1186 2473 1300 2540 eadem

194 2584 382 2643 tenemento
396 2583 430 2641 et
444 2576 518 2641 ideo
532 2585 651 2642 uocant
665 2576 707 2642 ad
721 2583 901 2642 warantum
917 2575 1057 2641 eundem
1073 2575 1277 2662 Episcopum.

258 2679 302 2745 Et
331 2679 410 2767 quia
437 2679 631 2766 Episcopus¹
658 2680 727 2746 itur
754 2681 790 2746 in
813 2680 987 2746 seruitium
1014 2680 1107 2746 Dona
1134 2679 1235 2768 Regis
1258 2678 1301 2744 ad

192 2785 315 2850 curiam
344 2785 524 2850 Romanam
554 2792 589 2850 et
618 2793 767 2871 preterea
794 2783 1036 2872 crucesignatus
1065 2790 1125 2862 est,
1153 2793 1301 2848 remanet

192 2889 321 2975 loquela
333 2889 403 2955 sine
417 2889 471 2956 die
486 2911 588 2976 usque
603 2889 785 2956 aduentum
799 2889 893 2954 Dom.
910 2888 1061 2976 Episcopi
1076 2889 1130 2954 uel
1145 2887 1187 2954 ad
1201 2887 1299 2954 aliam

192 2993 486 3059 summonicionem

136 3153 143 3168 ,
257 3093 373 3182 ⁸Hugo
388 3095 428 3161 de
444 3095 692 3184 Goudingeham
707 3095 829 3182 optulit
844 3117 879 3160 se
893 3093 950 3181 iiij.
967 3094 1020 3160 die
1038 3115 1151 3159 uersus
1166 3093 1299 3158 Petrum

192 3197 234 3264 ds
260 3198 443 3286 Cantelupo
468 3199 509 3266 de
532 3201 653 3287 placito
677 3201 763 3288 quod
786 3199 979 3286 respondeat
1005 3199 1036 3264 ei
1059 3197 1100 3264 de
1130 3198 1236 3285 plagis
1265 3205 1300 3262 et

191 3325 270 3390 pace
286 3303 380 3370 Dom.
395 3305 496 3392 Regis
510 3305 649 3372 infracta
663 3306 749 3371 unde
765 3327 841 3370 eum
855 3304 1008 3391 appellat.
1045 3303 1090 3368 Et
1104 3303 1221 3369 Petrus
1235 3323 1300 3368 non

191 3409 284 3475 uenit
299 3416 358 3474 stc.
405 3409 449 3473 Et
463 3417 653 3496 preceptum
668 3418 718 3475 est
733 3408 917 3474 uioecomiti
931 3407 1017 3493 quod
1032 3407 1168 3473 haberet
1185 3429 1300 3492 cerpus

190 3513 260 3580 eius
274 3521 309 3578 et
324 3513 502 3578 uicecomes
516 3513 686 3579 mandauit
701 3513 787 3600 quod
801 3512 903 3578 seruit
918 3513 1015 3577 Petro
1034 3511 1102 3576 filio
1122 3511 1299 3577 Hereberti

191 3625 225 3680 et
244 3615 317 3681 ideo
335 3625 525 3704 preceptum
547 3626 598 3684 est
619 3617 803 3684 uicecomiti
825 3617 911 3704 quod
933 3639 992 3703 per
1012 3625 1136 3681 sectam
1152 3614 1298 3680 eiusdem

191 3719 341 3806 Hugonis
354 3721 463 3806 ipsum
477 3721 611 3787 Petrum
627 3721 818 3808 interrogari
834 3721 931 3786 faciat
951 3728 985 3786 et
1006 3719 1186 3785 secundum
1206 3719 1298 3805 regni

190 3823 455 3889 consuetudinem
471 3825 620 3912 utlagari,
635 3833 670 3890 et
684 3825 712 3890 si
726 3825 813 3890 idem
834 3825 951 3890 Petrus
970 3824 1085 3889 ueniat
1105 3823 1147 3888 ad
1167 3824 1300 3888 comita·

190 3935 261 3990 tum
277 3925 384 4012 ipsum
396 3925 503 4012 capiat
514 3935 548 3991 et
559 3949 665 3992 coram
677 3927 862 3994 iusticiariis
873 3927 961 4014 apud
972 3927 1297 3992 westmonasterium

190 4029 309 4095 habeat
323 4030 365 4095 ad
379 4029 638 4117 respondendum
652 4031 728 4096 inde
743 4031 888 4117 predicto
903 4031 1045 4119 Hugoni.
1065 4030 1071 4118 Ι

222 4227 231 4260 ¹
248 4228 304 4279 One
319 4227 434 4278 member
450 4227 479 4277 ot
494 4226 539 4278 the
555 4223 717 4279 detendant’s
800 4225 811 4258 ²
828 4225 858 4275 Δ.
870 4241 905 4275 m.
917 4227 959 4276 tt.
992 4225 1028 4276 As
1040 4229 1067 4276 to
1079 4225 1132 4277 this
1148 4227 1240 4290 sppsal
1255 4243 1297 4278 sea

189 4293 518 4422 “tilduissiff‘my'
768 4290 1297 4418 ttmtmtf’t:p¹.³a.‘·¹⁴2b2²¹²⁶
