3308 5226
392 457 626 520 ιιιοιιιιιιιιιε,
647 457 713 510 nn.
737 443 830 518 12³2,
852 456 915 508 nn.
940 439 1076 510 16-17.
1218 437 1281 508 677

243 629 412 696 Juratores
446 629 560 696 dicunt
595 629 680 716 quod
714 629 879 716 predictus
909 627 1066 695 Ricardus
1095 627 1177 694 obiit
1205 627 1282 694 inde

178 731 309 798 seisitus
337 741 377 798 ut
406 733 446 798 de
473 733 565 798 feodo
591 741 626 798 et
650 734 736 819 quod
759 733 924 820 predictus
949 733 1131 798 Rendulfus
1158 731 1280 796 nullam

177 835 329 901 seisinam
344 837 461 902 habuit
472 859 532 902 nec
547 837 678 923 expleta
692 837 779 924 cepit
793 859 853 902 nec
868 837 1018 924 homagia
1031 859 1092 902 neo
1106 835 1282 900 fidelitates

177 947 212 1006 et
226 940 313 1026 quod
327 941 389 1006 iste
405 941 565 1007 Radulfus
580 950 630 1007 est
645 941 854 1029 propinquior
868 942 969 1020 heres,
984 949 1018 1007 et
1033 940 1106 1006 ideo
1127 938 1282 1006 Conside-

176 1051 285 1108 ratum
300 1043 448 1130 estquod
463 1043 623 1109 Radulfus
637 1052 806 1130 recuperet
821 1044 973 1109 seisinem
987 1066 1079 1109 suam
1091 1051 1125 1108 et
1136 1042 1282 1107 Randul-

178 1147 230 1211 fus
244 1146 279 1211 in
294 1147 519 1214 misericordia

119 1305 126 1322 .
187 1287 189 1292 ·
244 1249 445 1317 ¹Willelmus
473 1252 515 1318 de
540 1253 715 1318 Fraxineto
738 1261 773 1318 et
796 1253 853 1319 olii
882 1253 940 1339 iiij.
965 1251 1102 1317 milites’
1126 1250 1282 1340 assignati

178 1353 348 1418 iusticiarii
369 1377 429 1440 per
449 1365 639 1442 preceptum
662 1355 756 1422 Dom.
777 1356 877 1442 Regis
899 1355 941 1420 ed
963 1355 1094 1420 assisam
1113 1376 1198 1419 noue
1218 1353 1282 1418 dis-

178 1457 294 1523 seieine
316 1459 506 1545 capiendam
530 1481 628 1546 quam
650 1461 790 1526 Thomas
810 1461 850 1526 de
872 1458 1080 1546 Maulhuges⁸
1094 1457 1283 1524 arramiauit

179 1583 292 1626 uersus
315 1562 485 1627 Matheum
507 1561 548 1628 de
571 1562 766 1650 Meulhuges
788 1571 822 1628 et
845 1563 978 1628 Petrum
1001 1563 1132 1626 fratrem
1155 1562 1225 1627 eius
1249 1569 1284 1626 et

180 1665 336 1752 quosdam
351 1665 430 1732 alios
445 1666 628 1731 nominatos
642 1666 676 1730 in
688 1667 781 1731 breui
791 1667 832 1732 de
844 1674 1032 1731 tenemento
1043 1666 1078 1731 in
1089 1666 1284 1752 Maulhuges

180 1767 370 1834 summoniti
392 1791 497 1834 coram
518 1769 703 1834 iusticiariis
725 1770 767 1836 ad
796 1769 978 1835 faciendum
1002 1769 1171 1834 'recordum
1196 1769 1284 1834 illius

179 1873 277 1938 assiae
299 1874 440 1959 qualiter
459 1896 565 1939 coram
585 1873 632 1938 eis
652 1882 748 1960 capta
769 1874 833 1938 fuit
856 1873 996 1938 ueniunt
1019 1881 1053 1938 et
1075 1871 1285 1938 recordantur

180 1975 267 2061 quod
282 1977 383 2042 assisa
397 1985 493 2063 capta
507 1978 571 2043 fuit
591 1999 697 2043 corum
718 1977 765 2043 eis
786 1985 821 2043 et
843 1977 930 2065 quod
952 1977 1109 2042 iuratores
1131 1976 1283 2041 dixerunt

180 2081 266 2166 quod
281 2081 447 2168 predictus
462 2082 614 2147 Matheus
628 2081 721 2147 dedit
734 2105 793 2169 per
807 2092 930 2148 cartam
949 2103 1041 2146 suem
1056 2087 1282 2146 tenementum

179 2185 261 2250 illud
286 2186 370 2252 unde
393 2187 482 2251 uisus
504 2187 609 2250 fectus
628 2173 678 2250 est
697 2185 843 2272 predicto
862 2185 984 2250 Thome
1000 2185 1066 2249 filio
1081 2207 1139 2249 suo
1154 2192 1204 2248 set
1219 2183 1282 2270 ipsi

180 2295 405 2352 tenementum
439 2286 522 2351 illud
556 2308 683 2373 semper
714 2287 811 2352 simul
840 2285 1051 2353 excoluerunt
1080 2286 1163 2351 sicut
1192 2286 1283 2372 prius

180 2393 323 2456 fecerant
337 2400 372 2455 et
386 2391 483 2455 blada
496 2389 593 2454 simul
608 2389 882 2476 expendiderunt⁴
901 2398 935 2455 et
956 2397 1180 2456 tenementum
1200 2391 1283 2456 illud

180 2515 347 2579 nunquam
362 2500 546 2579 separatum
561 2491 625 2556 fuit
640 2514 660 2556 a
674 2499 862 2557 tenemento
879 2493 981 2580 ipsius
1001 2493 1127 2558 Mathei
1146 2501 1181 2558 et
1195 2493 1282 2560 idem

181 2597 333 2662 Matheus
347 2617 513 2682 nunquam
528 2617 562 2661 se
577 2595 702 2660 dimisit
712 2617 733 2660 a
743 2602 930 2662 tenemento
945 2597 1000 2661 illo
1015 2603 1050 2662 et
1064 2604 1138 2680 post
1151 2597 1282 2683 aliquod

180 2709 311 2787 tempus
325 2709 457 2787 propter
470 2699 632 2786 quendam
647 2699 897 2766 conuencionem
915 2701 1060 2766 habitam
1074 2701 1162 2767 inter
1175 2701 1282 2787 ipsum

180 2803 337 2868 Thomam
360 2811 394 2867 et
416 2803 597 2890 predictum
620 2801 790 2867 Mctheum
812 2811 940 2889 patrem
963 2827 1058 2869 suum
1080 2804 1173 2870 uenit
1194 2804 1281 2870 idem

181 2905 335 2972 Matheus
355 2914 390 2971 et
409 2906 502 2971 dedit
524 2915 748 2973 tenementum
763 2906 845 2972 illud
859 2906 988 2972 cuidam
1003 2907 1106 2974 alteri.
1150 2907 1194 2972 Et
1208 2905 1281 2973 ideo
1403 2905 1406 2914 ’

180 3009 305 3075 dictum
331 3019 381 3077 est
403 3011 589 3076 iusticiariis
611 3011 697 3098 quod
719 3033 828 3076 secure
854 3009 1029 3096 procedant
1054 3010 1096 3076 ad
1124 3009 1281 3076 iudicium

179 3111 361 3180 iudicantes
382 3115 506 3180 nullam
528 3115 575 3179 ibi
599 3137 667 3180 esse
690 3114 891 3180 dissaisinam
911 3121 946 3178 et
968 3113 1055 3200 quod
1075 3115 1227 3181 Matheus
1246 3123 1282 3180 et

179 3217 236 3282 elii
251 3217 327 3284 inde
342 3218 447 3304 quieti
462 3225 496 3283 et
511 3219 651 3284 Thomas
665 3219 699 3284 in
714 3216 956 3285 misericordia⁶.

121 3361 128 3375 ·
243 3321 399 3386 ‘Thomas
421 3322 461 3387 de
487 3321 583 3386 Dens
607 3322 692 3408 petit
718 3345 831 3388 uersus
857 3322 1006 3388 Sibillam
1031 3321 1073 3387 de
1096 3321 1280 3388 Ikelesham

179 3447 229 3490 ιιι
245 3447 306 3490 cor.
322 3433 407 3490 terre
422 3447 497 3490 cum
516 3434 598 3513 pert.
612 3425 648 3490 in
667 3427 851 3492 Ikelesham
870 3435 910 3491 ut
931 3425 983 3490 ius
1004 3447 1100 3490 suum
1122 3433 1182 3492 etc.
1196 3435 1231 3492 et
1245 3427 1281 3492 in

178 3550 258 3614 quas
277 3551 343 3593 non
362 3528 462 3594 habet
480 3529 660 3616 ingressum
674 3529 737 3594 nisi
751 3551 810 3616 per
824 3527 1019 3594 Nicholaum
1036 3529 1210 3616 Harengod
1224 3529 1281 3616 qui

177 3631 298 3696 iniuste
324 3638 385 3696 etc.
408 3631 585 3696 disseisiuit
611 3631 793 3718 predictum
817 3631 974 3696 Thomam
1000 3630 1049 3695 its
1071 3631 1157 3717 quod
1182 3632 1283 3698 assisa

177 3733 376 3820 summouite
390 3734 453 3799 fuit
468 3743 502 3800 et
517 3734 607 3800 uisus
621 3743 706 3800 terre
721 3735 826 3800 factus
840 3744 875 3800 et
889 3734 1044 3800 remansit
1059 3744 1118 3802 etc.

244 3837 288 3900 Et
309 3836 425 3902 Sibilla
445 3837 539 3901 uenit
562 3846 597 3902 et
619 3837 700 3902 dicit
722 3837 808 3923 quod
830 3859 895 3902 non
919 3837 1017 3903 debet
1039 3837 1070 3903 ei
1091 3837 1281 3924 respondere

178 3939 256 4026 quia
269 3961 383 4004 reuera
397 3961 503 4003 coram
522 3939 708 4004 iusticiariis
727 3940 958 4006 itinerantibus
977 3939 1013 4004 in
1033 3963 1113 4005 com.
1131 3941 1282 4007 Sussexie

178 4041 257 4107 tulit
271 4041 340 4128 ipse
356 4041 496 4105 Thomas
510 4040 609 4105 breue
624 4040 665 4105 de
677 4064 763 4106 noua
777 4041 945 4107 disseisina
958 4063 1071 4106 uersus
1086 4041 1118 4106 N
1121 4041 1282 4109 icholaum

179 4146 287 4211 uirum
308 4167 404 4210 suurn
426 4153 461 4209 et
482 4167 595 4210 uersus
617 4167 689 4210 eam
712 4155 746 4211 et
767 4146 850 4212 illud
870 4146 975 4211 noluit
996 4145 1145 4232 prosequi
1159 4155 1194 4212 et
1209 4147 1283 4212 ideo

211 4281 222 4378 ι
237 4281 317 4408 inii>
326 4282 480 4397 i'iriensasct’
493 4348 576 4398 Ttom'
585 4348 616 4398 de
629 4349 704 4398 ocet’
786 4281 798 4380 ι
813 4282 934 4404 {iieidu
947 4347 964 4396 f.
977 4347 1017 4406 50,
1030 4345 1093 4397 cites
1106 4345 1160 4398 this
1170 4363 1238 4399 cece.

179 4419 203 4463 et
211 4413 461 4539 μῖιραοηιιιῦᾧῗιεέἀᾎ
474 4412 505 4464 Β.
788 4411 845 4461 ⁶13.
857 4427 892 4462 ιιι.
906 4412 968 4462 10d.
