3276 5234
356 468 679 530 mensunusum.
703 453 796 531 1229,
818 467 882 518 aa
908 455 1045 520 13-14.
1187 455 1249 520 295

154 664 210 706 aer.
233 651 317 708 terre
336 651 369 708 et
391 643 490 709 unius
511 642 670 730 mesuagii
691 665 766 708 oum
787 642 995 729 pertinenciis
1016 641 1051 708 in
1072 641 1189 710 Erdele
1211 649 1250 706 ut
1266 655 1392 752 ffihffi

154 745 257 812 dotem
272 769 361 810 suam
376 755 437 812 eta
1264 749 1416 836 ffltfl'u„'ffi'1’,¹gfl

153 919 159 927 ,
213 850 258 914 Et
281 849 436 936 Magister
457 849 643 914 Willelmus
664 871 723 936 per
747 857 950 914 attornatum
972 872 1067 916 suum
1096 849 1189 914 uenit
1218 842 1414 930 etffi‘ffiffit

153 951 228 1016 dicit
255 953 340 1038 quod
368 976 435 1018 non
463 953 563 1018 debet
587 954 663 1020 inde
693 953 804 1018 dotem
833 953 952 1018 habere
982 953 1060 1040 quia
1088 936 1400 1040 prediatusihiii'miff‘

153 1053 305 1119 Redulfus
319 1055 463 1120 uirsuua
477 1055 584 1122 adhue
598 1056 684 1122 uiuit
699 1064 733 1121 et
748 1064 859 1120 menet
873 1055 961 1141 apud
976 1056 1150 1127 Perusiam
1264 1032 1415 1164 igniis-ii*

213 1156 256 1222 Et
280 1157 441 1222 Katerina
461 1157 541 1225 dicit
563 1159 650 1245 quod
671 1159 723 1224 uir
744 1181 822 1224 suus
844 1168 991 1224 mortuus
1013 1169 1069 1225 est.
1116 1161 1160 1226 Et
1179 1160 1252 1226 ideo
1264 1124 1346 1211 iambi-⁰

152 1259 302 1345 producat
336 1270 460 1326 sectam
496 1285 588 1327 suam
618 1287 638 1328 a
666 1263 720 1328 die
757 1272 817 1328 ete
847 1263 934 1349 quod
963 1271 1110 1331 mortuus
1138 1273 1188 1332 est
1217 1273 1253 1330 et

153 1364 302 1451 Magister
316 1365 502 1432 Willelmus
520 1375 603 1432 'tunc
624 1367 781 1454 producat
803 1375 925 1431 sectam
947 1389 1040 1432 suam
1062 1368 1148 1453 quod
1169 1369 1254 1435 uiuit

153 1469 224 1554 quie
237 1471 362 1536 nullam
377 1471 540 1556 produxit.

62 1569 114 1634 357.
211 1573 395 1639 Willelmus
424 1575 464 1640 de
500 1575 680 1662 Ingoldeby
709 1576 925 1642 summonitus
954 1577 1018 1642 fuit
1051 1576 1094 1642 ad
1123 1600 1252 1664 respon·
1310 1589 1366 1632 ΗΜ

154 1674 288 1742 dendum
319 1677 464 1742 Gerardo
499 1678 541 1744 de
578 1679 729 1744 Huwella
754 1701 857 1766 quare
889 1703 953 1749 non
983 1680 1146 1767 permittit
1176 1703 1251 1746 eum

152 1789 330 1863 presentare
359 1791 420 1847 ete.
447 1782 489 1848 ad
514 1782 680 1848 eeclesiam
704 1783 745 1848 de
772 1783 981 1870 Tunethorpe
1005 1807 1069 1870 que
1095 1793 1191 1850 uenat
1217 1793 1252 1850 et

152 1883 189 1949 ad
207 1907 300 1950 suam
322 1895 451 1973 spectat
473 1887 681 1952 donacionem
703 1895 763 1954 ete.
778 1889 865 1954 uude
887 1888 975 1954 idem
991 1889 1152 1954 Gerardus
1172 1887 1252 1952 dicit

152 1989 230 2072 quod
265 1989 401 2076 quidem
435 1991 575 2056 Thomas
603 1991 806 2078 Columbeyn
842 1993 1024 2058 auunculus
1052 1993 1165 2058 matris
1194 2016 1251 2060 sue

152 2093 347 2178 presentauit
377 2095 539 2182 quendam
563 2095 721 2162 Thomam
747 2097 899 2162 clericum
925 2097 967 2164 ed
992 2097 1128 2162 eandem
1152 2099 1251 2162 eecle-

152 2196 223 2262 siam
237 2198 297 2284 qui
311 2198 354 2263 ad
369 2201 643 2284 presentaeionem
658 2223 750 2266 suam
765 2201 924 2266 admissus
938 2201 1003 2266 fuit
1022 2209 1057 2268 et
1074 2201 1150 2268 inde
1170 2201 1252 2268 obiit

152 2322 279 2384 persona
299 2313 335 2370 et
354 2304 395 2369 de
411 2304 536 2370 Thomu
550 2304 627 2391 quia
647 2305 729 2370 obiit
750 2304 819 2370 sine
842 2305 959 2370 herede
974 2305 1015 2370 de
1037 2327 1071 2370 se
1086 2305 1252 2370 descendit

152 2405 196 2468 ius
211 2406 300 2471 illius
320 2407 544 2474 aduocaoionis
565 2408 726 2474 Generose
750 2408 848 2474 matri
870 2408 972 2495 ipsius
995 2409 1131 2475 Gerardi
1152 2417 1187 2475 et
1210 2409 1251 2476 de

152 2507 208 2573 ista
220 2509 284 2596 ipsi
300 2511 445 2576 Gerardo
459 2521 497 2576 ut
513 2511 580 2576 filio
595 2520 629 2576 et
644 2510 764 2576 heredi.

209 2614 252 2677 Et
274 2614 461 2680 Wiilelmus
483 2637 542 2700 per
564 2622 765 2678 attornatum
791 2634 886 2678 suum
913 2613 993 2679 dieit
1019 2615 1105 2700 quod
1128 2616 1252 2701 capelle

151 2715 200 2782 illa
218 2741 286 2783 non
317 2727 369 2784 est
396 2741 516 2783 uacans
545 2717 645 2782 immo
675 2725 725 2782 est
754 2716 830 2782 inde
859 2739 995 2804 persona
1022 2741 1081 2804 per
1108 2741 1249 2785 annuam

152 2925 297 2992 Deeanus
319 2927 537 3016 Rothomagi'
551 2926 608 3012 qui
627 2925 691 2991 fuit
714 2926 915 3013 predeoessor
936 2949 1013 2992 suus
1033 2927 1124 2992 dedit
1146 2929 1250 3013 capel-

152 3029 208 3096 lam
227 3032 322 3096 illam
344 3031 473 3096 cuidam
491 3029 563 3096 Ade
578 3031 644 3095 filio
664 3031 837 3116 Reginaldi
858 3053 916 3117 per
937 3040 1058 3096 cartem
1081 3053 1251 3117 suamque

152 3143 286 3199 testatur
300 3136 386 3221 quod
402 3135 471 3220 ipse
486 3135 577 3199 dedit
595 3135 626 3199 ei
644 3135 801 3220 capellam
823 3144 884 3200 etc.
901 3136 961 3200 sub
981 3136 1077 3200 solita
1098 3135 1251 3221 pensione

151 3237 199 3324 iiij.
214 3239 272 3304 sol.
287 3239 422 3304 ecclesie
437 3239 478 3304 de
494 3239 636 3304 Graham
656 3239 818 3305 soluenda.
863 3240 988 3304 Profert
1008 3239 1109 3306 seiam
1129 3248 1250 3305 certam

152 3343 179 3408 8
193 3343 367 3431 Hugonis'
380 3343 467 3430 quod
476 3343 546 3429 ipse
561 3343 603 3408 ad
613 3343 890 3429 presentacionem
901 3343 981 3408 dieti
992 3343 1115 3408 Deoani
1129 3344 1252 3430 reeepit
1379 3399 1380 3404 ,

149 3444 598 3531 dictumAdamedeepellam
607 3445 647 3510 de
654 3445 862 3532 Tunethorpe
869 3467 931 3531 que
942 3453 991 3510 est
1000 3445 1106 3530 porcio
1116 3445 1250 3531 preben-

149 3548 183 3614 de
195 3551 340 3616 Graham
349 3573 447 3636 quam
459 3549 566 3615 dietus
576 3549 727 3620 Deeanus
736 3549 852 3614 habuit
863 3557 897 3614 et
908 3549 1015 3634 ipsum
1027 3550 1062 3614 in
1072 3549 1250 3635 predictam

149 3655 301 3740 capellam
316 3662 513 3740 perpetuum
528 3653 686 3718 uicarium
700 3653 847 3720 instituit
861 3652 1023 3718 reddendo
1034 3654 1110 3720 inde
1121 3654 1250 3720 nomine
1375 3645 1379 3654 ¹

149 3757 308 3840 pensionis
322 3757 379 3842 iiij.
395 3757 448 3822 soh
464 3779 524 3842 per
537 3779 667 3824 annum.
712 3757 837 3822 Profert
855 3757 956 3822 eciem
977 3765 1098 3822 cartam
1115 3757 1251 3822 Walteri

148 3859 184 3924 de
202 3859 426 3926 constanciis‘
446 3882 509 3946 que
528 3867 670 3926 testatur
683 3859 770 3946 quod
790 3861 890 3946 Hugo
911 3859 1130 3926 Cancellan'us
1149 3859 1250 3947 Regis

147 3963 279 4029 Francis
303 3964 361 4050 qui
386 3965 549 4050 quondam
575 3965 639 4030 fuit
664 3963 835 4030 canonieus
860 3964 947 4029 illius
973 3963 1134 4050 prebende
1159 3965 1251 4030 dedit

146 4068 289 4153 predicto
310 4067 384 4133 Ade
407 4069 562 4155 capellam
583 4069 672 4134 illam
695 4068 756 4134 sub
776 4068 865 4133 dicta
883 4090 993 4132 annue
1013 4068 1166 4154 pensione
1189 4069 1249 4134 sol-

176 4295 250 4345 ¹3ae
269 4295 314 4347 Bt.
337 4295 357 4345 1.
376 4296 425 4345 301
447 4295 473 4346 b.
494 4296 551 4346 302.
586 4297 673 4347 Some·
724 4293 1247 4360 allowedtobringsuittotheoontrary.

147 4359 221 4410 times
245 4359 290 4410 the
317 4361 446 4411 would-be
473 4361 585 4412 widow's
619 4361 673 4414 suit
756 4361 882 4410 ‘Rouen
895 4361 1007 4412 Mouast.
1022 4361 1072 4411 rol.
1085 4361 1108 4418 6,
1120 4375 1145 4424 p.
1159 4363 1231 4412 1118.

147 4424 234 4490 (saeta)
254 4425 277 4475 is
293 4427 371 4489 proof
386 4425 489 4488 enough
506 4427 536 4476 of
550 4426 597 4476 her
612 4426 672 4478 hus·
756 4427 766 4460 ⁸
782 4425 1175 4490 Bpotuineoln,1lsu-1aoo,

147 4490 236 4540 band’s
259 4491 356 4550 death;
385 4491 447 4542 here
471 4491 514 4542 the
537 4495 627 4543 tenant
649 4492 672 4542 is
756 4491 766 4524 ⁴
782 4491 822 4554 Bp
835 4491 863 4541 of
872 4491 992 4548 hincoln.
1006 4493 1177 4542 uss-1184.
