3308 5226
364 399 427 464 678
571 409 806 472 nrcsnncrms,
829 409 892 462 an.
918 399 1011 472 1232,
1033 410 1096 460 aa.
1121 395 1257 464 16-17.

364 577 518 644 remansit
540 578 575 644 in
595 575 811 642 misericordia
831 583 865 642 et
884 575 985 662 plegii
1005 575 1056 642 sui
1075 583 1109 639 et
1124 573 1200 640 inde
1215 573 1308 660 ponit
1322 595 1356 639 se
1372 593 1470 659 super

364 681 492 745 rotulos.

428 785 473 848 Et
488 783 627 850 Thomas
645 784 726 850 dicit
745 792 780 849 et
799 783 962 871 cognoscit
984 782 1071 869 quod
1092 805 1155 848 non
1179 782 1243 846 fuit
1264 803 1396 866 presens
1417 789 1470 846 set

363 887 518 954 remansit
532 889 631 954 assisa
645 888 802 975 capienda
815 897 946 974 propter
960 897 1098 952 mortem
1113 887 1215 973 ipsius
1226 885 1385 953 Nicholai
1422 886 1469 950 Et

362 991 440 1078 quia
462 1015 526 1057 non
548 993 612 1059 fuit
634 1015 765 1080 presens
791 993 875 1058 sicut
901 992 1064 1079 cognoscit
1092 991 1165 1058 ideo
1191 991 1262 1056 ueri
1284 990 1390 1056 simile
1416 999 1469 1056 est

362 1097 449 1182 quod
463 1097 617 1162 remansit
631 1097 731 1162 asena
745 1096 902 1183 capienda
917 1097 994 1182 qnia
1014 1096 1084 1182 ipse
1103 1117 1169 1160 non
1186 1095 1250 1160 fuit
1270 1103 1469 1180 prosecutus,

362 1209 397 1266 et
426 1201 498 1267 ideo
528 1201 775 1268 Consideratum
805 1210 856 1266 est
884 1200 971 1287 quod
1001 1201 1117 1268 Sibilla
1145 1199 1221 1266 inde
1250 1199 1320 1265 sine
1349 1199 1402 1264 die
1433 1208 1468 1264 et

362 1303 501 1368 Thomas
515 1304 549 1368 in
565 1305 787 1370 misericordia

305 1467 312 1480 ,
427 1406 578 1472 ¹Mabilia
608 1429 672 1494 que
702 1407 766 1473 fuit
794 1429 875 1472 uxor
904 1406 1042 1473 Gallridi
1071 1405 1211 1472 Bostar*
1239 1406 1325 1492 petit
1354 1427 1469 1470 uersus

291 1545 297 1557 ·
362 1511 536 1576 Ricardum
564 1511 677 1577 Duket
706 1511 885 1576 custodiam
911 1519 996 1576 terre
1022 1532 1086 1597 que
1112 1511 1176 1574 fuit
1200 1509 1303 1596 ipsius
1329 1508 1469 1574 Galfridi

362 1635 424 1698 que
451 1613 590 1678 adeam
616 1613 760 1698 pertinet
783 1613 908 1678 racione
933 1613 1132 1678 uendioionis
1158 1612 1281 1676 Thome
1308 1611 1467 1677 Carboncl

361 1715 527 1780 senescalli
549 1715 650 1802 ipsius
671 1715 801 1780 Ricardi
818 1714 859 1780 de
880 1715 885 1802 Ι
903 1737 967 1802 quo
987 1715 1152 1802 predictus
1167 1714 1331 1780 Galiridns
1346 1723 1467 1779 terram

362 1820 451 1886 illam
473 1820 581 1885 tenuit
603 1842 662 1906 per
682 1819 854 1884 seruicium
877 1819 1018 1884 militare
1035 1817 1142 1904 quod⁸
1157 1818 1188 1884 ei
1203 1818 1279 1884 inde
1295 1817 1372 1883 fecit
1385 1817 1467 1882 dum

362 1923 526 2008 predictus
541 1921 698 1988 Ricardus
713 1923 776 1986 luit
791 1921 826 1986 in
842 1921 1018 2008 Hybemia

428 2025 470 2089 Et
486 2025 642 2090 Ricardus
657 2025 749 2090 uenit
767 2033 802 2090 et
822 2025 985 2110 cognoscit
1006 2023 1093 2110 quod
1115 2023 1279 2110 predictus
1302 2023 1468 2088 Galfridus

361 2129 470 2194 tonuit
484 2129 525 2194 de
540 2152 578 2194 eo
593 2151 651 2215 per
664 2129 838 2194 seruicium
853 2128 994 2192 militare
1009 2137 1044 2192 et
1058 2127 1145 2213 quod
1162 2127 1309 2192 custodia
1323 2128 1467 2212 pertinet

360 2231 402 2296 ad
420 2230 536 2316 ipsum,
554 2240 589 2296 et
609 2232 694 2318 pctit
716 2231 873 2296 iudicium
897 2231 925 2296 si
945 2240 1049 2296 ratam
1074 2231 1194 2296 habere
1215 2230 1334 2296 debeat
1351 2231 1466 2296 uendi·

361 2334 485 2398 cionem
506 2355 605 2420 quam
626 2335 820 2400 senescallus
841 2355 920 2398 suus
941 2333 1019 2398 fecit
1042 2333 1111 2399 sinc
1137 2357 1183 2398 eo.
1230 2333 1273 2398 Et
1294 2333 1372 2419 quia
1395 2333 1467 2420 ipsa

362 2438 460 2502 nichil
475 2439 619 2504 ostendit
633 2439 720 2525 quod
734 2439 803 2526 ipso
819 2437 976 2502 Ricardus
991 2438 1022 2504 ei
1036 2437 1159 2524 aliquid
1173 2437 1250 2502 inde
1264 2438 1465 2515 concesserit,

362 2543 608 2610 Consideratum
635 2551 685 2608 est
711 2543 797 2630 quod
821 2542 980 2608 Ricardus
1002 2542 1078 2607 inde
1101 2541 1171 2608 sine
1194 2541 1248 2606 dic
1271 2550 1306 2607 et
1330 2543 1467 2608 Mabilia

361 2669 490 2734 pauper.
536 2649 579 2713 Et
601 2647 759 2714 Ricardus
778 2647 926 2712 concedit
948 2647 979 2712 ei
1001 2647 1135 2712 terciam
1157 2656 1283 2734 partem
1306 2657 1464 2713 terrarum

361 2761 396 2818 ct
410 2759 670 2816 tenementorum
686 2775 748 2838 que
765 2753 897 2816 luerunt
911 2751 1050 2836 predicti
1066 2751 1202 2816 Galhidi
1216 2751 1280 2816 uiri
1294 2753 1346 2816 sui
1359 2761 1419 2818 etc

262 2851 310 2914 ”.
426 2854 599 2942 ‘Magister
622 2853 817 2920 Vinccncius
846 2853 887 2918 dc
917 2853 1074 2918 Beckeles
1101 2853 1308 2918 athachiatus
1333 2854 1465 2920 suited

265 2961 302 2992 ⁰·
361 2960 618 3046 respondendum
641 2961 746 3026 Alicie
771 2983 836 3046 que
859 2959 924 3025 luit
946 2981 1027 3024 uxor
1048 2959 1179 3024 Radulfi
1200 2959 1242 3025 dc
1264 2961 1466 3026 Trubleuilla

361 3083 459 3148 quare
481 3071 612 3128 secutus
631 3071 682 3128 est
702 3062 858 3148 placitum
879 3063 914 3126 in
932 3061 1021 3128 curia
1035 3061 1258 3126 cristianitatis
1272 3062 1313 3127 de
1327 3062 1464 3128 adqu

360 3167 451 3230 cione
473 3168 594 3253 capelle
616 3169 646 3234 S.
670 3168 782 3255 Egidii
804 3167 845 3232 de
869 3168 1070 3254 Tappecroft'
1092 3177 1205 3232 contra
1227 3175 1296 3244 etc,
1320 3175 1354 3232 et
1377 3167 1464 3233 unde

238 3323 241 3330 r
360 3269 465 3333 Alicia
490 3269 637 3354 queritur
661 3270 748 3356 quod
775 3293 832 3356 per
854 3271 915 3336 hoc
939 3270 1024 3356 quod
1050 3270 1119 3356 ipse
1144 3269 1339 3334 Vincencius
1361 3271 1464 3335 traxit

358 3372 509 3438 clericum
532 3397 626 3438 suum
649 3375 683 3440 in
703 3375 825 3440 curiam
845 3374 1070 3440 cristianitatis
1087 3374 1228 3460 petendo
1242 3375 1285 3440 ab
1299 3398 1337 3440 eo
1351 3397 1464 3441 omnes

357 3475 498 3542 decimas
512 3487 695 3562 spectantes
710 3479 752 3544 ad
767 3479 903 3545 eandem
920 3479 1078 3566 capellam
1091 3479 1323 3564 dampnificata
1336 3489 1386 3546 est
1400 3491 1461 3546 etc

357 3589 392 3644 ct
406 3579 482 3646 inde
496 3591 556 3647 etc.

422 3683 465 3747 Et
481 3683 637 3770 Magister
653 3685 846 3751 Vincencius
863 3687 953 3751 uenit
968 3697 1003 3751 et
1021 3685 1169 3751 defendit
1189 3687 1275 3772 quod
1294 3709 1460 3773 nunquam

356 3787 471 3852 habuit
493 3788 746 3874 prohibicionem
768 3789 854 3876 quod
868 3813 932 3854 non
948 3790 1113 3876 sequeret⁵
1128 3790 1285 3875 placitum
1299 3789 1390 3868 illud,
1404 3791 1461 3856 sed

355 3889 441 3976 qnod
462 3891 587 3977 capella
607 3891 665 3955 illa
685 3901 812 3977 spectat
833 3892 875 3956 ad
891 3893 1057 3957 ecclesiam
1073 3915 1166 3956 suam
1181 3891 1221 3956 de
1237 3892 1460 3979 Bedingeham

355 4005 389 4060 et
403 3995 472 4080 ipse
487 3996 573 4082 petit
587 3995 729 4061 decimas
744 4019 806 4082 que
828 3995 870 4060 ad
892 3996 1057 4061 ecclesiam
1082 4017 1173 4060 suam
1195 3995 1370 4081 pertinent,
1393 3996 1459 4062 scil.

355 4099 490 4164 maiores
505 4107 539 4164 et
553 4101 691 4165 minores
706 4100 747 4165 de
769 4101 918 4166 omnibns
941 4101 1126 4166 hominibus
1147 4099 1188 4164 de
1211 4100 1404 4186 Tappecroft
1425 4109 1460 4166 et

388 4237 396 4268 ¹
413 4237 444 4286 Β.
455 4252 490 4287 m.
504 4239 567 4290 lssd
931 4241 994 4288 onis.

387 4302 398 4334 ¹
413 4305 530 4362 Bostare,
543 4305 574 4353 B.
964 4304 974 4336 ⁴
992 4304 1022 4352 Β.
1034 4317 1070 4351 m.
1084 4301 1149 4351 lld.

387 4365 479 4430 'quod
507 4369 655 4428 interlined,
683 4370 729 4420 bnt
756 4385 831 4432 qnam
858 4369 880 4418 is
964 4367 1266 4432 ’Comoeqrreretunlt

355 4431 468 4492 wanted;
487 4432 548 4482 inB
565 4451 640 4497 quam
655 4436 752 4486 follows
769 4437 880 4486 nondict-
