3308 5226
341 419 406 489 718
574 431 809 495 mesanam,
830 431 894 483 no.
919 419 1012 494 1224,
1034 431 1096 484 aa
1120 419 1214 482 8-9,

341 621 413 668 zare
439 601 502 668 nisi
527 602 618 668 curia
645 600 905 680 considerauerit.
950 601 994 666 Et
1022 608 1112 668 carte
1140 601 1212 668 uisa
1240 610 1290 667 est
1319 609 1353 666 et
1383 623 1448 666 non

341 704 486 791 loquitur
499 703 540 772 de
559 704 668 770 Alicio
684 726 746 770 nee
765 703 910 791 sigillum
929 725 1025 768 suum
1045 703 1230 790 appositum
1250 712 1301 770 est
1320 703 1448 768 etideo

341 807 501 874 deulius
515 817 550 874 et
564 807 671 874 Alicio
684 807 760 874 inde
775 807 844 874 sine
859 807 912 874 die
927 815 963 872 et
977 806 1137 872 Viuianue
1151 805 1186 872 in
1200 805 1425 872 misericordia

406 911 524 978 Postea
536 911 617 976 dicit
637 909 798 976 Radulius
817 908 904 997 quod
923 907 1011 974 idem
1033 908 1194 974 Viuianus
1215 916 1360 995 tempore
1383 931 1448 996 quo

341 1016 404 1082 fuit
418 1015 598 1082 uioecomes
617 1015 705 1102 cepit
725 1014 872 1080 homines
892 1036 967 1080 suos
988 1021 1023 1079 et
1044 1013 1260 1100 inprisonauit
1281 1020 1317 1078 et
1337 1013 1450 1080 aueria

340 1139 400 1184 sua
413 1119 501 1206 oepit
515 1127 550 1184 et
564 1141 623 1206 per
636 1117 875 1184 districcionern
890 1117 921 1182 ei
936 1117 1014 1183 lecit
1028 1125 1152 1182 cartam
1166 1117 1266 1184 illam

404 1223 450 1290 Et
478 1223 639 1290 Viuienus
667 1222 814 1288 defendit
843 1222 931 1310 quod
957 1222 1086 1287 nullum
1110 1221 1276 1286 hominem
1300 1221 1388 1306 oepit
1412 1228 1449 1285 et

340 1327 426 1414 quod
440 1327 564 1392 nullam
579 1327 818 1393 districcionem
833 1327 865 1393 ei
879 1327 959 1393 fecit
973 1335 1009 1392 et
1029 1323 1115 1414 petit
1133 1325 1197 1392 sibi
1210 1325 1341 1392 allocori
1360 1324 1448 1411 quod

339 1437 430 1498 curta
450 1429 508 1494 illa
529 1430 616 1496 iacta
636 1431 701 1496 luit
724 1438 870 1517 tempore
894 1429 983 1516 pacis
1006 1437 1042 1494 et
1065 1428 1151 1516 quod
1173 1428 1261 1494 idem
1287 1427 1448 1494 Radulfus

339 1553 507 1619 nunquam
528 1539 642 1619 postea
663 1532 829 1619 querelam
851 1531 939 1610 fecit,
960 1531 1131 1618 presertim
1155 1551 1231 1596 eum
1256 1531 1350 1596 Dom.
1374 1531 1447 1594 Rex

340 1635 465 1702 misiset
493 1658 599 1722 nuper
627 1636 821 1704 iusticiarios
850 1637 893 1704 ad
921 1636 1068 1724 querelas
1095 1636 1273 1702 audiendas
1301 1635 1343 1700 de
1377 1637 1449 1722 ipso

339 1740 488 1806 Viuiano.
533 1741 578 1806 Et
591 1741 670 1828 quia
683 1741 772 1808 istud
786 1741 943 1828 placitum
958 1765 1025 1806 non
1039 1741 1147 1828 tangit
1161 1741 1358 1820 warentiam,
1369 1749 1449 1806 eant

339 1841 409 1908 sine
423 1843 476 1908 die
492 1851 526 1908 et
541 1843 569 1908 si
588 1843 747 1908 Viuianus
766 1843 988 1930 implacitatus
1007 1843 1114 1922 luerit,
1129 1852 1209 1909 tune
1227 1843 1394 1930 perquirat
1413 1866 1450 1909 se

340 1969 453 2014 uersus
467 1947 645 2014 Radulfum
659 1948 688 2014 si
702 1947 850 2014 uoluerit.

405 2049 513 2116 ²Prior
529 2051 571 2116 de
591 2051 769 2139 Nyweport
789 2049 911 2138 optulit
931 2072 965 2116 se
985 2049 1042 2136 iiij.
1059 2049 1113 2115 die
1135 2072 1248 2116 uersus
1268 2049 1449 2116 Hearicum

340 2153 381 2220 de
404 2155 563 2222 Hauuilla
581 2155 622 2220 de
641 2155 762 2242 placito
781 2177 880 2242 quare
899 2163 1031 2220 secutus
1053 2163 1103 2220 est
1124 2155 1281 2241 placitum
1303 2154 1338 2220 in
1359 2155 1451 2219 ouria

340 2259 564 2326 cristianitatis
577 2259 618 2326 de
634 2260 715 2326 laico
729 2260 821 2326 feodo
835 2259 938 2346 ipsius
952 2259 1089 2325 Henrioi
1108 2259 1144 2325 in
1159 2259 1265 2325 Perua
1279 2259 1448 2325 Liniordia

340 2371 453 2428 contra
466 2371 526 2429 ete

407 2466 452 2532 Et
480 2465 642 2532 Hernicus
671 2488 736 2530 non
765 2465 859 2530 uenit
888 2474 924 2530 et
947 2465 1011 2530 fuit
1036 2487 1174 2551 querens
1199 2472 1234 2530 et
1258 2463 1331 2530 ideo
1357 2464 1449 2530 Prior

341 2567 418 2634 inde
446 2568 516 2634 sine
545 2569 598 2634 die
622 2577 657 2634 et
686 2569 848 2634 Henricus
876 2577 912 2634 et
944 2569 1052 2656 plegii
1079 2568 1120 2634 de
1153 2567 1375 2655 prosequendo
1411 2569 1448 2634 in

341 2670 566 2748 misericordia,
580 2671 644 2738 scil
668 2671 768 2758 Hugo
787 2672 955 2738 Paroarius
977 2680 1012 2736 et
1034 2672 1148 2738 Simon
1170 2672 1256 2740 filius
1277 2673 1447 2759 Stephani.

342 2775 386 2841 Et
400 2774 618 2840 misericordia
641 2775 839 2863 perdonatur
864 2776 942 2863 quia
966 2775 1062 2842 Dom.
1084 2777 1154 2842 Rex
1180 2776 1335 2842 defaltum
1356 2775 1448 2842 illam

342 2879 373 2946 ei
395 2879 618 2946 warentimuit
640 2903 698 2967 per
726 2881 825 2947 breue
855 2879 976 2948 suum'.
1020 2881 1065 2946 Et
1090 2880 1163 2946 ideo
1191 2901 1250 2966 per
1278 2880 1448 2946 eonsilium

341 2982 430 3048 curie
458 2983 657 3050 attachistur
685 2983 776 3048 Prior
804 2983 890 3070 quod
918 2985 963 3050 sit
988 2983 1049 3050 tali
1074 2983 1126 3048 die
1152 2992 1212 3050 etc
1238 3005 1449 3070 responsurus

342 3093 402 3153 etc

406 3191 429 3257 J
431 3191 573 3257 ohannes
587 3191 628 3258 de
643 3192 716 3256 Mar
729 3199 764 3257 et
782 3191 855 3257 Eua
868 3213 949 3257 uxor
968 3193 1038 3258 eius
1058 3215 1116 3279 per
1134 3200 1335 3258 attomatum
1353 3215 1448 3258 suum

342 3303 462 3382 petunt
491 3317 604 3362 uersus
632 3295 812 3362 Robertnm
848 3295 890 3362 de
919 3295 1119 3362 Mandeuilla
1155 3297 1288 3362 terciam
1322 3305 1447 3384 partem

342 3415 456 3494 quarte
479 3407 581 3494 partis
600 3407 679 3472 uille
698 3407 739 3472 de
760 3407 903 3472 Suttona
921 3429 996 3472 oum
1016 3414 1097 3493 pert.
1112 3415 1148 3472 et
1168 3408 1302 3472 terciam
1321 3415 1446 3494 partem

276 3503 281 3510 ’
341 3511 442 3578 tercie
467 3511 570 3598 partis
595 3512 673 3576 uille
698 3513 739 3578 de
765 3511 903 3578 Funtel⁸
928 3533 1003 3581 oum
1028 3519 1110 3597 pert.
1133 3509 1169 3576 in
1194 3533 1273 3576 com.
1296 3509 1386 3577 Wilt
1412 3521 1448 3578 et

342 3616 475 3682 terciam
497 3624 624 3702 partem
646 3623 761 3702 quarte
783 3617 884 3703 partis
906 3615 984 3681 uille
1005 3615 1047 3681 de
1069 3615 1198 3681 Dorost’
1220 3637 1294 3682 cum
1317 3624 1397 3702 pert
1413 3625 1449 3682 et

343 3723 476 3788 terciam
490 3729 617 3808 partem
632 3727 747 3807 quarte
762 3721 863 3806 partis
877 3721 956 3786 uille
971 3720 1013 3786 de
1027 3719 1209 3784 Alesfordia
1228 3741 1303 3786 cum
1318 3729 1398 3807 pert.
1414 3719 1450 3786 in

343 3845 422 3892 com.
437 3825 538 3891 Warr.
554 3833 594 3890 ut
607 3825 717 3891 dotem
732 3847 833 3902 suam,
848 3824 935 3890 undo
950 3825 1134 3891 Willelmus
1149 3825 1271 3892 (lumin
1285 3827 1450 3913 quondam-

343 3928 396 3994 uir
409 3927 555 3993 eiusdem
575 3929 645 3994 Eue
665 3949 738 3992 eam
757 3925 886 3992 dotauit
905 3934 965 3992 ete
981 3925 1034 3992 die
1055 3928 1208 4014 etoquia
1226 3927 1356 3994 dotauit
1376 3951 1448 3995 earn

343 4031 384 4098 de
410 4031 511 4098 tercia
533 4039 626 4117 parte
651 4030 756 4096 torius
784 4037 869 4094 terre
899 4050 997 4115 quam
1014 4038 1107 4096 ,tunc
1135 4029 1243 4095 tenuit
1269 4039 1305 4096 et
1330 4053 1393 4117 que
1416 4031 1448 4097 ei

343 4133 537 4200 descendere
551 4129 682 4220 potuit⁴‚
697 4141 731 4197 et
746 4139 817 4196 tota
831 4138 919 4197 terra
932 4131 1078 4218 predicta
1092 4131 1124 4198 ei
1142 4132 1309 4200 deseendit
1327 4135 1449 4222 postea,

377 4320 560 4372 ¹A.m.sad.
952 4321 1015 4370 ‘As
1037 4323 1065 4372 to
1087 4319 1151 4372 suah
1174 4335 1207 4370 an
1229 4320 1391 4372 endorrment
1407 4335 1448 4370 see

376 4387 387 4419 ⁵
402 4387 447 4437 Br.
459 4387 477 4436 f.
489 4387 546 4437 368.
800 4397 802 4402 ·
921 4386 965 4436 Br.
977 4387 996 4436 l.
1008 4389 1049 4438 9³.

376 4453 387 4485 ³
403 4451 528 4513 Fonthill,
538 4467 599 4502 neor
606 4451 701 4503 Sutton
710 4451 869 4502 Manderillo.
