3212 5230
322 463 557 524 nicensium,
579 465 644 513 nn.
669 449 761 526 1230,
783 467 846 514 ιιι.
872 452 1008 516 14-15.
1155 449 1216 514 361

129 659 231 706 annua
244 640 385 727 pensione
406 649 442 705 et
463 639 565 705 nichil
584 633 682 706 aliud¹
694 641 780 728 petit
802 648 837 706 et
859 641 942 707 bene
963 639 1111 707 concedit
1133 637 1219 727 quod

129 743 281 828 predictus
315 743 504 829 Stephanus
542 751 591 808 est
628 743 805 808 aduocatos
842 744 985 830 predicte
1015 742 1147 808 ecclesie
1177 742 1217 807 de

128 846 324 934 Ferenbergo.
367 847 413 911 Et
432 847 507 912 ideo
526 847 725 933 prohibitum
749 857 799 913 est
819 848 850 913 ei
870 847 955 935 quod
977 869 1042 913 non
1063 854 1219 933 sequetur

127 949 163 1015 de
176 949 302 1014 decimis
316 957 349 1014 et
364 949 438 1014 aliis
458 950 712 1016 obuencionibus
731 951 795 1015 nisi
815 951 855 1015 de
874 949 1028 1036 predictis
1048 973 1075 1014 v.
1099 949 1163 1026 sol,
1184 955 1219 1012 et

126 1053 189 1139 ipse
211 1053 353 1119 concedit
377 1053 465 1140 quod
487 1053 515 1118 si
537 1062 692 1140 sequatur
713 1053 800 1140 quod
822 1053 940 1119 laicum
964 1053 1093 1118 feodum
1123 1073 1219 1116 suum

127 1159 204 1244 quod
220 1159 313 1224 habet
328 1159 363 1223 in
378 1158 501 1244 Anglic
514 1158 720 1236 incurratur¹‚
736 1167 771 1223 et
786 1158 859 1224 ideo
875 1159 945 1224 sine
961 1158 1020 1224 die.

54 1261 87 1320 ⁹·
186 1261 353 1327 'Unfiidus
368 1262 456 1327 filius
472 1262 640 1327 Michaelis
654 1261 860 1327 ethachiatus
880 1262 944 1326 fuit
964 1262 1005 1327 ad
1023 1263 1217 1350 responden·
1249 1284 1360 1325 summ

127 1365 198 1430 dum
213 1367 346 1431 Ricardo
361 1366 402 1431 de
418 1366 546 1432 Cumba
559 1390 658 1453 quare
675 1391 740 1432 non
761 1375 852 1431 tenet
872 1367 903 1432 ei
923 1367 1020 1432 finem
1041 1369 1163 1434 fectum
1183 1369 1217 1434 in

126 1469 207 1534 curia
231 1471 321 1535 Dom.
348 1471 449 1558 Regis
471 1471 503 1536 J.
530 1493 635 1536 coram
661 1472 846 1537 iusticiem'is
874 1472 1104 1538 itinerantibus
1130 1473 1218 1560 apud

126 1569 314 1636 Wintoniam
330 1572 418 1636 inter
432 1572 614 1658 predictum
630 1573 807 1639 Unfiidum
822 1583 990 1660 petentem
1006 1583 1040 1640 et
1055 1577 1217 1661 prefatum

126 1671 288 1737 Ricardum
304 1679 473 1736 tenentem
489 1671 529 1736 de
545 1695 611 1737 una
624 1672 702 1738 hide
716 1681 802 1739 terre
814 1697 888 1738 cum
900 1683 980 1760 pert.
992 1674 1027 1738 in
1039 1675 1218 1740 Merelente

125 1775 210 1840 etde
231 1776 331 1841 tercia
350 1793 444 1862 perte
466 1777 603 1842 duarum
626 1799 727 1843 carue
744 1787 829 1844 terre
850 1801 925 1844 cum
948 1788 1028 1866 pert.
1044 1779 1079 1844 in
1101 1780 1217 1846 Frome
1230 1795 1262 1834 1³⁰
1269 1795 1310 1834 flue
1319 1795 1379 1834 'new-

125 1877 202 1942 unde
216 1879 442 1965 cirographum
458 1887 517 1944 etc.
533 1887 568 1944 et
582 1880 669 1945 unde
684 1880 771 1945 idem
793 1881 951 1947 Ricardus
971 1883 1118 1969 queritur
1132 1883 1218 1970 quod

125 1981 277 2066 predictus
291 1982 453 2048 Unfiidus
466 1983 637 2069 inplacitat
653 2007 729 2049 eum
740 1985 775 2050 in
786 1985 941 2050 comitatu
954 1987 995 2051 de
1010 1987 1218 2072 pertinenciis

126 2085 257 2152 eiusdem
279 2095 374 2164 terre,
401 2088 467 2153 scil.
491 2089 530 2153 de
553 2089 655 2154 tercia
675 2099 768 2176 perte
791 2090 856 2176 viij.
880 2091 1118 2178 mosne-giorum
1140 2100 1174 2156 et
1192 2093 1217 2178 j.

126 2189 290 2256 molendini
316 2215 392 2256 cum
418 2199 500 2277 pert.
522 2191 557 2255 in
581 2191 826 2279 Frilingcstrete
858 2201 893 2257 et
923 2191 964 2258 de
996 2193 1097 2259 tercia
1124 2202 1217 2280 parte

126 2293 175 2380 iiij.
190 2296 426 2384 mesnagiorum
441 2297 476 2361 in
491 2297 669 2361 Flinfordia
682 2320 756 2362 oum
772 2305 852 2384 pert.
868 2305 928 2362 etc

182 2399 223 2464 Et
252 2399 411 2465 Uufiidus
440 2399 534 2464 uenit
564 2407 598 2464 et
628 2400 710 2465 bene
740 2401 904 2488 cognoscit
932 2399 1030 2464 finem
1068 2409 1103 2466 et
1138 2402 1217 2468 ciro-

125 2503 273 2589 graphum
292 2513 328 2569 εὴ
350 2513 458 2569 totum
481 2513 515 2568 et
537 2503 617 2569 dicit
639 2503 725 2591 quod
746 2504 781 2568 in
803 2505 893 2569 nullo
915 2513 965 2570 est
986 2513 1099 2571 contre
1119 2505 1217 2572 finem

125 2603 208 2670 illum
227 2629 284 2672 nce
306 2606 370 2672 erit
387 2615 437 2672 set
457 2606 538 2672 dicit
561 2606 646 2693 quod
669 2606 834 2693 mesnagis
856 2615 890 2670 et
912 2607 1133 2672 molendinum
1152 2631 1217 2674 non

126 2718 193 2774 sunt
214 2710 252 2776 de
272 2711 483 2797 pertinenciis
502 2711 646 2778 eiusdem
669 2719 753 2777 terre
773 2719 824 2777 set
845 2711 928 2776 bene
947 2711 1110 2800 cognoscit
1131 2712 1217 2799 quod

125 2822 192 2878 sunt
210 2815 248 2879 de
270 2815 386 2880 eodem
408 2815 501 2881 feodo
523 2824 558 2882 ct
580 2815 620 2881 de
643 2815 756 2880 eodem
778 2815 920 2881 seruicio.
967 2815 1044 2880 Post
1065 2816 1218 2903 cognouit

125 2913 201 2997 quod
225 2915 393 3002 mesuagio
417 2925 452 2980 et
475 2924 583 2982 totum
605 2915 826 2980 molendinum
849 2924 926 2980 sunt
947 2915 988 2980 de
1009 2915 1217 3002 pertinenciis

124 3017 255 3100 predicte
270 3019 371 3084 tercie
385 3019 488 3105 pertis
503 3018 641 3084 duarum
656 3027 879 3084 carucatarum
899 3028 984 3084 terre
999 3021 1035 3086 in
1051 3021 1166 3086 Frome
1182 3029 1217 3087 et

125 3118 187 3186 ideo
201 3131 351 3190 teneatur
365 3123 439 3188 finis
453 3131 488 3188 et
503 3123 662 3190 Unfiidus
676 3121 879 3188 custodiatur
894 3131 953 3188 etc.
975 3122 980 3210 Ι

42 3225 89 3287 455.
179 3227 307 3294 'Anicia
320 3251 384 3314 que
400 3229 464 3294 fuit
479 3251 560 3293 uxor
574 3227 731 3293 Willelmi
745 3227 786 3292 dc
801 3227 927 3294 Baiocis
942 3251 1000 3314 per
1014 3237 1215 3296 attornetum
1271 3247 1336 3334 ,m

125 3351 211 3395 mum
235 3330 320 3418 petit
342 3353 456 3396 uersus
476 3329 660 3396 Johannem
683 3330 724 3396 de
745 3330 832 3396 Eure
854 3329 988 3396 terciam
1010 3339 1136 3417 partem
1158 3355 1215 3419 mJ.

125 3454 176 3500 scr.
204 3443 285 3501 terre
311 3458 386 3501 cum
407 3443 489 3522 pert.
512 3435 547 3500 in
570 3434 769 3501 Bradewelle
790 3443 825 3501 et
853 3435 885 3522 ij.
912 3435 966 3502 sol.
997 3434 1151 3514 redditus,
1181 3447 1215 3502 et
1228 3439 1354 3528 ¹20„ssng

124 3557 226 3603 uersus
239 3539 417 3604 Radulfum
432 3538 535 3603 filium
552 3537 683 3603 Ricardi
698 3537 831 3602 terciam
846 3548 972 3624 partem
992 3537 1048 3626 iiij.
1064 3561 1125 3606 acr.
1139 3563 1215 3606 oum
1227 3534 1379 3631 tumfflffi

124 3647 196 3722 pert
208 3640 240 3704 in
249 3641 363 3706 eadem
374 3641 462 3718 uilla,
473 3649 508 3706 et
520 3663 632 3706 uersus
642 3640 822 3706 Gerardnm
837 3641 934 3707 Bane
946 3645 1078 3710 terciam
1087 3652 1214 3732 partem
1227 3628 1376 3724 lfflffllss‘

125 3744 159 3828 vj.
172 3767 230 3810 scr.
246 3755 331 3812 terre
346 3769 421 3812 cum
435 3755 516 3832 pert.
532 3746 566 3810 in
581 3746 695 3810 eedem
710 3744 791 3809 uilla
805 3753 844 3810 ut·
858 3745 967 3810 dotem
982 3769 1074 3814 suem
1089 3759 1147 3816 etc
1226 3720 1379 3826 ltfifitttl‘

180 3849 223 3914 Et
244 3850 410 3916 Johcnnes
432 3858 466 3914 et
488 3848 544 3912 alii
565 3847 705 3912 ueniunt
727 3856 762 3911 et
785 3847 897 3914 dicunt
919 3849 1005 3934 quod
1027 3873 1091 3916 non
1116 3853 1213 3920 debet
1224 3819 1335 3950 ffffi‘t

124 3949 191 4018 inde
205 3953 312 4018 dotem
327 3953 447 4017 habere
462 3951 540 4038 quia
554 3951 719 4038 predictus
737 3949 921 4016 Willelmus
940 3952 992 4016 uir
1011 3976 1089 4020 suus
1108 3955 1214 4022 adhuc
1225 3955 1333 4052 2¹33}OE

125 4055 202 4121 uiuit
215 4065 248 4121 et
261 4063 375 4121 manet
389 4053 477 4140 apud
492 4053 732 4120 Bredewellam
1226 4049 1377 4146 fflfq'lon

181 4160 222 4226 Et
243 4160 363 4226 Auicie
387 4181 446 4246 per
467 4167 670 4226 attornetum
693 4181 789 4225 suum
813 4157 894 4224 dicit
919 4157 1006 4246 quod
1030 4183 1144 4228 reuera
1167 4142 1355 4286 ibifficffill‘

150 4363 159 4396 ¹
174 4364 250 4416 stes
722 4365 733 4398 ⁴
749 4366 793 4416 Br.
806 4366 824 4423 f.
836 4365 884 4416 301
893 4365 919 4418 h.
942 4365 969 4416 11
977 4365 1022 4418 the
1032 4365 1153 4417 husband
1163 4366 1214 4422 ise

150 4429 201 4482 ’L
213 4445 248 4481 m.
260 4431 301 4480 11.
690 4445 758 4507 mere
774 4430 940 4508 probationes
956 4431 1027 4510 heis
1043 4434 1089 4482 not
1104 4435 1148 4496 yet
1164 4433 1214 4484 civ-

151 4494 199 4545 ²fi
211 4511 246 4546 ιιι.
259 4497 289 4545 11
302 4496 328 4544 d.
430 4545 435 4556 ,
689 4495 827 4560 rllydsedJ
844 4497 926 4548 redire
934 4497 1206 4560 potentsdseculum.
