3276 5234
379 439 442 503 294
587 449 820 512 mensuruus,
842 449 907 499 sn.
932 436 1024 510 1229,
1047 449 1111 498 ss
1137 437 1274 500 13-14.

378 623 463 690 idem
501 613 678 710 Episcopus
712 623 855 710 suscepit
885 623 1077 688 mandatum
1107 623 1237 690 domini
1268 625 1368 712 Regis
1398 623 1489 712 quod

377 728 419 794 sd
451 728 727 814 presentscionem
763 750 856 792 suom
893 727 1083 792 admitteret
1119 727 1278 814 ydoneam
1315 751 1487 816 personam

378 841 437 898 etc.

443 937 487 1002 Et
512 937 688 1023 Episcopus
710 935 804 1002 uenit
827 944 863 1000 et
892 933 973 1002 dicit
1001 935 1088 1022 quod
1116 935 1268 1002 clericum
1293 961 1390 1003 suum
1419 961 1486 1004 non

377 1047 485 1124 potest
509 1039 683 1106 admittere
709 1063 769 1105 nec
792 1039 890 1104 debet
914 1039 993 1126 quis
1014 1047 1190 1125 antequam
1219 1041 1288 1126 ipse
1317 1049 1488 1127 promotus

378 1150 462 1206 esset
491 1142 526 1207 in
554 1143 751 1230 Episcopum
781 1142 1022 1208 Norwioensem
1051 1141 1115 1206 fuit
1144 1142 1276 1228 quidem
1300 1145 1488 1210 Willelmus

379 1245 512 1312 Geroun
530 1245 687 1312 admissus
711 1268 732 1310 s
754 1245 975 1332 predecessore
996 1244 1074 1310 ειιοι
1094 1244 1136 1310 sd
1157 1245 1293 1312 eandem
1315 1247 1486 1314 ecclesiam

378 1359 412 1414 et
441 1349 548 1435 ipsum
580 1347 708 1414 inuenit
744 1347 779 1412 in
816 1345 1013 1432 possessione
1049 1345 1090 1410 de
1127 1347 1242 1412 ecdem
1278 1351 1414 1416 ecclesis
1449 1361 1487 1417 et

378 1455 574 1540 apellentem
609 1475 667 1539 pro
698 1452 768 1517 iure
798 1473 857 1516 suo
892 1473 933 1516 ne
963 1449 1043 1536 quid
1071 1451 1165 1516 fieret
1200 1451 1234 1516 in
1268 1453 1486 1539 preiudicium

378 1581 472 1624 suum
500 1568 535 1624 et
564 1559 670 1624 adhuc
699 1565 749 1622 cst
778 1555 812 1620 in
841 1555 1038 1640 possessione
1067 1554 1154 1620 unde
1177 1557 1310 1622 ecclesis
1338 1580 1404 1622 non
1434 1567 1487 1624 est

378 1684 496 1727 uocans
510 1685 570 1728 nec
585 1670 692 1748 potest
707 1661 814 1747 ipsum
830 1659 1031 1724 Willelmum
1046 1657 1088 1723 sb
1106 1659 1220 1724 eedem
1241 1662 1401 1746 expellere
1424 1685 1487 1727 nec

377 1787 435 1850 per
454 1788 529 1830 eum
550 1773 617 1830 stat
631 1763 803 1851 quominus
821 1769 994 1828 executum
1009 1761 1053 1826 sit
1067 1763 1258 1828 mandatum
1274 1765 1367 1830 Dom.
1383 1766 1487 1853 Regis

377 1877 412 1934 et
426 1870 454 1935 si
469 1869 603 1936 ecclesis
616 1876 747 1933 uscsret
761 1867 902 1932 libenter
914 1867 1066 1932 clericum
1081 1889 1177 1932 suum
1191 1867 1390 1934 admitteret.

443 1973 486 2036 Et
510 1971 671 2036 Robcrtus
693 1993 752 2057 per
772 1977 973 2034 ottomstum
999 1991 1094 2034 suum
1120 1970 1214 2035 uenit
1237 1979 1272 2036 et
1293 1971 1375 2036 dicit
1397 1973 1486 2058 quod

377 2075 437 2141 hoc
454 2075 485 2141 ei
499 2097 612 2140 nocere
627 2097 692 2139 non
706 2074 806 2140 debet
820 2074 898 2160 quis
911 2073 992 2138 sliss
1006 2073 1187 2144 cthschisti
1202 2061 1334 2140 fuerunt
1349 2075 1485 2162 quidem

376 2177 499 2242 iudices
527 2176 670 2264 delegati
692 2176 778 2262 quod
802 2184 910 2241 essent
936 2197 1042 2240 comm
1068 2175 1253 2241 iusticisriis
1281 2177 1324 2241 od
1352 2200 1485 2264 respon·

376 2281 519 2345 (lendum
539 2302 638 2366 quare
661 2287 838 2344 tenuerunt
859 2279 1017 2364 placitum
1039 2278 1079 2344 de
1101 2279 1248 2366 predicta
1268 2279 1486 2347 aduocscione

376 2393 411 2448 et
447 2384 510 2470 ipsi
545 2391 711 2469 presentes
740 2381 912 2469 protestati
947 2383 1081 2446 fuerunt
1090 2433 1167 2448 .....
1176 2382 1187 2416 ²
1218 2407 1325 2450 coram
1358 2386 1485 2452 iustici-

376 2487 452 2552 sriis
473 2487 559 2572 quod
581 2487 707 2552 nullum
730 2485 886 2572 placitum
912 2493 1089 2550 tenuerunt
1118 2485 1159 2551 de
1188 2487 1402 2556 aduocscione
1433 2500 1486 2556 set

375 2592 416 2657 de
436 2591 576 2678 quodem
598 2589 790 2656 homicidio⁸
807 2589 855 2655 ito
876 2589 963 2676 quod
984 2613 1043 2677 per
1064 2591 1186 2658 iudices
1208 2591 1294 2679 ipsos
1313 2617 1483 2681 nunquam

375 2697 465 2762 misit
493 2695 580 2762 idem
611 2697 788 2782 Episcopus
815 2695 923 2781 ipsum
953 2695 1155 2760 Willelmum
1183 2697 1219 2761 in
1250 2698 1484 2782 possessionem

374 2801 517 2866 ciusdem
539 2799 680 2878 ecclesie,
694 2807 730 2865 ct
751 2808 899 2885 proteres
919 2799 1052 2886 quidem
1075 2801 1220 2888 Rogems
1242 2801 1283 2866 de
1304 2802 1483 2887 Berningc·

375 2905 450 2970 ham
473 2904 606 2970 clericus
628 2903 729 2989 ipsius
751 2903 887 2969 Roberti
908 2925 1044 2990 persona
1065 2905 1129 2970 luit
1151 2905 1185 2970 in
1209 2905 1323 2970 eodem
1346 2906 1484 2971 ecclesia

333 2996 335 3000 ’
374 3017 409 3071 et
424 3007 458 3072 in
473 3007 586 3072 esdem
601 3007 683 3071 obiit
697 3029 834 3093 persons
850 3007 935 3072 sicut
954 3007 1036 3072 rec’⁴
1050 3016 1101 3073 est
1122 3008 1172 3072 bis
1194 3008 1229 3072 in
1248 3007 1339 3072 curis
1356 3008 1482 3073 domini

375 3113 483 3198 Regis,
503 3121 537 3177 et
559 3111 644 3198 petit
666 3111 824 3176 iudicium
845 3111 886 3176 de
908 3111 969 3176 hoc
991 3111 1077 3197 quod
1102 3111 1189 3176 idom
1216 3111 1393 3198 Episcopus
1415 3135 1481 3178 non

375 3215 449 3279 uult
463 3215 636 3281 admittere
652 3215 803 3281 clericum
819 3239 921 3281 suum.
943 3213 948 3298 Ι

440 3317 484 3381 Et
499 3317 676 3404 Episcopus
690 3318 774 3383 sicut
789 3317 879 3404 prius
894 3317 973 3381 dicit
988 3316 1075 3402 quod
1090 3317 1218 3403 quondo
1233 3317 1301 3403 ipse
1313 3327 1481 3403 pmmotus

374 3420 438 3486 luit
459 3421 494 3484 in
516 3421 710 3508 Episcopum
737 3421 801 3486 luit
826 3421 913 3486 idem
938 3421 1121 3486 Willelmus
1145 3443 1281 3506 persons
1306 3421 1341 3486 in
1364 3421 1480 3488 eodem

373 3525 507 3590 ecclesis
542 3525 700 3590 admissus
736 3547 757 3590 o
792 3525 1012 3610 predecessore
1049 3548 1107 3590 suo
1143 3534 1178 3591 et
1213 3526 1320 3592 adhuc
1356 3535 1407 3592 est
1443 3527 1480 3591 in

374 3629 569 3716 possessione
599 3629 743 3694 eiusdem
773 3630 906 3695 ecclesie
932 3639 967 3695 et
996 3631 1140 3716 apellens
1168 3653 1226 3716 pro
1255 3631 1326 3696 iuro
1354 3653 1413 3696 suo
1442 3641 1479 3696 et

372 3752 431 3820 per
455 3733 564 3797 omnis
584 3731 664 3797 dicit
686 3733 770 3798 sicut
794 3734 884 3820 prius
905 3734 992 3820 quod
1020 3756 1085 3798 non
1113 3740 1222 3818 potest
1249 3733 1390 3819 aliquem
1420 3735 1478 3800 sd-

372 3839 502 3903 mittere
518 3861 575 3924 pro
589 3839 786 3924 apellecione
801 3861 860 3903 sus
874 3860 1040 3924 quousque
1054 3837 1098 3903 sit
1113 3860 1238 3904 uacans.

438 3943 597 4007 Keterins
626 3965 689 4028 que
719 3943 782 4007 fuit
814 3965 895 4007 uxor
923 3941 1054 4007 deulli
1083 3942 1124 4008 do
1153 3942 1362 4027 Humelbeby
1390 3943 1478 4029 petit

372 4067 484 4109 uersus
513 4045 707 4131 Magistrum
729 4047 929 4110 Willelmum
959 4046 999 4111 de
1023 4045 1118 4111 Purlc
1140 4046 1274 4111 terciam
1296 4055 1423 4132 portem
1446 4071 1476 4114 x.

406 4213 806 4269 ¹Pcndulfwhodiedin1226.
842 4217 897 4268 'I'he
979 4216 1057 4269 *Βία
1088 4215 1376 4268 thtcsntthourt
1388 4217 1476 4267 Chris-

372 4283 476 4343 present
487 4279 561 4330 bisho
590 4281 613 4330 is
625 4281 739 4332 'rhomes
749 4283 888 4334 Blunville.
947 4283 1004 4332 tien
1016 4282 1082 4332 hsvs
1096 4281 1150 4332 hsd
1166 4285 1194 4331 to
1210 4281 1244 4331 do
1261 4281 1324 4332 with
1341 4297 1357 4333 s
1373 4297 1431 4333 osse
1448 4284 1478 4333 ol

405 4345 568 4394 ’Auordw
589 4345 897 4412 'ohlosnonlyresdss
946 4346 1095 4398 homicide?
1140 4346 1266 4410 Probably
1294 4345 1338 4398 the
1365 4348 1476 4402 mund

369 4413 421 4472 po·
442 4425 471 4458 or
485 4413 546 4473 put
579 4411 605 4461 It
623 4427 683 4475 msy
700 4412 730 4463 bs
748 4415 838 4465 meent
857 4413 897 4465 lor
947 4411 1114 4462 wusolsrk.

368 4477 478 4538 publice.
979 4479 990 4511 ⁴
1007 4480 1162 4528 recordatum
1172 4493 1201 4528 or
1213 4481 1374 4542 recognitum.
