3360 5236
230 609 301 676 710.

233 710 290 750 Norl.

226 827 297 894 711.

234 927 294 968 Kone

223 1036 294 1102 712.

229 1139 291 1178 tenc

353 427 414 490 546
655 438 892 502 alirumnas.
919 427 1010 502 1225,
1034 443 1097 490 aa.
1121 429 1148 492 9.

417 609 616 676 ¹Willelmus
643 610 819 676 Leueriche
846 612 938 698 ponit
965 612 1034 678 loco
1060 635 1118 678 suo
1144 613 1327 679 Walterum
1358 615 1463 682 filium

351 737 445 779 suum
462 736 574 780 uersus
590 715 769 779 Robertum
785 715 826 780 de
841 716 1029 782 Tunestona
1043 717 1084 782 de
1099 718 1219 804 placito
1234 720 1370 786 seruicii

417 819 577 884 Henricus
607 819 647 884 de
675 818 843 884 Sandwico
866 821 958 906 ponit
988 821 1057 886 loco
1084 843 1142 886 suo
1168 822 1334 890 Simonem
1359 825 1462 892 filium

350 945 445 987 suum
461 945 573 988 uersus
589 922 731 987 Priorem
749 923 780 987 S.
797 923 966 988 Trinitatis
981 923 1022 989 de
1038 924 1157 1010 placito
1172 925 1283 992 debiti.

415 1027 613 1092 'Willelmus
628 1027 668 1093 de
686 1027 847 1113 Kartorpe
868 1035 902 1090 et
922 1028 1028 1093 Alicia
1046 1051 1128 1093 uxor
1147 1029 1218 1094 eius
1240 1053 1299 1116 per
1319 1041 1462 1099 attorna

351 1141 421 1195 tum
452 1153 546 1195 suum
577 1139 696 1216 petunt
726 1153 839 1195 uersus
865 1130 1046 1196 Robertum
1073 1133 1113 1197 de
1140 1133 1303 1199 Harecurt
1329 1136 1462 1202 terciam

350 1245 476 1322 partem
498 1261 547 1302 xx.
571 1245 605 1300 et
628 1236 765 1302 dirarum
788 1236 897 1301 bouat.
920 1245 955 1301 et
978 1245 1093 1322 quarte
1116 1237 1218 1322 partis
1239 1239 1336 1304 unius
1353 1240 1461 1306 bouat.

350 1349 434 1404 terre
450 1349 484 1404 et
500 1340 597 1404 unius
612 1338 746 1426 mesagii
762 1361 835 1402 cum
851 1347 924 1425 pert
943 1339 978 1402 in
998 1339 1165 1405 Pikewilla
1182 1349 1221 1404 ut
1241 1342 1460 1426 pertinentem

349 1443 391 1508 ad
413 1443 639 1508 rationabilem
664 1442 773 1507 dotem
800 1464 892 1507 suam
919 1465 982 1528 que
1009 1465 1081 1508 eam
1108 1445 1269 1532 contingit
1295 1445 1335 1512 de
1360 1447 1461 1513 libero

350 1555 537 1622 tenemento
563 1547 649 1634 quod
674 1547 737 1612 fuit
763 1547 923 1612 Johannis
949 1548 990 1613 de
1014 1548 1189 1635 Spixtona⁸
1211 1551 1374 1636 quondam
1397 1552 1462 1618 uiri

348 1651 451 1737 ipsius
466 1651 570 1716 Alicie
585 1660 644 1715 etc.

414 1754 458 1819 Et
473 1755 635 1820 Robertus
650 1753 742 1818 uenit
758 1762 792 1818 et
808 1761 904 1818 uocat
923 1753 999 1818 inde
1018 1754 1060 1819 ad
1080 1763 1262 1820 warantum
1284 1757 1460 1845 Hugonem

347 1857 388 1924 de
409 1859 560 1924 Moruico.
606 1859 737 1924 Habeat
760 1881 835 1924 eum
859 1882 879 1924 a
900 1859 953 1924 die
977 1859 1008 1925 S.
1033 1859 1129 1926 Mich.
1153 1859 1187 1924 in
1211 1883 1239 1927 v.
1262 1861 1460 1948 septimanas

347 1985 405 2048 per
418 1963 577 2028 auxilium
593 1963 688 2028 curie.

288 2121 294 2132 .
411 2065 613 2132 ‘Willelmus
628 2067 740 2131 Abbas
761 2066 792 2132 S.
809 2066 931 2131 Albani
951 2089 1009 2152 per
1028 2075 1231 2132 attornatum
1254 2090 1351 2133 suum
1370 2070 1459 2156 'petit

347 2193 459 2237 uersus
485 2170 677 2236 (lanfridum
704 2169 745 2234 de
763 2169 904 2256 ‚Bisseye
932 2191 1034 2234 unum
1057 2169 1238 2256 mesagium
1262 2179 1296 2236 et
1317 2193 1374 2238 sex
1396 2194 1457 2238 acr.

345 2285 430 2342 terre
450 2285 484 2341 et
504 2275 584 2340 duas
604 2275 778 2362 perticatas
796 2275 881 2362 prati
896 2298 970 2340 cum
986 2283 1066 2361 pert.
1083 2275 1117 2338 in
1133 2274 1339 2342 Watbl'ordia
1353 2284 1392 2342 ut
1406 2277 1458 2342 ius

345 2378 476 2444 ecclesie
491 2401 548 2444 sue
563 2387 623 2444 eto.
640 2388 673 2443 et
694 2387 732 2443 ut
752 2379 809 2444 illa
828 2379 915 2446 unde
936 2377 1024 2442 idem
1045 2377 1158 2442 Abbas
1181 2379 1244 2443 fuit
1266 2379 1396 2445 saisitus
1418 2390 1457 2446 ut

344 2483 384 2548 de
400 2483 575 2570 uillenagio
590 2505 648 2548 suo
664 2491 807 2569 tempore
822 2483 852 2547 J.
866 2483 966 2570 Regis
977 2489 1012 2546 et
1023 2482 1058 2546 in
1070 2505 1168 2568 quam
1179 2482 1267 2548 idem
1279 2483 1456 2550 (laufridus

344 2588 528 2653 nonhabet
548 2589 727 2674 ingressum
748 2588 811 2652 nisi
832 2610 890 2674 per
909 2586 1131 2652 Alexandrum
1152 2587 1384 2652 Waterlotere⁶
1398 2589 1457 2674 qui

344 2691 433 2756 illam
450 2691 558 2756 tenuit
572 2691 606 2755 in
622 2691 823 2777 uilenagium
839 2690 879 2754 de
895 2690 1008 2755 eodem
1029 2690 1159 2755 Abbate
1181 2699 1216 2755 et
1237 2690 1323 2776 quod
1343 2692 1392 2757 ita
1411 2693 1456 2758 sit

344 2795 438 2860 offert
453 2797 528 2861 etc.⁶

409 2899 469 2964 'Et
494 2899 670 2965 (laufridus
700 2899 793 2964 uenit
824 2908 858 2964 et
885 2907 982 2963 uocat
1007 2897 1049 2962 ad
1074 2905 1255 2962 warantum
1281 2897 1357 2977 inde
1383 2921 1455 2986 pre-

344 3005 466 3071 dictum
501 3005 721 3070 Alexandrum
760 3004 817 3089 qui
852 3025 984 3089 presens
1018 3011 1068 3068 est
1105 3013 1139 3067 et
1174 3003 1257 3070 bene
1292 3007 1456 3092 cognoscit

344 3111 430 3196 quod
456 3110 585 3176 diuisit⁸
609 3109 714 3175 eidem
743 3108 898 3174 Gaufiido
928 3118 1047 3172 terram
1078 3108 1168 3172 illam
1192 3117 1227 3174 et
1250 3111 1454 3198 mesuagium

343 3215 427 3280 sicut
453 3215 507 3280 ille
532 3215 589 3300 qui
613 3214 677 3278 fuit
702 3213 844 3278 uillanus
870 3211 1015 3276 eiusdem
1040 3211 1180 3277 Abbatis
1207 3221 1241 3278 et
1270 3213 1377 3280 adbuc
1403 3225 1454 3281 est

343 3326 377 3382 et
404 3327 522 3383 terram
552 3317 643 3383 illam
673 3316 760 3403 cepit
789 3315 829 3380 de
860 3314 974 3380 eodem
1004 3313 1134 3380 Abbate
1163 3315 1293 3381 domino
1323 3339 1381 3383 suo
1417 3319 1453 3384 in

342 3421 555 3508 uillenagium
578 3445 673 3486 suum
698 3429 732 3484 et
752 3441 867 3484 reuera
884 3427 1030 3504 tempore
1053 3441 1168 3505 guerre
1193 3429 1307 3506 captus
1331 3423 1394 3487 fuit
1418 3433 1454 3489 et

340 3850 459 3906 terram
474 3840 564 3905 illam
579 3839 679 3904 libere
701 3847 734 3901 et
755 3845 794 3901 ut
814 3837 897 3902 liber
917 3837 1012 3902 homo
1035 3845 1074 3902 ut
1096 3845 1216 3903 terram
1238 3839 1327 3904 illam
1351 3861 1449 3925 quam

339 3944 426 4010 idem
448 3941 634 4008 Alexander
655 3948 779 4006 emerat
801 3940 841 4005 de
869 3940 991 4006 Jacobo
1018 3940 1190 4028 laWayte
1215 3963 1273 4028 pro
1294 3941 1317 4028 j
1342 3963 1450 4009 marca

371 4095 544 4152 ¹A.m.2d;
562 4095 593 4142 B.
611 4092 710 4142 m.2d.
738 4093 865 4155 Probably
917 4092 998 4140 anab.

343 4162 459 4212 ‘secred’
471 4161 500 4209 in
512 4163 534 4209 A
546 4161 579 4222 by
590 4158 717 4209 cocident.
948 4157 958 4190 ⁷
976 4157 1007 4205 In
1018 4157 1063 4207 the
1072 4157 1127 4206 MS.
1136 4157 1189 4207 thia
1196 4158 1342 4221 paragraph
1349 4160 1448 4210 follows

371 4226 547 4286 ²A.m.2d;
564 4225 593 4275 B.
609 4239 642 4274 m.
659 4225 707 4273 ad.
917 4222 975 4272 that
999 4223 1031 4284 by
1048 4221 1132 4272 which
1156 4221 1177 4272 it
1194 4222 1296 4273 isbere
1320 4224 1443 4277 followed.

371 4292 539 4356 ³Sproxtoo’,
548 4291 578 4338 A.
591 4291 620 4338 B.
916 4287 1017 4338 letters
1040 4286 1067 4336 in
1091 4287 1135 4337 tbe
1160 4287 1263 4350 margin
1292 4288 1373 4340 direct
1402 4291 1446 4342 the

370 4358 426 4408 ΙΑ.
440 4355 543 4414 m.2d;
560 4355 590 4406 B.
605 4369 640 4404 m.
652 4356 676 4402 4.
706 4401 708 4405 ,
916 4352 1113 4415 transposition.
1156 4351 1211 4404 The
1238 4352 1314 4404 order
1341 4354 1369 4404 in
1398 4371 1443 4422 my

370 4421 615 4478 ³Waterletere‚A;
637 4419 810 4479 Waterledere,
821 4417 851 4470 B.
915 4417 1201 4480 printistheorde'rin
1213 4419 1243 4468 A.
1257 4419 1286 4468 Β.

370 4489 380 4520 ⁶
397 4489 447 4536 For
458 4486 512 4537 tbis
523 4485 580 4536 writ
591 4485 618 4534 ol
634 4487 708 4546 entry
726 4498 766 4534 see
783 4484 826 4532 Bt.
845 4485 863 4532 l.
948 4484 959 4516 ⁸
976 4483 1046 4533 Oorr.
1058 4485 1164 4538 diminit.
1177 4485 1215 4542 B;
1233 4485 1255 4532 A
1267 4485 1386 4545 illegible.
