3314 5238
453 447 775 508 M1011AELMAS,A.D.
802 435 894 508 1231,
917 445 978 495 ss„
1005 433 1139 494 15-16.
1285 433 1344 494 501

237 623 333 687 terris
358 623 426 686 suis
448 621 557 686 tenuit
580 608 678 683 libere
701 640 760 704 per
781 617 919 681 liberum
943 616 1116 681 seruicium
1138 638 1187 680 xv.
1212 615 1266 680 sol.
1289 637 1346 701 pro

235 727 326 791 omui
355 725 501 802 seruicio,
524 731 560 788 et
583 722 663 787 dicit
685 721 771 807 quod
796 721 853 786 elii
879 728 956 785 sunt
986 727 1136 785 tenentes
1166 719 1207 784 de
1234 719 1346 784 eodem

235 829 398 894 dominico
422 827 505 914 que¹
532 826 654 892 debent
683 825 748 888 elie
770 823 907 888 seruicia
928 832 963 888 et
987 822 1240 888 consuetudines
1260 823 1346 887 sicut

234 931 418 1018 chorrisgia
431 929 570 996 messces'
585 937 619 994 et
634 929 698 993 elia
713 927 835 1014 plurs'.

303 1036 348 1099 Fe
362 1035 529 1100 Johnnnes
540 1033 627 1098 lilius
642 1031 779 1098 Gnlhidi
794 1031 874 1096 dicit
889 1031 979 1096 saluo
994 1031 1025 1096 ci
1040 1030 1184 1117 predicto
1195 1053 1346 1116 responso

236 1136 325 1222 quod
345 1136 478 1202 uidetur
499 1134 632 1221 siquod
653 1157 719 1198 non
741 1133 840 1198 debet
861 1133 910 1198 eis
932 1133 984 1198 hic
1006 1133 1198 1219 respondere
1220 1132 1347 1227 desicut

237 1249 326 1304 terre
346 1240 404 1304 illa
425 1239 523 1304 debet
545 1239 682 1304 seruicia
703 1239 797 1325 plura
818 1246 953 1324 excepto
975 1237 1111 1302 seruicio
1129 1237 1346 1323 predictorum

237 1361 289 1402 xv,
312 1339 376 1415 sol,
392 1347 426 1402 et
447 1337 537 1425 ipse⁸
555 1360 627 1402 eam
649 1337 735 1423 petit
759 1335 933 1401 tenendam
956 1336 1056 1400 libere
1075 1345 1111 1400 et
1131 1359 1196 1400 non
1218 1335 1347 1422 potest⁴

237 1439 430 1526 respondere
445 1441 514 1504 sine
531 1441 623 1504 Dom
640 1440 738 1526 Rege.

305 1541 349 1606 Et
363 1542 509 1628 Rogerus
525 1541 609 1608 Oruc
623 1541 704 1605 dicit
719 1541 805 1626 quod
826 1547 918 1604 tenet
938 1540 979 1605 de
1000 1539 1175 1626 uillenegio
1196 1551 1230 1604 et
1250 1550 1346 1606 uocet

238 1645 315 1709 inde
337 1645 380 1710 od
399 1653 579 1709 warantum
601 1642 784 1730 predictum
806 1643 991 1708 Johennem
1006 1642 1110 1707 filium
1135 1643 1281 1721 (tatfrid,
1296 1653 1346 1709 set

238 1747 339 1814 nichil
360 1749 501 1814 ostendit
524 1771 622 1834 quare
643 1748 675 1812 ei
694 1747 899 1812 warentimre
921 1746 1039 1812 debeat
1061 1769 1121 1812 nec
1143 1755 1264 1812 curtam
1286 1771 1346 1814 nec

238 1853 338 1918 aliud
383 1853 505 1918 Omnes
536 1851 675 1938 predicti
705 1859 856 1917 tenentes
890 1859 999 1937 preter
1027 1851 1212 1916 Johsnnem
1241 1852 1345 1918 filium

240 1957 394 2024 Gelfridi³
409 1967 469 2022 etc.
562 2026 566 2032 ,

305 2061 385 2124 Dies
396 2059 492 2124 datus
503 2069 553 2124 est
564 2060 714 2125 omnibus
725 2059 879 2146 predictis
890 2067 950 2124 etc.
962 2068 1000 2124 ut
1012 2068 1091 2124 tunc
1102 2059 1224 2125 sciatur
1235 2068 1345 2124 utrum

240 2163 293 2228 hic
308 2163 462 2250 placitare
477 2163 618 2228 debeant
633 2164 686 2228 uel
702 2163 790 2249 apud
805 2163 1023 2228 Ailesburiam
1038 2171 1097 2229 ete.

182 2329 188 2342 ,
306 2267 446 2332 Thomas
461 2267 547 2331 filius
563 2266 704 2332 Simonis
718 2267 804 2352 petit
819 2289 931 2332 uersus
945 2267 1090 2330 Anonem
1104 2267 1145 2331 de
1158 2266 1347 2332 Hertfordia

240 2371 453 2436 medietatem
468 2371 568 2446 trium
583 2394 643 2436 scr.
659 2380 745 2436 terre
761 2379 795 2436 et
815 2371 915 2436 trium
933 2371 988 2436 sol.
1003 2370 1150 2435 redditus
1170 2394 1244 2436 cum
1265 2379 1345 2457 pert.

241 2477 277 2541 in
296 2476 533 2542 Rochemstede
549 2479 667 2563 quam⁸
686 2499 755 2541 esse
777 2475 1005 2540 racionabilem
1027 2483 1154 2561 partem
1176 2497 1268 2540 suem
1283 2497 1347 2561 quc

241 2603 319 2644 eum
343 2579 504 2666 contingit
525 2579 565 2644 dc
589 2579 771 2644 hereditate
795 2601 858 2665 que
882 2579 946 2642 fuit
970 2579 1131 2643 Hersente
1155 2579 1221 2644 filie
1243 2577 1347 2642 Alicie

241 2683 355 2748 metn's
369 2682 471 2768 ipsius
487 2681 610 2746 Thome
625 2681 659 2746 in
674 2681 788 2746 eadem
804 2681 890 2746 uille

307 2787 351 2850 Et
366 2787 434 2850 Azo
453 2785 547 2850 uenit
561 2793 596 2850 et
616 2785 696 2850 dicit
711 2784 797 2871 quod
816 2807 881 2848 non
896 2785 994 2849 debet
1016 2785 1047 2848 ei
1066 2782 1257 2869 respondere
1272 2783 1350 2868 quie

241 2889 407 2976 predictus
430 2890 570 2954 Thomas
592 2889 742 2954 uendidit
764 2899 799 2954 et
821 2889 969 2974 quietum
992 2887 1147 2952 clamauit
1169 2895 1276 2951 totum
1297 2887 1349 2952 ius

241 3003 277 3058 et
299 2993 452 3058 clomium
475 2993 561 3079 quod
582 2993 699 3058 habuit
722 2993 776 3058 uel
799 2993 918 3056 hebere
945 2991 1054 3077 potuit
1076 2991 1220 3076 predicto
1246 2991 1350 3054 Azoni

242 3106 277 3162 ct
299 3096 473 3162 heredibus
496 3097 563 3162 suis
584 3097 619 3161 in
643 3097 738 3162 terris
758 3096 911 3182 predictis
935 3105 994 3160 etc.
1018 3119 1076 3182 pro
1102 3095 1228 3160 duabus
1254 3117 1348 3160 marc

242 3209 278 3265 et
297 3199 374 3264 dim.
390 3199 552 3284 quarterio
570 3200 726 3264 frumenti
744 3208 779 3265 et
798 3198 937 3284 siliginis
956 3220 1015 3284 per
1036 3221 1158 3262 annum
1181 3197 1223 3262 ed
1246 3197 1350 3262 uitem

243 3303 347 3390 ipsius
362 3302 493 3368 Thome.

311 3406 355 3470 Et
377 3406 517 3471 Thomas
539 3406 632 3470 uenit
655 3415 689 3470 et
711 3405 875 3492 cognoscit
896 3413 1018 3470 certem
1043 3412 1078 3469 et
1100 3403 1351 3468 conuencionem

244 3518 296 3574 set
316 3509 397 3574 dicit
419 3509 505 3596 quod
527 3509 626 3574 nichil
647 3511 679 3575 ei
702 3510 844 3576 reddidit
866 3510 907 3575 de
931 3508 1071 3574 denariis
1094 3529 1153 3572 nec
1175 3507 1271 3573 blsdo
1295 3507 1352 3573 illo

279 3755 288 3788 ¹
306 3755 378 3804 Gerr.
390 3757 451 3818 qui,·
468 3769 497 3804 or
507 3753 619 3817 perhaps
633 3755 716 3804 words
731 3770 775 3805 ers
825 3753 919 3804 should
936 3753 968 3803 bo
983 3767 1114 3810 masuras,
1131 3751 1260 3814 respings,
1280 3765 1351 3813 resp-

246 3819 371 3878 omittam
394 3823 439 3882 qui
461 3827 544 3870 tcum
567 3827 706 3870 commenta
727 3835 773 3884 qus
825 3819 870 3882 ing
881 3819 997 3868 services

247 3888 335 3935 debent
346 3891 392 3934 cte.
857 3885 868 3917 ³
884 3883 955 3933 John
967 3884 994 3932 of
1004 3883 1113 3932 Burton.

279 3949 355 4000 ’Sos
365 3948 508 4000 Br.teoo.
544 3947 615 3998 John
627 3949 656 3998 of
670 3949 773 3998 Burton
857 3947 960 3998 ‘John
977 3948 1034 3996 lits
1053 3946 1171 4008 Goollrey
1187 3949 1284 3996 cenuot
1306 3959 1352 3994 sn·

247 4030 308 4076 says
324 4013 384 4063 thet
400 4013 433 4062 he
449 4028 503 4063 was
521 4013 648 4063 enfeoffed
670 4015 722 4063 ond
745 4029 774 4064 so
826 4029 889 4063 swer
907 4012 1017 4062 without
1038 4012 1083 4061 the
1105 4012 1175 4071 king.
1212 4013 1287 4060 Tenet
1310 4025 1353 4058 no·

245 4079 452 4129 holdsinfrsnk
463 4078 509 4135 les.
521 4079 597 4127 while
609 4078 684 4128 other
696 4078 773 4128 londs
825 4081 890 4128 mine
908 4080 999 4138 alieno,
1019 4078 1063 4126 Br.
1081 4077 1099 4126 f.
1117 4077 1173 4124 200.
1208 4073 1352 4136 Thsprivi-

247 4145 276 4194 in
298 4143 353 4192 this
374 4144 420 4191 vill
444 4141 538 4208 (which
559 4143 582 4192 is
604 4143 708 4193 ancient
732 4143 774 4192 de·
827 4143 937 4206 legssof
951 4140 1096 4191 tsnsntsin
1114 4140 1218 4190 ancient
1235 4139 1355 4188 demssns

248 4208 347 4272 mosne)
365 4223 410 4257 ore
427 4207 488 4257 held
504 4207 538 4270 by
554 4207 638 4257 divers
656 4209 773 4270 services,
827 4223 872 4259 ure
884 4207 929 4256 the
939 4206 1024 4269 king’s
1034 4205 1175 4269 privileges

247 4273 707 4388 tfftdstffltttlltllt
723 4273 777 4388 ”ll
827 4271 1114 4387 elhlttstll‘
1136 4269 1198 4332 my
1214 4269 1249 4318 n
1271 4267 1356 4318 ’Μ

249 4402 396 4466 implcoded
408 4405 436 4452 st
447 4402 590 4464 Ailosbury.
624 4403 660 4452 Ol
669 4353 776 4453 mirccr'
860 4402 871 4435 ⁶
889 4402 988 4464 supply
1000 4351 1102 4451 clanaei.

251 4469 264 4517 1
291 4483 340 4518 cun
368 4468 444 4518 make
468 4467 594 4529 nothing;
623 4468 733 4531 perhaps
756 4469 778 4518 it
