3276 5234
365 438 428 502 286
470 451 611 502 rerurrr
626 409 722 500 rann
737 449 811 499 nun
825 450 1028 500 mnnnnsnx
1044 452 1143 514 aren,
1159 453 1223 502 sn.
1238 439 1330 515 1229,
1345 438 1407 505 an
1421 440 1473 504 13.

363 644 438 688 cum
467 630 547 708 pert.
572 627 607 686 et
632 643 706 685 cum
730 619 944 686 aduccacione
968 643 1038 686 esse
1064 621 1116 687 ius
1143 622 1245 708 ipsius
1269 621 1414 700 Jordcni,
1437 629 1476 688 et

363 724 450 790 idem
465 726 628 792 Jordanus
641 747 699 813 pro
714 725 935 812 recognicione
949 725 1008 791 illa
1021 726 1113 792 dedit
1133 736 1168 792 et
1188 727 1345 794 concessit
1365 727 1474 794 eidem

364 830 532 896 Osmundo
547 831 603 915 iiij.
620 831 735 918 uirgat.
753 839 838 895 terre
853 853 928 895 cum
942 839 1023 917 pert.
1039 831 1080 896 de
1102 831 1215 898 eedem
1238 839 1325 898 terra
1343 855 1401 919 pro
1420 857 1474 898 xx.

363 932 419 997 sol.
435 933 605 998 annuatim
620 932 791 998 reddendis
812 941 847 998 et
866 933 1004 999 retinuit
1025 933 1087 998 sibi
1109 933 1355 1000 aduccacionem
1373 935 1475 1014 illam,

363 1041 398 1098 et
427 1033 590 1100 Jordcnus
614 1035 723 1100 tenuit
753 1042 857 1100 totam
887 1043 1007 1100 terrum
1035 1035 1126 1100 illam
1155 1037 1299 1123 exceptis
1328 1038 1392 1104 illis
1413 1039 1473 1124 iiij.

363 1139 499 1228 uirgatis
513 1163 588 1206 cum
604 1139 753 1205 omnibus
769 1147 849 1226 pert.
866 1139 933 1206 suis
948 1139 1077 1226 integro
1097 1147 1131 1204 et
1149 1141 1184 1206 in
1205 1163 1285 1227 pace
1306 1151 1340 1206 et
1359 1151 1476 1228 postea

362 1244 449 1310 idem
465 1245 488 1310 J
488 1244 627 1310 ordonus
642 1243 734 1308 dedit
750 1243 917 1308 ecclesiam
931 1243 1022 1309 illam
1037 1243 1098 1309 deo
1113 1252 1147 1308 et
1162 1245 1295 1311 ecclesie
1311 1246 1344 1312 S.
1355 1246 1379 1311 J
1379 1247 1474 1311 acobi

362 1350 403 1414 de
427 1349 461 1414 N
463 1349 676 1435 orhemptone
701 1357 736 1414 et
759 1347 920 1414 canonicis
944 1355 1004 1413 etc.
1028 1371 1087 1434 per
1109 1357 1231 1414 cartam
1255 1372 1347 1414 suam
1371 1372 1473 1436 quam

362 1454 483 1538 profert
498 1461 557 1520 etc.
568 1461 603 1517 et
617 1461 730 1538 postea
744 1452 835 1517 dedit
850 1460 971 1518 terram
985 1453 1165 1537 predictam
1177 1453 1299 1519 eisdem
1310 1455 1474 1520 canonicis

362 1578 436 1619 cum
461 1577 589 1641 corpore
618 1577 677 1619 suo
706 1553 793 1620 unde
822 1553 910 1618 idem
939 1555 1052 1620 Abbas
1075 1555 1161 1640 petit
1189 1556 1341 1622 saisinam
1367 1557 1473 1643 ipsius

363 1655 522 1721 Osmundi
536 1655 577 1720 de
592 1655 705 1721 eadem
720 1655 933 1722 aduocecione
949 1656 1033 1722 sicut
1048 1657 1089 1722 de
1105 1656 1188 1722 dono
1208 1657 1310 1744 ipsius
1324 1659 1348 1724 J
1348 1658 1471 1724 ordeni.

429 1759 473 1824 Et
494 1759 654 1824 Redulfus
682 1759 775 1824 uenit
804 1767 839 1824 et
868 1759 948 1824 dicit
977 1759 1064 1846 quod
1095 1767 1187 1824 tenet
1217 1769 1321 1824 totam
1350 1768 1472 1826 terram

362 1861 453 1926 illam
491 1884 566 1926 cum
603 1861 752 1927 omnibus
780 1869 861 1948 pert.
891 1861 959 1926 suis
988 1884 1086 1948 quarn
1115 1862 1280 1948 predictus
1307 1864 1473 1930 Jordanus

363 1965 473 2030 tenuit
502 1965 537 2030 in
573 1965 687 2030 eadem
722 1965 803 2030 uilla
831 1973 866 2031 et
894 1965 1020 2030 desicut
1049 1965 1137 2030 idem
1165 1967 1278 2031 Abbas
1307 1971 1474 2054 cognoscit

361 2068 510 2134 seisinam
537 2069 674 2156 predicti
701 2069 861 2136 Osmundi
886 2077 921 2134 et
944 2069 1071 2134 nullum
1097 2071 1219 2156 profert
1242 2072 1470 2159 cirographum

362 2171 403 2236 de
426 2171 570 2258 predicto
593 2173 658 2237 fine
679 2172 765 2258 petit
784 2173 949 2238 iudicium.
994 2173 1038 2238 Et
1060 2173 1220 2238 Badulfus
1242 2175 1388 2260 quesitus
1410 2198 1472 2261 per

361 2297 459 2361 quem
479 2283 514 2340 et
529 2298 592 2362 quo
611 2275 681 2340 iure
701 2275 787 2360 petit
804 2275 1052 2340 aduocecionem
1069 2277 1214 2362 predicte
1235 2279 1367 2343 ecclesie
1387 2278 1472 2344 dicit

361 2377 448 2464 quod
469 2401 528 2464 per
554 2379 659 2443 Eliam
683 2379 787 2443 filium
811 2386 846 2444 et
872 2378 1024 2444 heredem
1053 2379 1192 2465 predicti
1221 2381 1382 2446 Osmundi
1411 2405 1473 2468 per

361 2483 459 2546 finem
474 2483 628 2547 intereos
643 2483 765 2547 factum
780 2483 815 2548 in
830 2482 920 2548 curia
934 2482 1028 2548 Dom.
1044 2482 1144 2569 Regis
1165 2505 1223 2569 per
1242 2483 1470 2570 cirographum

361 2584 448 2670 quod
462 2586 583 2671 profert
598 2593 633 2650 et
644 2585 730 2672 quod
745 2593 887 2650 testatur
898 2585 984 2670 quod
999 2585 1086 2650 idem
1102 2585 1190 2650 Elias
1204 2587 1345 2651 remittit
1360 2596 1470 2654 totum

360 2686 412 2752 ius
434 2696 468 2752 et
490 2687 643 2752 clemium
658 2688 743 2774 quod
765 2687 882 2752 hebuit
903 2687 939 2753 in
960 2687 1109 2773 predicta,
1126 2697 1212 2754 terna
1229 2689 1271 2754 de
1289 2690 1472 2758 Kerletona

361 2792 505 2878 exceptis
534 2792 688 2879 predictis
716 2793 773 2878 iiij.
796 2792 914 2879 uirgat.
937 2800 1021 2858 terre
1049 2815 1124 2858 cum
1147 2802 1229 2882 pert.
1252 2801 1287 2858 et
1310 2795 1345 2859 in
1368 2795 1470 2861 aduo-

361 2897 489 2962 cacicne
512 2905 546 2963 et
568 2919 695 2983 semper
716 2897 801 2983 petit
822 2897 974 2962 seisinam
988 2897 1126 2982 predicti
1146 2899 1306 2964 Osmundi
1327 2907 1362 2964 et
1383 2899 1470 2964 bene

241 3055 243 3058 .
361 2999 507 3065 defendit
523 3000 609 3086 quod
627 2999 792 3086 predictus
812 2999 974 3065 Jordanus
988 3023 1156 3086 nunquam
1178 3000 1294 3066 habuit
1315 3001 1470 3066 seisinam

361 3103 402 3167 de
417 3103 563 3188 predicta
576 3103 788 3168 aduocacione
803 3102 852 3168 ita
866 3102 952 3188 quod
967 3102 1056 3168 illem
1071 3103 1169 3168 alicui
1182 3103 1259 3168 dare
1274 3113 1390 3190 posset.

384 3259 387 3266 .
426 3207 543 3271 Postea
557 3206 739 3271 concordati
754 3215 831 3270 sunt
845 3229 904 3292 per
918 3207 1086 3272 licenciam
1100 3207 1350 3274 iusticiariorum
1365 3217 1427 3275 etc.

236 3325 308 3388 345.
426 3309 537 3373 Alesia
557 3332 619 3395 que
643 3310 707 3374 fuit
732 3331 813 3374 uxor
835 3309 966 3374 Radulfi
991 3309 1032 3374 de
1056 3310 1216 3376 Grendale
1239 3313 1325 3398 petit
1353 3335 1469 3378 uersus

247 3419 304 3460 fine
361 3411 563 3477 Willelmum
584 3413 686 3478 Oasin
705 3412 839 3478 terciam
854 3421 981 3499 partem
1001 3413 1139 3478 duarum
1161 3415 1270 3482 bouet.
1285 3424 1369 3482 terre
1391 3439 1468 3482 cum

361 3522 442 3599 pert.
457 3515 492 3579 in
507 3514 651 3601 Clexeby
666 3522 704 3579 ut
719 3515 829 3580 dotem
844 3537 936 3581 suam
952 3515 1039 3582 unde
1054 3524 1113 3582 etc

426 3617 471 3682 Et
486 3617 670 3683 Willelmus
689 3619 783 3683 uenit
802 3627 837 3684 et
851 3619 931 3684 dicit
946 3619 1033 3706 quod
1052 3642 1117 3684 non
1137 3619 1235 3686 debet
1257 3620 1333 3686 inde
1355 3620 1467 3686 dotem

361 3719 480 3784 habere
502 3720 579 3806 quin
603 3721 767 3806 predictus
793 3721 953 3786 Radulfus
981 3721 1034 3786 die
1064 3745 1128 3808 quo
1156 3721 1293 3788 eandem
1322 3723 1467 3789 Alesiam

214 3799 338 3951 001Γ141041
361 3821 569 3908 desponsauit
589 3846 649 3888 nec
668 3847 824 3911 umquam
848 3833 961 3911 posteo
980 3825 1073 3890 fuit
1064 3848 1099 3890 rn
1117 3825 1235 3891 seisina
1257 3827 1299 3891 de
1320 3827 1469 3912 predicta

311 3921 448 3990 ueterra
472 3925 520 3990 ita
546 3924 632 4011 quod
661 3948 732 3990 eam
762 3926 837 3992 inde
866 3928 978 3993 dotare
1007 3935 1117 4014 posset
1145 3950 1204 3993 nec
1234 3928 1336 3994 eciam
1354 3930 1360 4014 Ι
1379 3928 1468 3994 filius

214 4015 226 4042 ⁰
214 3921 313 4090 ee'lile
331 4029 463 4137 ipsius
478 4029 608 4094 Radulfi
623 4029 748 4094 atinde
763 4031 857 4116 ponit
871 4054 905 4096 se
921 4053 1018 4117 super
1032 4031 1180 4117 petriam

200 4108 242 4137 Μ
427 4133 470 4198 Et
485 4133 595 4198 Alesia
608 4133 688 4198 dicit
703 4133 788 4219 quod
808 4156 922 4198 reuera
936 4135 988 4200 die
1003 4157 1068 4222 quo
1088 4157 1160 4200 eam
1179 4134 1387 4221 desponseuit
1401 4133 1467 4200 fuit

298 4235 429 4323 'ipsc
446 4236 576 4300 seisitus
595 4235 635 4301 de
655 4236 808 4323 predictis
828 4237 955 4302 duabus
969 4237 1096 4303 bouatis
1117 4247 1201 4304 terre
1221 4246 1271 4303 set
1291 4246 1370 4302 tunc
1391 4259 1465 4301 cern

198 4248 339 4417 ilici&
360 4340 488 4405 dotauit
511 4341 552 4406 de
574 4340 675 4406 tercia
695 4349 788 4427 parte
812 4341 916 4407 tocius
945 4352 1030 4408 terre
1056 4365 1154 4430 quem
1184 4352 1263 4408 tunc
1292 4342 1400 4407 tenuit
1430 4349 1466 4406 et

197 4423 325 4512 iiiffi'df
359 4443 400 4508 de
422 4443 522 4509 tercia
543 4451 634 4529 parte
656 4465 721 4530 que
743 4443 775 4508 ei
796 4443 939 4509 accidere
961 4453 1069 4531 posset
1092 4453 1127 4510 et
1150 4453 1262 4532 postea
1286 4445 1403 4510 eccidit
1389 4447 1466 4510 tei
