3360 5236
372 441 436 503 590
669 451 820 512 rmmrr,
843 451 907 500 nn.
934 437 1026 512 1233,
1049 451 1111 499 sn
1139 435 1186 502 17.

369 626 432 692 nisi
448 627 511 690 tris
531 647 633 712 perus
655 625 749 691 feoda
767 624 807 689 de
831 623 1031 711 Moretoign’,
1047 635 1081 689 et
1105 624 1266 690 dominice
1289 624 1419 689 Rioerdi
1440 624 1480 688 de

251 751 307 801 1112]
368 753 446 796 eom.
478 731 570 796 Ebor.
596 729 717 796 debent
742 732 846 795 fecere
865 729 870 816 Ι
890 729 1069 794 residuum·
1085 729 1128 794 sd
1151 728 1384 815 perficiendum
1410 729 1480 816 ple-

367 832 494 898 narium
506 831 636 898 feodum
647 831 687 898 de
703 834 762 898 hoo
777 831 864 918 quod
878 831 1022 918 pertinet
1035 831 1079 898 sd
1093 831 1224 897 feodum
1240 832 1280 897 de
1296 832 1478 920 Mortoing’.

367 937 485 1002 Postea
513 945 594 1024 aput
623 935 949 1001 westmonasterium
978 934 1021 1000 sd
1049 935 1227 1001 terminum
1264 936 1365 1002 istum
1400 937 1480 1023 quie

368 1040 532 1126 predictus
561 1039 718 1106 Ricardus
747 1039 910 1126 cognoscit
945 1037 1031 1125 quod
1066 1037 1166 1104 debet
1199 1039 1347 1126 predicta
1375 1037 1479 1117 feoda,

369 1141 617 1208 Considerstum
632 1142 781 1228 estquod
792 1163 912 1228 magns
922 1140 1203 1207 assissnonisoet.
1240 1143 1284 1207 Et
1293 1141 1480 1229 inquiretur

368 1267 426 1332 per
449 1245 503 1332 xij.
529 1245 570 1310 de
600 1268 678 1310 com
711 1245 805 1309 Ebor.
830 1243 860 1308 si
884 1243 1050 1330 predictus
1076 1243 1235 1309 Ricardus
1263 1243 1384 1309 debeat
1412 1243 1479 1308 duo

368 1347 461 1413 feode
474 1349 510 1413 in
524 1348 682 1426 comitutu
703 1347 760 1412 illo
779 1355 814 1412 ot
835 1355 985 1432 preterea
1004 1347 1254 1434 implementum
1275 1346 1363 1434 quod
1386 1347 1480 1412 deest

367 1451 409 1516 sd
431 1452 495 1518 trie
517 1451 610 1516 feoda
633 1473 733 1538 porus
754 1450 795 1516 de
822 1449 1014 1537 Moretoing'
1037 1451 1079 1516 sd
1108 1449 1243 1516 fseiend'
1266 1451 1330 1516 tris
1358 1471 1480 1539 magns

367 1555 484 1622 feods¹.
528 1555 608 1621 Dies
624 1556 720 1620 datus
735 1564 795 1622 ete.
811 1562 846 1620 et
860 1555 996 1621 uenient
1011 1555 1065 1642 xij.

433 1659 545 1724 Abbus
558 1658 599 1724 de
616 1658 847 1724 Mslmesburie
860 1659 1077 1724 summonitus
1089 1657 1206 1724 suited
1217 1657 1478 1746 respondendum

368 1761 514 1828 Gelfrido
540 1761 581 1827 de
605 1761 781 1828 Siffrewull’
804 1783 903 1848 quere
925 1761 1093 1850 distringit
1119 1785 1195 1828 enm
1221 1763 1263 1829 sd
1285 1763 1421 1829 ssciend'
1443 1765 1476 1829 ei

367 1865 504 1931 seruicia
518 1873 552 1930 et
566 1865 816 1930 consuetudines
831 1887 895 1952 que
910 1865 951 1931 de
965 1865 1036 1930 iure
1051 1866 1083 1930 ei
1098 1866 1201 1932 faeere
1225 1887 1288 1931 non
1303 1866 1403 1932 debet
1417 1887 1478 1931 neo

367 1969 449 2034 solet
464 1977 523 2035 eto.
539 1977 574 2034 et
589 1969 675 2034 uude
691 1969 839 2055 queritur
859 1968 945 2054 quod
965 1990 1039 2033 oum
1059 1968 1101 2033 de
1121 1991 1160 2033 eo
1181 1977 1293 2034 teneat
1308 1977 1477 2035 tenemen-

368 2083 440 2138 tum
469 2095 565 2138 suum
586 2073 622 2138 in
647 2074 766 2138 Auens
788 2081 823 2137 et
846 2094 911 2137 non
935 2070 1054 2138 debeat
1080 2095 1139 2160 per
1162 2095 1286 2138 annum
1309 2074 1372 2139 nisi
1395 2073 1478 2140 duas

367 2290 401 2345 et
415 2281 625 2368 prepositum,
639 2280 707 2366 ipse
728 2279 841 2344 Abbes
862 2278 1030 2366 distringit
1050 2301 1126 2344 eum
1146 2279 1189 2344 ed
1211 2279 1270 2344 fso'
1292 2289 1416 2346 sectum
1436 2281 1477 2346 de

366 2385 531 2471 quindena
551 2385 587 2450 in
609 2384 807 2471 quindenum
829 2405 888 2470 per
909 2383 964 2470 xij.
988 2383 1135 2450 homines
1157 2384 1304 2450 eiusdem
1327 2383 1415 2462 uille,
1442 2393 1478 2449 et

365 2489 452 2574 oepit
466 2489 578 2554 suerio.
592 2511 651 2554 sus
665 2497 700 2554 et
714 2489 842 2554 detinet
857 2511 897 2554 ea
911 2487 1013 2569 donec
1033 2489 1222 2567 morientur,
1237 2498 1272 2554 et
1291 2487 1327 2554 in
1347 2491 1479 2577 prisone

364 2586 515 2665 detinuit,
531 2596 566 2654 et
581 2587 668 2674 oepit
683 2587 830 2654 homines
844 2609 919 2652 suos
933 2595 968 2653 et
989 2587 1024 2652 in
1043 2587 1174 2674 prisone
1193 2588 1321 2654 detinet
1340 2597 1375 2654 et
1389 2588 1478 2654 uude

364 2692 444 2757 dicit
459 2693 545 2780 quod
565 2693 781 2778 inprisonsuit
802 2692 975 2779 quemdem
999 2693 1196 2758 Nioholsum
1216 2693 1322 2758 filium
1343 2693 1478 2759 Samuel

365 2805 399 2861 et
414 2796 448 2860 in
463 2797 592 2882 prisone
606 2795 751 2862 detinuit
766 2817 824 2882 per
839 2804 905 2860 tres
919 2795 989 2860 dies
1001 2803 1035 2860 et
1049 2817 1108 2881 per
1122 2803 1188 2860 tres
1199 2805 1311 2862 noctes
1325 2805 1360 2861 et
1375 2817 1479 2882 quen-

364 2900 440 2966 dem
455 2901 639 2966 Johannem
655 2899 926 2966 Molendinurium
942 2907 977 2963 et
997 2899 1104 2986 ipsum
1125 2897 1269 2964 detinuit
1289 2899 1325 2964 in
1347 2899 1479 2986 prisone

365 3025 423 3090 per
447 3027 549 3070 unum
575 3027 719 3070 mensem
745 3005 794 3069 ite
817 3003 904 3090 quod
927 3003 1015 3068 exire
1038 3024 1103 3066 non
1128 3003 1239 3087 potuit
1264 3001 1366 3068 donee
1394 3002 1475 3068 fecit

365 3106 463 3171 finem
485 3130 559 3172 cum
582 3130 620 3172 eo
643 3129 700 3193 pro
723 3107 823 3192 xxiiij.
847 3106 901 3170 sol.
947 3106 1035 3170 Item
1055 3104 1136 3169 dicit
1156 3103 1243 3190 quod
1260 3105 1478 3191 inprisonsuit

364 3210 527 3296 quendam
542 3211 744 3275 Willelmum
761 3210 890 3275 Kebbel
905 3209 989 3274 etin
1004 3208 1134 3295 prisone
1153 3207 1299 3273 detinuit
1319 3229 1378 3293 per
1396 3206 1479 3272 duos

365 3313 443 3391 dies,
457 3315 506 3379 ita
520 3314 606 3400 quod
624 3313 840 3378 deterioretus
860 3321 911 3378 est
931 3319 966 3376 et
986 3311 1166 3397 dampnum
1182 3309 1283 3375 hebet
1302 3310 1345 3376 sd
1365 3311 1478 3375 ualen-

365 3417 447 3482 ciam
464 3439 514 3482 xx.
529 3439 624 3482 mero.
639 3425 674 3482 et
689 3415 765 3482 inde
780 3416 930 3502 producit
943 3423 1075 3481 seotem.

430 3522 475 3586 Et
490 3521 602 3586 Abbss
615 3543 673 3608 per
688 3521 891 3586 Willelmum
912 3520 953 3586 de
974 3519 1142 3607 Trilleghs
1160 3527 1365 3585 ettornetnm
1379 3543 1477 3586 sunm

366 3649 423 3712 per
436 3627 536 3691 breue
552 3625 644 3691 Dom
662 3625 761 3710 Regis
775 3647 862 3690 nunc
876 3625 970 3690 uenit
981 3633 1016 3690 et
1027 3625 1173 3690 defendit
1188 3625 1258 3689 uim
1273 3633 1308 3690 et
1323 3625 1476 3690 iniurium

365 3741 400 3796 et
428 3731 509 3796 dicit
535 3730 621 3816 quod
646 3729 753 3816 ipsum
780 3728 963 3795 Gnlfiidum
990 3751 1056 3794 non
1082 3728 1250 3816 distringit
1279 3737 1331 3794 set
1360 3751 1477 3794 reuera

365 3835 533 3924 distringit
548 3835 710 3922 quendem
731 3834 809 3899 ten'¹
823 3835 911 3921 quod
931 3833 1091 3899 Riosrdus
1111 3833 1152 3898 de
1174 3832 1352 3898 Siffrewull'
1374 3833 1416 3899 de
1438 3855 1479 3900 eo

365 3947 458 4006 tenet
478 3961 536 4025 pro
558 3938 702 4003 seruieiis
724 3947 759 4003 et
781 3937 1154 4024 consuetudinibusque
1177 3938 1260 4002 tales
1279 3947 1366 4016 sunt,
1390 3938 1478 4025 quod

366 4043 452 4107 idem
468 4039 625 4106 Ricardus
640 4049 761 4105 sectam
777 4041 880 4106 facere
895 4040 994 4106 debet
1014 4039 1056 4105 ed
1079 4038 1258 4126 predictam
1279 4039 1401 4104 cunam
1420 4062 1480 4128 per

367 4146 420 4230 xij.
455 4144 603 4209 homines
632 4143 672 4208 de
703 4143 868 4230 quindena
897 4143 931 4208 in
963 4142 1162 4228 quindenam
1193 4151 1228 4207 et
1257 4151 1407 4228 preterea
1435 4145 1479 4224 sd

399 4351 481 4402 wne
502 4350 655 4402 distinction
678 4351 792 4401 between
814 4353 894 4415 seoda
945 4350 1169 4448 nepteoflments.

367 4416 893 4545 titisriidd‘ii‘siimtsmidhiii
1003 4416 1393 4478 ⁰⁰“'⁹'‘⁰‘¹‘¹“'”“”‘’'“'‘²“²”'
