3314 5238
314 435 376 498 504
522 439 756 502 urcssnnuss,
778 439 842 490 sn.
867 425 961 498 1231,
983 435 1046 487 nn.
1071 423 1210 487 15-16.

315 641 379 704 quo
394 615 558 704 predictus
573 615 644 678 Rex
664 611 695 677 J.
712 609 803 676 dedit
825 607 1006 672 manerium
1029 606 1111 672 illud
1134 607 1278 692 predicto
1300 581 1423 670 Abbati

317 718 394 784 fecit
419 715 581 804 predictas
610 721 714 778 sectas
739 710 781 776 ed
806 709 929 773 curiam
959 707 1000 771 de
1026 707 1220 772 Ferendune
1248 705 1426 772 secundum

319 819 405 906 quod
425 817 608 904 predictum
631 823 681 879 est
706 821 740 878 et
764 812 792 877 si
816 833 943 897 semper
965 809 1170 896 postmodum
1193 817 1314 874 sectam
1336 808 1425 873 illam

320 923 397 988 fecit
418 943 521 1006 usque
544 919 586 983 sd
609 926 674 981 tres
696 937 797 980 annos
817 913 963 1000 proximo
978 912 1157 999 preteritos,
1172 921 1207 976 et
1221 911 1372 977 similiter
1385 909 1427 974 ed

320 1023 611 1112 recognoscendum
635 1041 732 1106 super
753 1024 991 1082 sacramentum
1011 1037 1106 1080 suum
1128 1037 1208 1101 ques
1222 1023 1326 1079 sectas
1340 1013 1427 1077 idem

323 1130 517 1206 Lambertus
545 1134 625 1190 tuuc
655 1123 731 1188 fecit
761 1131 795 1186 et
826 1129 939 1208 posteo
973 1141 1100 1205 semper
1128 1118 1170 1184 ed
1198 1119 1275 1184 dim.
1305 1141 1427 1183 annum

323 1233 468 1322 proximo
483 1231 675 1318 preteritum
687 1229 705 1293 ¹.

387 1335 555 1401 Johennes
583 1332 670 1396 filius
700 1329 830 1394 Ricardi
861 1329 945 1414 petit
975 1351 1088 1392 uersus
1117 1329 1296 1393 Robertum
1323 1328 1429 1393 filium

324 1439 462 1506 Walteri
491 1438 531 1502 de
562 1433 796 1502 Iselhamstede
832 1433 907 1497 dim.
939 1433 1020 1520 uirg.
1052 1442 1136 1498 terre
1173 1457 1246 1498 curn
1284 1441 1365 1518 pert.
1395 1421 1430 1496 in'

324 1539 559 1608 iselhemstede
574 1547 613 1603 ut
628 1539 680 1602 ius
694 1559 790 1602 suum
805 1545 864 1602 etc.

390 1645 434 1708 Et
449 1643 611 1708 Robertus
626 1640 719 1705 uenit
734 1648 769 1704 et
783 1639 863 1704 dicit
878 1640 965 1725 quod
985 1663 1050 1704 non
1070 1641 1168 1706 debet
1189 1642 1219 1706 ei
1239 1639 1431 1727 respondere

326 1772 385 1814 nee
400 1755 507 1834 potest
527 1755 647 1810 terram
669 1743 759 1808 illem
782 1744 899 1808 lucrari
920 1745 974 1808 uel
997 1744 1130 1830 perdere
1153 1745 1230 1830 quia
1251 1768 1315 1809 non
1340 1753 1432 1809 tenet

326 1861 446 1916 terrem
469 1849 559 1914 illem
581 1847 644 1912 nisi
665 1847 707 1912 sd
727 1846 904 1910 terminum
919 1846 960 1912 de
975 1869 1060 1911 enno
1075 1847 1108 1911 in
1123 1870 1245 1912 annum
1260 1847 1302 1912 ed
1317 1849 1432 1912 uolun-

329 1963 431 2020 tatem
447 1953 583 2018 Roberti
598 1951 675 2018 Coei
687 1960 721 2016 et
735 1951 904 2015 Matillidis
919 1951 1028 2016 uxoris
1043 1951 1113 2016 eius
1124 1961 1158 2016 et
1172 1951 1303 2017 Mebilie
1319 1951 1433 2016 sororis

328 2059 429 2146 ipsius
452 2055 622 2121 Matillidis
644 2077 708 2140 que
730 2063 896 2140 presentes
918 2061 996 2118 sunt
1016 2063 1050 2118 et
1065 2053 1125 2119 hoc
1139 2063 1344 2141 cognoscunt.
1390 2055 1434 2118 Et

328 2165 350 2228 J
352 2163 494 2227 ohannes
513 2182 578 2225 non
598 2159 707 2245 potuit
722 2157 782 2223 hoc
797 2158 944 2222 dedicere
960 2167 994 2222 et
1009 2158 1082 2223 ideo
1097 2159 1259 2224 Robertus
1273 2158 1350 2224 inde
1365 2159 1434 2223 sine

329 2265 382 2329 die
398 2273 432 2328 et
446 2263 468 2328 J
470 2262 612 2327 ohannes
627 2260 661 2324 in
677 2260 900 2324 misericordie„
922 2258 927 2346 Ι

396 2365 553 2430 Ricardus
575 2363 695 2449 Pipsrd
714 2362 922 2426 ethechiatus
937 2363 1000 2426 fuit
1015 2362 1056 2427 ad
1071 2363 1329 2448 respondendum
1345 2365 1436 2428 Hen-

237 2529 251 2567 ,ί
269 2479 276 2492 “
331 2471 395 2535 rico
417 2467 537 2555 Piperd
558 2466 599 2532 de
621 2465 741 2552 placito
763 2466 850 2552 quod
866 2466 1089 2530 warentizsret
1109 2466 1140 2530 ei
1161 2467 1294 2531 terciam
1309 2475 1436 2552 partem

230 2603 276 2631 ron
332 2573 417 2638 feodi
433 2573 458 2658 j
474 2571 588 2635 militis
608 2593 683 2634 cum
703 2569 835 2656 pertin
850 2569 1061 2634 Lechefordia
1075 2569 1109 2634 in
1124 2593 1204 2635 com.
1220 2571 1323 2636 Oxou.
1338 2593 1437 2656 quam

332 2684 425 2743 tenet
440 2675 529 2740 etde
544 2697 583 2739 eo
598 2683 709 2739 tenere
729 2675 849 2740 clamet
869 2681 904 2737 et
923 2673 1010 2737 unde
1032 2681 1155 2738 certem
1177 2675 1297 2761 Rogeri
1319 2675 1439 2761 Pipnrd

332 2781 388 2847 aui
409 2779 512 2866 ipsius
534 2779 664 2843 Ricardi
684 2778 777 2843 cuius
797 2777 889 2842 hcres
907 2777 976 2864 ipse
992 2786 1042 2842 est
1057 2778 1157 2843 hebet
1172 2787 1210 2844 ut
1224 2779 1305 2844 dicit
1320 2789 1390 2856 etc,
1405 2789 1440 2844 et

333 2884 420 2950 unde
435 2883 583 2970 queritur
602 2882 688 2968 quod
709 2905 783 2946 cum
807 2891 916 2947 tencre
939 2883 1058 2948 debeat
1080 2892 1187 2948 totum
1212 2891 1438 2949 tenementum

334 3009 429 3051 suurn
446 2987 480 3050 in
496 2985 706 3050 Lechefordie
720 2985 761 3048 de
776 3007 814 3048 eo
830 3007 888 3070 per
902 2985 1074 3051 seruicium
1097 2987 1211 3051 tercii¹
1230 2988 1333 3073 partis
1355 2987 1440 3053 feodi

330 3092 355 3176 j.
375 3090 490 3154 militis
507 3111 564 3174 pro
587 3088 675 3151 omni
698 3088 842 3164 seruieio,
863 3089 1023 3154 Redulfirs
1046 3089 1132 3154 filius
1156 3090 1308 3155 Nicholai
1333 3099 1441 3156 eustos

336 3204 420 3259 terre
433 3203 466 3258 et
482 3192 610 3257 heredis
618 3191 776 3256 Willelmi
791 3192 910 3278 Pipard
925 3193 1072 3279 capitalis
1087 3193 1225 3259 domini⁸
1239 3217 1297 3280 pro
1311 3195 1441 3260 defectu

336 3298 437 3384 ipsius
459 3295 590 3361 Ricardi
611 3295 778 3382 distringit
801 3319 876 3360 eum
900 3320 957 3383 pro
977 3297 1113 3362 seruicio
1127 3297 1255 3363 dimidii
1270 3299 1392 3378 militis,
1407 3307 1443 3363 et

336 3409 484 3486 preteree
504 3422 562 3485 pro
584 3399 705 3464 releuio
720 3401 738 3463 l.
756 3401 809 3465 sol.
828 3401 914 3486 quod
929 3401 1015 3466 idem
1032 3401 1191 3467 Ricardus
1210 3402 1287 3467 dere
1309 3402 1443 3468 deberet

335 3503 377 3567 de
392 3511 496 3567 morte
512 3501 680 3567 Michaelis
695 3503 796 3588 patris
811 3503 871 3581 sui,
886 3513 921 3567 et
936 3513 1084 3590 preterea
1105 3505 1273 3592 distringit
1291 3527 1365 3570 eum
1384 3529 1443 3591 pro

337 3606 492 3691 scutagiis
513 3605 599 3670 ultra
621 3606 804 3692 scutagium
827 3607 914 3693 quod
935 3609 1118 3694 ipsedebet
1134 3610 1294 3695 usquead
1309 3610 1372 3696 xvj.
1388 3611 1443 3675 sol.

338 3709 395 3795 iiij.
410 3708 482 3774 den.
498 3708 584 3772 unde
599 3708 813 3774 deterioratos
828 3719 877 3775 est
893 3719 952 3776 etc.
970 3721 1003 3776 et
1018 3712 1094 3778 inde
1109 3713 1259 3798 producit
1273 3722 1404 3780 scetem.

404 3813 448 3876 Et
462 3811 620 3876 Ricardus
635 3811 727 3876 uenit
743 3821 777 3876 et
788 3815 951 3900 cognoscit
966 3815 1052 3901 quod
1068 3816 1214 3902 Rogerus
1229 3817 1348 3904 Piperd
1361 3839 1445 3883 auus

373 4007 381 4037 ¹
399 4004 450 4053 For
467 4003 512 4052 the
529 4003 615 4066 sequel
636 4018 678 4053 see
695 4003 750 4055 MS.
770 4005 787 4056 f.
810 4006 865 4056 106.
917 4007 961 4056 the
970 4006 1120 4056 Provisions
1128 4008 1157 4056 oi
1163 4007 1409 4060 westminsterArt
1421 4011 1444 4066 1,

340 4069 396 4119 The
406 4069 524 4118 exection
537 4071 566 4116 of
580 4068 633 4118 suit
649 4069 677 4118 of
692 4073 766 4118 court
783 4085 866 4120 seems
917 4072 969 4121 and
987 4073 1054 4122 Stet.
1072 4071 1164 4121 Merlb.
1181 4087 1238 4136 esp.
1256 4076 1280 4132 9,
1298 4073 1382 4123 which
1400 4075 1446 4124 ber

341 4141 369 4185 to
380 4135 445 4183 hove
457 4133 520 4183 been
532 4133 650 4194 grievous
660 4137 689 4183 to
700 4134 745 4184 the
762 4135 867 4185 emoller
917 4137 983 4185 stele
993 4137 1094 4186 claime.

340 4199 511 4250 lendowners.
544 4197 865 4262 MatthewParis(v01.5,
950 4201 1029 4250 ’Βία

341 4281 366 4327 p.
378 4265 436 4328 545)
448 4262 595 4313 esoribesto
606 4278 655 4312 one
666 4264 695 4312 of
710 4262 755 4312 the
765 4263 862 4327 judaee,
949 4266 1043 4316 ³Nots
1065 4266 1119 4316 this
1141 4267 1352 4317 subinseudetion
1375 4267 1403 4317 in
1429 4285 1445 4318 s

343 4329 456 4378 Willinm
467 4329 495 4376 or
505 4328 581 4386 Your,
591 4327 649 4377 who
661 4327 765 4378 become
774 4329 866 4392 bishop
917 4331 1016 4394 family.
1052 4331 1106 4382 The
1134 4333 1243 4394 Piperds
1270 4332 1348 4382 stand
1374 4333 1446 4384 three

341 4396 370 4443 of
386 4393 557 4454 Selisbury,e
574 4392 734 4454 nowsengled
751 4393 804 4443 end
820 4410 865 4456 op·
914 4396 986 4458 deep.

342 4458 454 4522 pressive
465 4458 521 4507 rulo
532 4457 612 4507 about
624 4457 677 4507 this
687 4461 789 4508 mutter.
820 4460 866 4510 See
