3196 5226
298 465 429 514 sitini
450 465 524 512 nun
547 464 682 525 maren,
705 464 769 512 sn.
795 451 887 526 1220,
909 464 971 514 nn.
996 451 1023 514 4.
1172 451 1212 518 97

128 635 242 712 debent,
268 634 307 700 de
344 634 446 698 libero
478 641 667 698 tenemento
696 655 754 698 suo
784 634 869 720 quod
899 634 939 698 de
969 655 1007 699 eo
1037 643 1151 699 tenent
1179 636 1214 699 in

128 739 271 825 Wrongle,
285 737 372 802 unde
393 736 480 802 idem
499 737 610 800 Abbas
629 737 715 822 petit
734 758 847 801 uersus
866 736 1030 801 Simonem
1050 736 1214 801 redditum

127 839 234 903 insol.
252 837 291 902 de
309 837 422 902 decem
444 835 573 901 bonatis
593 845 677 900 terre
697 844 732 902 et
754 836 795 900 de
815 836 939 924 reregio
961 835 1072 901 decem
1093 836 1162 902 libr.
1182 845 1215 901 et

128 963 226 1006 uersus
245 940 424 1004 Henricum
448 940 501 1024 xij.
526 939 597 1004 den.
621 939 767 1004 redditus
789 940 830 1004 de
853 940 885 1025 ij.
912 939 1040 1004 bouatis
1066 948 1159 1018 terre,
1182 951 1216 1004 et

127 1067 226 1110 uersus
242 1044 415 1108 Ricardum
441 1044 494 1129 xij.
514 1042 584 1108 den
606 1042 647 1107 de
663 1043 686 1128 j
708 1043 838 1121 bouata,
864 1051 898 1108 et
922 1066 1034 1108 uersus
1058 1043 1215 1130 Magnum

127 1147 210 1232 xxxij.
226 1147 330 1211 denar.
353 1147 483 1212 seruicii
500 1145 541 1211 de
559 1146 664 1210 tribus
684 1146 814 1212 bonatis
836 1155 920 1211 terre
943 1155 1002 1212 etc
1023 1146 1109 1212 unde
1128 1147 1214 1212 idem

127 1249 223 1316 Abbes
250 1249 398 1335 queritur
427 1249 513 1335 quod
541 1247 604 1334 ipsi
633 1249 987 1327 Henrious,Riea1dus
1016 1257 1050 1314 et
1076 1250 1215 1337 Magnus

127 1355 230 1420 iniuste
265 1355 472 1420 deuenerunt
507 1354 654 1418 homines
691 1353 792 1439 ipsius
825 1353 967 1418 Simonis
995 1353 1036 1418 de
1066 1355 1215 1418 omnibus

127 1459 261 1546 predictis
284 1458 481 1524 tenementis
504 1479 610 1522 coram
632 1456 818 1521 iusticisriis
842 1457 960 1521 ultimo
985 1457 1216 1523 itinerantibus

126 1561 199 1648 apud
231 1561 434 1626 Lincolniam
467 1559 536 1624 sine
572 1559 632 1624 hoc
661 1558 748 1645 quod
776 1559 864 1624 idem
901 1559 1012 1624 Abbas
1049 1583 1215 1646 nunquam

127 1673 242 1732 uocatus
265 1675 353 1731 esset
382 1665 424 1730 ad
448 1673 636 1740 warantum,
660 1664 745 1728 siout
774 1664 829 1728 ille
860 1663 917 1749 qui
946 1665 1010 1729 fuit
1036 1663 1070 1730 in
1099 1665 1217 1730 seisina

125 1769 197 1834 illius
218 1769 348 1834 semicii
372 1792 412 1832 ex
436 1769 519 1834 dono
541 1767 643 1854 petris
664 1766 802 1853 predicti
826 1767 968 1834 Simonis
991 1777 1026 1832 et
1047 1769 1124 1835 inde
1145 1792 1216 1855 pro-

126 1871 201 1938 ducit
214 1881 338 1937 sectam
353 1871 577 1936 sufficientem.
875 1915 879 1924 .

179 1973 219 2038 Et
242 1973 358 2038 Simon
387 1973 480 2038 uenit
509 1981 543 2036 et
573 1970 764 2057 dicitquod
792 1971 893 2036 habet
916 1972 1024 2058 plures
1054 1981 1154 2039 terres
1183 1975 1218 2038 in

126 2076 272 2164 Wrengle,
287 2085 323 2140 et
340 2075 427 2161 petit
447 2075 487 2140 de
508 2082 695 2140 tenemento
715 2073 823 2139 uisum
844 2073 930 2139 unde
945 2075 1031 2161 petit
1045 2076 1216 2141 seminium

126 2179 339 2265 dehabeat}

179 2284 219 2348 Et
234 2284 409 2360 Henricns,
423 2281 580 2348 Ricardus
595 2290 629 2346 et
648 2282 786 2368 Magnus
808 2281 946 2346 ueniunt
969 2291 1003 2346 et
1023 2292 1218 2370 cognoscunt

125 2387 197 2474 quod
210 2387 299 2452 idem
316 2387 430 2452 Simon
444 2386 650 2472 inplacitauit
665 2409 718 2452 eos
732 2409 792 2472 per
804 2386 904 2451 breue
920 2386 960 2452 de
975 2396 1063 2452 recto
1078 2387 1113 2453 in
1130 2389 1221 2453 curia

126 2490 248 2557 Comitis
270 2489 460 2555 Brittannis
488 2497 522 2553 et
547 2498 660 2575 postea
682 2489 716 2553 in
741 2489 899 2554 comitatu
929 2499 963 2554 et
991 2497 1105 2576 postea
1132 2491 1220 2576 apud

126 2593 439 2660 westmonasterium
469 2599 504 2658 et
532 2601 612 2658 tuno
647 2593 751 2678 posite
781 2593 915 2658 fuerunt
952 2595 1078 2682 loquele
1114 2619 1219 2662 coram

126 2697 297 2762 iusticiariis
325 2696 415 2782 apud
444 2696 653 2773 Lincolniam,
679 2705 714 2762 et
744 2705 823 2762 tunc
847 2697 925 2784 quia
952 2721 1017 2762 non
1043 2707 1220 2785 potuerunt

128 2798 229 2865 hebere
250 2800 425 2866 consilium
447 2799 488 2864 de
511 2799 741 2884 respondendo,
756 2808 934 2885 posuerunt
956 2823 989 2864 se
1012 2800 1046 2865 in
1068 2823 1219 2888 magnam

128 2904 242 2969 assisam
256 2927 374 2970 uersus
389 2905 496 2990 ipsum
512 2904 676 2968 Simonem
692 2912 727 2967 et
742 2903 873 2968 tandem
892 2904 1074 2970 concordati
1089 2907 1221 2970 fuerunt

129 3005 167 3072 ita
184 3009 264 3094 quod
285 3015 546 3094 recognouerunt
568 3017 669 3073 terras
691 3009 763 3074 illes
784 3031 853 3074 esse
875 3008 927 3073 ius
948 3009 1050 3094 ipsius
1072 3009 1222 3088 Simonis,

130 3111 229 3198 etipse
245 3113 362 3178 Simon
379 3110 535 3176 concessit
550 3111 597 3176 eis
615 3121 725 3176 tenere
745 3110 786 3176 de
809 3133 848 3175 eo
868 3119 903 3176 et
922 3111 1005 3176 bene
1025 3121 1221 3198 cognoscunt

131 3214 201 3299 qnod
224 3221 406 3278 tenuerunt
434 3212 475 3278 de
504 3212 634 3278 Abbate
664 3213 749 3278 sicut
778 3212 961 3298 predictum
991 3221 1050 3291 est,
1075 3222 1110 3278 et
1136 3213 1222 3300 quod

131 3318 200 3382 male
217 3327 250 3383 et
264 3319 371 3382 stulte
387 3317 531 3380 fecerunt
547 3325 581 3381 et
596 3325 722 3402 ponunt
737 3339 771 3381 se
787 3317 821 3381 in
835 3317 1084 3383 misericordiam
1100 3319 1223 3384 domini

131 3421 215 3508 Regis
228 3431 286 3488 etc.

184 3525 224 3590 Et
242 3525 322 3611 quia
344 3523 419 3588 finis
441 3524 545 3588 fectus
568 3524 630 3588 fuit
652 3525 738 3590 inter
761 3525 926 3590 Simonem
949 3533 983 3589 et
1005 3525 1174 3611 predictos,
1188 3532 1224 3590 et

131 3625 193 3692 finis
209 3651 271 3692 non
286 3635 399 3714 potest
419 3625 531 3692 defien'
551 3627 619 3692 sine
643 3627 784 3704 Simone,
800 3627 1045 3693 Consideratum
1067 3635 1117 3692 est
1137 3627 1223 3716 qnod
1237 3651 1358 3700 noeque

132 3728 229 3795 Simon
242 3737 491 3796 summoneatur
504 3729 590 3816 quod
605 3729 648 3794 sit
663 3729 704 3794 ad
718 3730 900 3816 predictum
920 3733 1095 3796 terminum
1117 3741 1223 3796 osten·
1237 3699 1390 3833 ffifflgn

130 3833 258 3909 surus,si
281 3832 362 3919 quid
386 3833 505 3896 clamat
527 3833 562 3896 in
584 3832 720 3897 seruicio
741 3831 958 3918 predictorum
973 3834 1014 3898 de
1037 3841 1225 3898 tenemento
1252 3805 1263 3834 ⁰
1304 3803 1360 3832 um

131 3935 205 4020 quod
220 3935 395 4022 aliquando
416 3943 593 4000 tenuerunt
614 3935 655 4000 de
670 3935 802 4000 Abbate
824 3935 865 4000 de
880 3936 1067 4002 Wautham.
1082 3945 1117 4001 et
1139 3937 1225 4002 unde

132 4037 195 4104 finis
218 4041 323 4106 fuctus
346 4039 410 4105 fuit
435 4041 598 4105 intereos
621 4063 726 4105 coram
749 4039 934 4105 iusticiariis
957 4049 1015 4106 ete.
1061 4041 1105 4105 Et
1128 4063 1149 4106 a
1173 4041 1227 4106 die

133 4143 239 4212 stou
254 4145 290 4212 in
305 4155 372 4210 tres
386 4145 583 4233 septimanas
603 4145 695 4210 uenit
717 4143 829 4210 Simon
848 4151 884 4208 et
902 4143 1054 4230 cognouit
1074 4143 1227 4230 quicquid

132 4249 257 4334 predicti
274 4251 439 4340 Henrieus
456 4249 613 4316 Ricardus
633 4257 667 4315 et
688 4250 827 4336 Magnus
847 4257 1073 4335 cognouerant,
1089 4256 1123 4312 et
1141 4247 1227 4334 quod

134 4351 344 4440 cirographum
367 4353 444 4418 inde
466 4353 587 4420 factum
611 4353 681 4416 fuit.
727 4352 771 4417 Et
793 4373 894 4437 quum
917 4351 1003 4415 idem
1027 4350 1140 4415 Simon
1162 4373 1226 4414 non

134 4455 241 4522 comat
267 4467 379 4521 tenere
404 4456 444 4520 de
467 4456 536 4541 ipso
560 4456 687 4519 Abbeto
713 4462 748 4518 et
773 4453 800 4518 si
826 4453 899 4518 finis
923 4453 1087 4538 predictus
1116 4461 1226 4527 staret,

211 4592 242 4640 n.
1119 4575 1138 4638 7
