3308 5226
395 439 461 516 tos
626 434 861 516 mcmmms,
883 451 949 504 ιι.
972 438 1066 515 1224,
1088 451 1151 503 ιιι
1175 438 1267 503 8-9.

389 635 459 703 tuit
474 655 554 701 uxor
573 629 723 700 Gsufridi
741 631 822 698 duas
841 631 949 698 boust
966 637 1050 696 terre
1065 629 1099 694 in
1115 629 1262 694 Burtons
1275 651 1349 694 eum
1364 637 1442 716 pert
1455 639 1491 694 ut

395 741 447 806 ius
466 761 562 804 suum
577 744 638 802 etc.
681 735 726 802 Et
741 734 918 800 Petmnills
931 755 990 820 per
1003 740 1205 798 sttomstum
1220 755 1317 798 suum
1331 733 1423 796 uenit
1436 740 1492 798 etc.

395 851 431 909 et
444 841 525 908 dicit
539 839 625 928 quod
639 837 726 904 idem
739 837 840 903 breue
856 835 1000 924 loquitur
1012 835 1054 902 de
1068 835 1199 901 redditu
1213 837 1319 923 xxxvj.
1334 837 1389 902 sol
1404 845 1438 902 et
1455 836 1493 900 de

396 945 487 1010 nulla
501 953 587 1010 terra
601 950 636 1008 et
650 964 716 1006 non
730 940 805 1005 uult
819 939 851 1005 ei
865 939 907 1005 sd
922 939 982 1005 hoc
996 939 1096 1005 breue
1116 939 1309 1026 respondere
1329 939 1392 1005 nisi
1412 939 1496 1004 curis

395 1045 646 1116 considemuerit
660 1045 787 1110 desicut
806 1051 935 1130 separat
949 1042 990 1109 de
1005 1043 1107 1110 breui.
1152 1043 1196 1108 Et
1211 1043 1387 1113 (laufridus
1405 1065 1498 1130 super

396 1154 456 1218 hoc
481 1149 644 1239 cognoscit
669 1157 704 1216 et
727 1147 801 1214 ideo
826 1147 1004 1213 Petronills
1026 1147 1095 1214 sins
1121 1147 1175 1213 dis
1205 1157 1240 1214 et
1270 1147 1444 1215 Gsufridus
1464 1149 1496 1212 in

396 1255 620 1322 misericordia„

341 1405 349 1422 .
461 1356 630 1423 ¹Warinus
644 1355 686 1420 de
705 1353 972 1421 Denchelwrthe'
993 1355 1114 1440 optulit
1136 1377 1171 1420 se
1193 1378 1307 1421 uersus
1328 1355 1499 1421 Radulfum

280 1467 355 1498 Μ
395 1457 436 1525 de
465 1459 555 1524 Aure
584 1457 642 1544 qui
670 1479 704 1522 se
730 1455 907 1522 essoniauit
934 1455 977 1521 ds
1006 1457 1091 1522 malo
1121 1457 1198 1524 lecti
1222 1481 1337 1524 uersus
1363 1481 1437 1523 eum
1460 1457 1498 1522 de

394 1561 514 1650 placito
529 1571 614 1627 terre
633 1561 669 1626 in
688 1560 847 1626 comitatu
862 1560 1008 1626 Bsresire
1024 1569 1083 1626 ets
1100 1569 1135 1626 et
1150 1561 1312 1626 Radulfus
1326 1583 1392 1626 non
1411 1562 1499 1626 uenit

395 1675 455 1733 stc.
481 1673 532 1731 set
561 1665 721 1730 Radulfus
749 1663 791 1730 de
821 1664 948 1750 Tomny
973 1672 1008 1729 et
1031 1665 1181 1752 Pagsnus
1206 1666 1247 1731 de
1274 1667 1446 1731 Waletons
1467 1674 1500 1730 et
1626 1673 1627 1702 ι

395 1769 578 1834 Willelmus
600 1767 641 1833 de
664 1767 787 1832 Fstons
806 1773 872 1831 tms
892 1767 1014 1832 milites
1035 1767 1077 1832 ad
1099 1790 1175 1832 eum
1197 1769 1289 1834 missi
1310 1769 1448 1834 ueniunt
1468 1779 1500 1832 et
1626 1799 1627 1838 ι

394 1871 509 1938 dieunt
533 1869 620 1957 quod
645 1868 839 1934 multociens
864 1868 912 1934 ibi
935 1870 1068 1935 luerunt
1097 1881 1132 1935 et
1161 1872 1248 1958 quod
1273 1872 1437 1938 Jordsnus
1460 1871 1499 1937 de

353 2049 359 2060 ,
396 1973 529 2060 Auney⁸
550 1979 686 2058 quastus
707 1970 801 2036 miles
822 1993 990 2056 nunquam
1011 1971 1106 2036 uenit
1126 1981 1186 2038 etc.
1206 1981 1241 2038 et
1260 1995 1321 2060 per
1342 1974 1500 2039 defectum
1626 2011 1627 2016 κ

396 2077 467 2142 eius
499 2075 627 2141 nullum
661 2075 769 2139 uisum
803 2075 950 2140 fecerunt
979 2083 1039 2141 eto„
1068 2084 1104 2140 et
1132 2076 1206 2142 ideo
1235 2087 1427 2165 preceptum
1455 2087 1502 2144 sst

396 2179 580 2246 uicecomiti
602 2178 688 2266 quod
710 2178 830 2243 habeat
851 2199 967 2264 corpus
988 2177 1134 2244 eiusdem
1153 2180 1290 2246 Jordani
1310 2183 1347 2246 in
1367 2183 1502 2246 crastino

396 2287 431 2354 S.
454 2285 533 2354 Hill.
560 2281 648 2370 apud
676 2283 766 2348 Aure
791 2281 834 2348 sd
863 2282 1063 2348 fsmiendum‘
1091 2283 1188 2349 simul
1217 2307 1294 2351 eum
1316 2287 1381 2351 illis
1402 2287 1503 2351 tribus
1626 2285 1627 2298 ³

396 2389 565 2466 militibus,
580 2397 614 2453 et
628 2389 754 2454 dietum
769 2395 820 2452 est
839 2386 961 2452 eisdem
981 2378 1143 2452 militibiis
1163 2389 1250 2476 quod
1271 2400 1352 2455 tunc
1375 2390 1440 2455 sint
1459 2391 1503 2454 ibi

396 2503 457 2561 etc.
472 2501 506 2558 et
521 2492 607 2580 quod
622 2491 801 2557 uieeoomss
815 2490 936 2557 habeat
950 2512 1065 2576 corpus
1085 2482 1232 2556 eiusdem
1255 2493 1280 2558 J
1281 2493 1396 2560 ordani
1417 2495 1501 2580 apud

395 2595 721 2662 Westmonasterium
743 2617 764 2658 a
784 2593 837 2658 die
861 2593 892 2659 S.
912 2593 991 2658 Hill.
1015 2593 1050 2658 in
1072 2601 1138 2658 tres
1160 2595 1367 2681 septimanas
1411 2597 1501 2663 Idem

395 2701 465 2766 dies
484 2701 581 2766 datus
600 2709 651 2767 est
669 2699 824 2787 predictis
844 2697 949 2764 tribus
963 2699 1125 2764 militibus
1139 2699 1174 2764 in
1188 2699 1291 2766 banoo
1306 2709 1343 2768 et
1357 2701 1503 2766 similiter

397 2806 529 2872 Warino
544 2813 603 2871 etc„

340 2973 347 2989 ‚
459 2907 661 2974 ‘Alexander
675 2906 716 2973 de
737 2906 945 2986 Lauemtoke‚
959 2907 1144 2973 Willelmus
1157 2907 1199 2973 de
1215 2908 1348 2986 Fstons,
1363 2909 1451 2974 Elias
1464 2909 1502 2974 de

397 3013 589 3100 Mapertons
612 3018 648 3076 et
672 3009 856 3074 Willelmus
881 3008 922 3074 de
944 3009 1090 3076 Aultons
1114 3009 1171 3096 iiij.
1198 3010 1322 3076 milites
1347 3011 1436 3078 missi
1463 3011 1501 3076 sd

398 3115 569 3180 Murielem
589 3113 630 3179 de
651 3112 797 3180 (laundel
817 3133 881 3198 que
901 3133 935 3176 se
951 3111 1129 3177 essoniauit
1143 3111 1185 3178 de
1199 3115 1286 3178 malo
1301 3115 1380 3180 lecti
1393 3137 1501 3180 uemus

395 3217 561 3282 Abbstem
575 3216 616 3281 de
632 3213 844 3281 Shimburnia
862 3213 903 3278 de
923 3213 1043 3300 placito
1064 3221 1149 3278 terre
1172 3215 1315 3281 ueniunt
1339 3225 1373 3282 et
1392 3215 1500 3282 dicunt

396 3320 482 3406 quod
497 3343 570 3386 eam
584 3319 738 3385 uiderunt
757 3317 792 3383 in
812 3317 881 3382 die⁶
895 3317 927 3384 S.
944 3317 1031 3383 Luce
1051 3319 1267 3406 Evangeliste
1287 3330 1350 3387 ets
1367 3331 1400 3386 et
1419 3320 1500 3406 quod

395 3424 568 3490 infirmitas
591 3446 652 3490 sus
672 3445 737 3488 non
759 3423 824 3488 fuit
846 3423 983 3510 languor
1007 3431 1043 3489 et
1067 3424 1153 3510 quod
1178 3424 1341 3490 dederunt
1365 3427 1396 3492 ei
1416 3410 1498 3490 diem

395 3527 573 3594 secundum
598 3527 732 3594 breue'
723 3550 758 3592 m
780 3527 934 3593 erastino'
960 3528 992 3594 S
1017 3527 1151 3593 Martini
1172 3529 1263 3616 apud
1286 3529 1501 3597 Wsstmoms-

360 3633 525 3759 terium,
539 3633 624 3698 sicut
637 3631 679 3698 de
694 3633 779 3698 malo
795 3641 984 3699 transeunts
999 3633 1071 3698 etti·

275 3702 380 3815 924
461 3734 635 3800 'Rimrdus
663 3733 704 3799 de
730 3735 905 3800 Dunuar'¹⁰
928 3744 962 3800 et
985 3737 1097 3823 Agnes
1119 3759 1200 3801 uxor
1224 3737 1295 3802 eius
1321 3737 1502 3804 Gilebertus

295 3849 347 3890 ⁰⁸¹2
397 3839 572 3906 Passelewe
594 3847 629 3903 et
649 3837 746 3904 sans
764 3861 845 3904 uxor
864 3840 935 3904 eius
954 3841 1145 3905 summoniti
1164 3841 1298 3907 fuerunt
1317 3841 1360 3907 ad
1374 3863 1498 3927 respon-

291 3954 362 4008 s
396 3943 540 4010 dendum
555 3943 700 4008 Waltero
714 3941 755 4007 de
770 3943 911 4009 Besebm
926 3952 961 4008 et
972 3943 995 4010 J
996 3943 1122 4010 ohanne
1137 3945 1230 4010 uxori
1244 3945 1315 4010 eius
1329 3943 1369 4010 ds
1384 3944 1499 4031 placito

397 4048 483 4135 quod
498 4047 618 4113 faciant
632 4045 679 4111 eis
693 4045 943 4112 consuetudines
958 4055 993 4112 et
1007 4056 1096 4114 recta
1110 4049 1247 4116 seruicia
1261 4072 1324 4136 que
1339 4050 1387 4116 eis
1399 4049 1499 4114 facere

495 4215 550 4268 ¹A.
565 4231 601 4266 m.
614 4217 660 4276 263
678 4216 708 4266 B.
720 4231 756 4267 m.
770 4215 832 4268 ltd.
1038 4215 1050 4251 ⁸
1069 4219 1125 4270 Oet.
1140 4220 1180 4269 18.

494 4281 506 4312 ¹
520 4283 743 4344 Dumteewurtte,
754 4282 785 4332 B.
1039 4283 1050 4317 ⁷
1066 4285 1131 4334 Nov.
1144 4286 1184 4334 12.

494 4345 617 4405 ’Alam
628 4347 659 4396 Β.
1039 4347 1214 4410 ⁸Ssebe10ve,
1226 4349 1291 4402 Osse
1301 4351 1357 4403 927.

495 4412 506 4442 ⁴
523 4411 623 4475 Supply
633 4414 724 4472 uisum,
735 4413 765 4470 Δ,
778 4412 809 4461 Β.
1039 4413 1050 4449 ⁸
1066 4415 1096 4463 A.
1108 4429 1144 4464 m.
1155 4416 1201 4477 263
1218 4415 1249 4465 B.
1260 4431 1295 4466 m.
1309 4415 1372 4468 1511.

495 4476 505 4508 ⁸
522 4477 550 4526 Α.
566 4491 601 4524 m.
613 4477 658 4536 265
675 4476 706 4526 B.
717 4491 751 4527 m.
766 4479 796 4526 15
805 4476 829 4529 d.
1040 4479 1060 4510 ¹⁰
1077 4481 1214 4538 Damam,
1226 4480 1257 4530 B.
