3212 5230
322 445 564 509 mennatum,
585 447 651 496 nn.
677 431 770 506 1230,
792 447 855 496 aa.
881 432 1015 494 14-15.
1161 429 1225 492 359

183 615 225 682 Et
239 616 409 682 Robertua
425 617 519 682 uenit
533 625 568 682 et
582 617 662 682 dicit
677 616 763 704 quod
784 623 904 681 terram
924 615 1013 680 illam
1035 621 1226 681 assartatam

126 729 208 784 tenet
221 721 291 806 ipse
307 721 349 786 de
365 721 454 786 dono
470 721 600 786 Ricardi
615 721 655 786 de
671 721 808 786 Hiltona
827 719 936 785 fratris
955 719 1006 784 sui
1026 741 1085 806 per
1104 727 1225 784 cartam

124 846 207 889 suam
221 846 285 910 que
301 824 364 889 hoc
380 833 526 890 testatur
540 833 575 890 et
589 824 665 889 inde
681 833 775 890 uocat
794 823 836 888 ad
851 833 1030 889 warantum
1051 823 1225 888 Ricardum
1237 823 1356 919 ᾕῡῗιξ,
1317 821 1360 862 '¹⁰¹¹

124 926 218 992 filium
236 935 271 992 et
257 927 447 993 theredem
464 927 601 1014 predicti
616 927 746 992 Ricardi
761 927 818 1013 qui
832 937 882 992 est
897 927 981 992 infra
995 935 1116 992 etatem
1137 935 1171 992 et
1190 927 1280 1004 in¹1⁰
1238 918 1376 1012 mmm.

123 1031 259 1098 custodia
280 1031 428 1098 Comitis
451 1032 584 1100 Cestrie.
630 1033 673 1098 Et
693 1032 851 1098 attornati
872 1031 1009 1099 Comitis
1029 972 1364 1119 cognoscunt‘iellli'i

123 1135 200 1222 quod
221 1135 392 1222 predictus
413 1136 571 1202 Ricardus
590 1143 641 1201 eat
659 1135 744 1201 infra
764 1143 887 1201 etatem
907 1143 942 1200 et
964 1134 1037 1200 ideo
1057 1134 1179 1200 inde
1155 1157 1276 1200 smero
1238 1106 1373 1248 ffiriupuff

123 1235 283 1321 diemque
298 1235 345 1300 ad
361 1243 497 1300 etatem
518 1233 524 1322 Ι

40 1355 87 1418 450
180 1339 388 1405 ¹Willelmua
415 1339 457 1404 de
487 1338 651 1426 Ohiptona
678 1338 855 1404 cesoniator
882 1338 1041 1404 Johannia
1067 1337 1226 1404 Walenais
1281 1362 1348 1450 pau]

124 1444 271 1509 attornati
300 1444 468 1510 Willelmi
497 1443 527 1510 le
558 1444 709 1532 Sauuage
739 1443 860 1530 optulit
881 1465 915 1508 ae
937 1443 1016 1530 iiij.
1039 1443 1092 1509 die
1114 1466 1226 1508 uersus

125 1547 278 1634 Rogerurn
308 1548 353 1613 de
379 1548 665 1614 Wimberuillaet
695 1547 905 1613 Eustachium
931 1570 1064 1613 uxorem
1089 1547 1159 1612 eius
1184 1547 1225 1612 de

126 1653 234 1738 placito
247 1651 365 1718 dimid
382 1653 462 1718 hide
477 1661 561 1718 terre
576 1675 651 1718 eum
666 1662 747 1739 pert.
762 1651 798 1717 in
814 1653 1009 1718 Sumertona
1023 1660 1081 1718 etc

182 1758 223 1822 Et
247 1759 405 1846 Rogerus
429 1767 464 1823 et
490 1757 666 1824 Eustochio
688 1780 754 1822 non
776 1764 939 1822 uenerunt
960 1755 1018 1822 ue’
1039 1756 1143 1843 primo
1166 1778 1226 1821 nec
1239 1763 1389 1861 {ffbfflffi

127 1862 256 1927 secundo
294 1863 353 1928 die
393 1885 454 1927 uec
490 1861 590 1926 tercio
620 1869 670 1926 set
699 1869 815 1948 quarto
844 1859 898 1925 die
928 1861 1110 1947 comparuit
1138 1857 1367 1946 idemwfflpp„

128 1965 263 2053 Rogatus
277 1966 391 2053 primo
409 1965 486 2030 lieet
507 1965 616 2052 sepius
635 1965 792 2030 clamatus
812 1973 897 2030 emet
918 1965 1033 2030 diebus
1054 1965 1225 2051 preceden-
1239 1905 1390 2040 ffilllllm

128 2069 215 2145 tibus,
228 2069 319 2136 unde
347 2069 524 2135 essoniator
541 2068 627 2156 petit
645 2067 802 2133 iudicium
822 2067 863 2134 de
884 2067 1006 2134 defalta
1024 2077 1059 2134 et
1082 2069 1292 2180 Rogemso
1240 2045 1390 2168 ”lwylli‘r'f'

128 2171 217 2236 nichil
245 2173 398 2238 ostendit
427 2171 514 2258 quod
543 2169 757 2257 impediretur
792 2193 851 2236 nec
887 2169 1029 2258 aliquam
1062 2139 1308 2258 pretenditur..

130 2277 369 2344 excusacionem
383 2300 444 2342 nec
459 2276 616 2342 defaltum
631 2298 743 2342 sanare
758 2283 874 2362 potest.
913 2276 957 2340 Et
968 2275 1040 2342 ideo
1052 2277 1228 2342 eaaouiator

130 2378 189 2446 sine
202 2380 255 2446 die
270 2390 307 2446 et
325 2381 499 2469 Rogema
489 2404 525 2446 m
539 2379 764 2445 misericordia

60 2483 91 2542 '·
184 2486 389 2552 ‘Ebur-ardus
403 2485 579 2550 Aurifaber
593 2494 628 2550 et
642 2485 786 2550 Ieabella
799 2507 882 2550 uxor
896 2484 966 2550 eius
980 2493 1100 2571 petunt
1114 2507 1227 2550 uersus
1284 2489 1347 2530 ιιι

132 2589 328 2658 Gilebcrtum
352 2591 458 2656 lilium
489 2591 648 2657 Gileberti
677 2599 816 2678 quatuor
837 2613 897 2656 aer.
928 2599 1013 2656 terre
1042 2613 1117 2655 curn
1146 2598 1227 2676 pert.

131 2693 327 2762 inTotham
358 2705 398 2760 ut
426 2695 478 2760 ius
506 2695 609 2782 ipsius
638 2695 776 2760 Isabelle
806 2704 841 2760 et
869 2695 904 2760 in
927 2718 1006 2781 quaa
1035 2717 1100 2760 nou
1129 2694 1229 2760 habet

132 2796 302 2885 ingressum
331 2799 395 2864 nisi
417 2822 476 2887 per
498 2799 702 2866 Gilebertum
725 2809 852 2886 patrem
874 2822 970 2864 suum
991 2799 1045 2864 cui
1066 2799 1230 2887 predictus

133 2901 307 2970 Eborordus
330 2903 404 2969 illan
426 2902 564 2969 tradidit
585 2903 628 2968 ad
649 2903 826 2969 terminum
849 2903 906 2991 qui
932 2903 1080 2990 preteriit
1106 2911 1164 2970 etc
1195 2913 1230 2970 et

133 3007 208 3092 quod
222 3017 349 3074 terram
364 3007 455 3073 illam
470 3007 519 3072 ita
533 3007 564 3072 ei
579 3007 714 3072 tradidit
728 3007 878 3095 producit
892 3015 1014 3073 sectam
1029 3016 1088 3074 etc

187 3112 230 3177 Et
256 3113 451 3179 Gilebertus
474 3112 567 3177 uenit
592 3121 627 3176 et
653 3112 800 3178 defendit
823 3113 875 3178 ius
900 3113 1043 3200 ipsorum
1070 3121 1105 3178 et
1130 3114 1229 3178 telem

133 3214 307 3303 ingrem
323 3225 357 3282 et
372 3217 453 3282 dicit
468 3216 555 3303 quod
569 3215 670 3282 habet
692 3225 811 3282 terram
831 3217 921 3282 illam
940 3218 976 3282 in
991 3217 1083 3282 feodo
1097 3217 1181 3283 sicut
1196 3218 1231 3284 in

134 3321 326 3387 escambium
341 3317 510 3384 cuiusdam
526 3327 611 3384 terre
625 3341 724 3405 quam
740 3319 926 3386 Gilebertue
939 3329 1034 3407 pater
1047 3343 1125 3386 suus
1139 3320 1231 3386 dedit

135 3423 244 3490 eisdem
258 3423 426 3490 Eborardo
437 3431 472 3488 et
483 3423 622 3488 Isabclle
634 3433 741 3510 etque
754 3433 841 3490 terra
852 3425 915 3490 fuit
929 3427 970 3492 de
986 3426 1078 3492 feodo
1094 3425 1231 3492 Comitis

135 3525 281 3596 Dauidis⁸
296 3529 362 3594 scil.
378 3527 549 3594 cuiusdam
564 3528 675 3595 fossati
689 3529 730 3594 de
752 3552 816 3616 quo
837 3530 955 3596 fossato
974 3531 1231 3596 emolumentum

135 3630 162 3717 ij.
175 3633 218 3698 sol
232 3632 389 3720 prouenit
403 3631 541 3720 singulis
560 3632 660 3698 annia
706 3633 750 3698 Et
772 3633 959 3700 Gilebertue
979 3643 1074 3722 pater
1094 3634 1232 3722 predicti

136 3733 287 3803 Gileberti
301 3757 432 3822 presens
447 3743 498 3801 eet
512 3743 547 3800 et
561 3735 642 3801 dicit
656 3735 743 3823 quod
760 3737 925 3823 predictus
945 3739 1062 3806 Comes
1076 3741 1232 3806 fossatum

137 3836 208 3906 illud
231 3839 266 3905 ei
291 3838 391 3905 dedit.
437 3839 482 3904 Et
512 3839 697 3905 Gilebertus
726 3848 821 3928 pater
848 3841 1023 3929 requisitus
1052 3843 1081 3909 si
1109 3853 1231 3910 cartam

137 3940 249 4012 habeat
271 3944 312 4011 de
332 3943 478 4032 predicto
493 3943 620 4012 Comite
635 3945 690 4010 uel
704 3945 794 4011 eliud
813 3947 1055 4014 munimentum
1069 3971 1128 4036 per
1147 3949 1233 4036 quod

138 4045 279 4115 leuatus
293 4048 358 4114 suit
372 4048 454 4114 dicit
468 4047 555 4135 quod
569 4069 642 4114 nou.

192 4153 237 4218 Et
267 4151 452 4218 Eborardue
474 4160 510 4218 et
533 4153 673 4244 Icabella
696 4153 810 4220 dieunt
836 4155 923 4243 quod
952 4157 1080 4222 nullum
1109 4156 1234 4223 habent

164 4287 173 4322 ²
186 4289 230 4339 Br.
242 4287 261 4338 ι.
272 4289 323 4339 422
332 4286 443 4348 b‚holda
454 4287 513 4339 that
522 4303 556 4340 an
567 4289 655 4341 iniant
738 4289 750 4323 ι
767 4289 814 4342 See
824 4291 868 4342 Br.
881 4291 899 4342 ι.
915 4293 971 4346 387.

137 4359 198 4406 nnat
208 4357 344 4406 ιιιιιιίιιιιι
356 4353 594 4419 matheum.
739 4355 844 4407 Ι’Δ.ιιι.
857 4359 897 4407 10.

164 4420 215 4473 ’L
228 4436 264 4471 ιιι.
276 4420 328 4473 ιιι.
740 4421 752 4454 ⁸
767 4421 831 4472 Earl
841 4421 871 4473 ol
879 4423 1062 4487 Hnutingdon,
1074 4423 1115 4475 ob.
1129 4427 1200 4478 lara.

164 4487 173 4519 ⁸
187 4487 256 4540 ιιοπ.
267 4503 321 4550 m,
334 4486 367 4536 Δ.
