3260 5218
357 379 399 444 68
588 389 823 452 monimum,
844 391 909 441 nn.
934 377 1027 452 1219,
1050 389 1113 440 nn
1137 379 1231 442 3-4.

356 563 408 628 sui
436 571 510 650 post
536 587 611 630 eum
635 565 777 630 habeant
800 573 834 630 et
856 573 991 630 teneant
1013 565 1196 652 predictum
1219 565 1403 630 manerium
1431 562 1481 628 de

357 671 444 735 Eure
467 670 550 736 bene
573 669 664 734 etin
685 691 764 755 pace
786 677 845 735 etc.
869 691 943 734 cum
966 668 1141 734 donacione
1164 669 1296 734 ecclesie
1318 668 1481 734 eiusdem

357 773 493 838 manerii
522 781 557 838 et
586 795 660 838 cum
690 773 840 838 omnibus
869 771 1079 858 pertinenciis
1107 773 1174 838 suis
1200 780 1235 838 et
1257 772 1291 836 in
1313 771 1480 837 omnibus

357 872 453 937 rebus
469 881 503 936 et
517 873 660 960 sigillato
674 881 724 938 est
739 881 828 938 corta
842 872 982 938 secundo
996 872 1104 959 sigillo
1118 871 1219 958 Regis
1233 872 1388 937 Ricardi¹.

422 979 467 1044 Et
477 979 643 1045 «Iohannes
657 1001 716 1066 per
729 985 931 1044 attornstum
947 1000 1042 1042 suum
1058 977 1138 1042 dicit
1153 977 1319 1064 quod'non
1333 976 1480 1042 uidetur

358 1083 389 1148 ei
404 1083 489 1170 quod
510 1092 599 1150 corte
619 1084 676 1148 illa
690 1083 720 1148 ei
735 1078 854 1148 debeat
868 1105 991 1162 nocere,
1007 1082 1085 1169 quis
1099 1083 1288 1169 priusquam
1302 1081 1478 1146 Robertus

358 1186 444 1252 filius
470 1186 590 1274 Bogeri
611 1186 728 1252 habuit
749 1185 901 1250 seisinam
923 1185 964 1250 de
985 1185 1131 1272 predicto
1152 1185 1296 1250 monerio
1318 1206 1358 1249 ex
1381 1184 1478 1248 dono

357 1289 480 1354 domini
509 1290 617 1377 Regis,
640 1290 704 1354 fuit
728 1289 890 1354 Rcbertus
912 1288 952 1354 de
975 1289 1143 1354 Bumhem
1165 1289 1222 1374 qui
1243 1288 1361 1352 ultimo
1384 1287 1477 1352 obiit

357 1415 493 1478 persono
521 1393 557 1457 in
585 1393 719 1458 ecelesia
747 1392 812 1470 ills,
842 1393 1001 1458 admissus
1030 1392 1073 1457 ad
1102 1393 1269 1457 ecclesiam
1298 1392 1389 1456 illem
1426 1391 1476 1456 ed

357 1495 631 1579 presentscionem
647 1495 744 1559 Riolfi
759 1495 799 1559 de
816 1494 948 1560 Serrsn'¹
963 1495 1020 1581 qui
1041 1503 1160 1559 terram
1181 1495 1270 1559 illem
1292 1495 1409 1560 habuit
1426 1518 1473 1559 ex

358 1597 442 1662 dono
456 1598 555 1684 Regis
570 1598 618 1662 ita
632 1598 718 1684 quod
733 1597 862 1684 quando
876 1598 1039 1662 Robertus
1054 1597 1171 1662 hebuit
1185 1598 1366 1663 manerium
1381 1599 1472 1664 illud

358 1695 422 1760 fuit
451 1697 612 1778 Robertus
637 1720 774 1783 persone
795 1706 829 1762 et
851 1697 936 1762 uixit
958 1720 1061 1784 usque
1083 1705 1156 1783 post
1178 1698 1305 1762 obitum
1325 1699 1473 1784 predicti

194 1815 338 1903 ffigufflt
358 1798 493 1863 Roberti
512 1799 561 1864 ite
584 1799 670 1885 quod
691 1799 778 1863 idem
800 1799 963 1864 Robertus
984 1821 1152 1885 nunquam
1174 1799 1291 1864 habuit
1312 1800 1470 1866 seisinsm

193 1876 314 1950 *duis-⁰¹4
357 1903 398 1968 de
418 1903 630 1970 aduocatione
653 1904 784 1969 ecclesie
806 1904 894 1970 illius
916 1904 1003 1969 unde
1025 1904 1158 1969 uidetur
1179 1905 1211 1970 ei
1233 1905 1320 1992 quod
1341 1905 1469 1970 donum

194 1967 242 1996 nem
253 1967 295 1996 non
305 1956 345 1996 fult

193 2003 317 2046 'flm’'
357 2029 453 2070 suum
468 2029 532 2071 non
547 2006 645 2071 debet
661 2007 692 2071 ei
706 2029 828 2072 nocere.

423 2110 467 2174 Et
492 2109 604 2175 Abbas
629 2111 790 2197 cognoscit
820 2110 903 2175 bene
930 2109 1016 2196 quod
1045 2110 1209 2196 predictus
1239 2110 1365 2176 Riolfus
1391 2133 1468 2197 pre-

356 2214 500 2279 senteuit
522 2214 701 2279 Robertum
724 2215 809 2279 sieut
829 2214 1013 2300 predictum
1034 2221 1084 2278 est
1104 2221 1139 2278 et
1153 2213 1241 2299 quod
1259 2221 1373 2299 postes
1387 2214 1469 2279 fecit

356 2319 443 2382 idem
473 2319 635 2383 Robertus
661 2319 692 2383 ei
714 2319 836 2383 donum
858 2318 948 2383 illud
994 2319 1038 2382 Et
1059 2317 1132 2382 ideo
1155 2317 1392 2384 consideratum
1415 2327 1469 2384 est

357 2423 443 2509 quod
458 2421 557 2487 assisa
571 2430 737 2487 remaneat
752 2430 787 2487 et
801 2421 865 2508 ipsi
879 2421 1022 2486 habeant
1037 2421 1194 2486 iudicium
1210 2422 1328 2488 suum‘.

291 2577 297 2592 .
420 2527 529 2592 ³Prior
553 2528 689 2592 fratrum
714 2527 883 2614 hospitalis
909 2528 1091 2592 Jerusalem
1115 2527 1149 2591 in
1179 2527 1301 2615 Anglia
1325 2549 1384 2613 per
1413 2537 1466 2592 nt-

357 2639 522 2695 tornatum
537 2653 633 2696 suum
655 2631 740 2718 petit
762 2655 875 2697 uersus
898 2631 1005 2697 Adam
1027 2632 1067 2697 de
1091 2633 1254 2698 Bereuilla
1275 2635 1408 2698 fratrem
1430 2642 1466 2698 et

357 2735 509 2800 heredem
532 2735 663 2801 Ricerdi
692 2737 733 2802 de
760 2737 924 2802 Bereuille
949 2761 1051 2802 unum
1078 2738 1301 2804 molendinum
1325 2747 1360 2803 et
1382 2739 1465 2803 duas

357 2837 501 2926 uirgatae
527 2846 612 2904 terre
636 2861 710 2904 cum
732 2839 942 2926 pertinenciis
964 2839 999 2904 in
1021 2841 1206 2926 Thurneby,
1231 2841 1266 2905 in
1288 2863 1351 2927 que
1374 2841 1464 2906 idem

356 2940 463 3006 Adam
487 2963 552 3006 non
577 2941 678 3006 hebet
704 2941 884 3030 ingressum
907 2943 971 3008 nisi
993 2965 1051 3029 per
1072 2944 1254 3030 predictum
1284 2944 1463 3010 Ricardum

356 3045 413 3130 qui
436 3045 558 3111 iniuste
587 3055 622 3112 et
644 3046 713 3112 sine
735 3046 856 3111 iudicio
881 3057 954 3134 post
980 3048 1134 3113 ultimum
1165 3049 1308 3114 reditum
1339 3048 1465 3113 domini

355 3149 516 3214 Johannis
545 3150 646 3235 Regis
675 3149 716 3215 de
740 3150 902 3215 Hibernia
930 3149 965 3215 in
990 3151 1153 3239 Angliam‚
1179 3151 1357 3217 disseisiuit
1386 3152 1464 3218 inde

356 3253 539 3338 predictum
569 3253 713 3319 Priorem
743 3254 792 3320 its
822 3255 908 3341 quod
937 3256 1037 3321 assisa
1066 3279 1150 3321 noue
1181 3257 1348 3322 disseisine
1386 3258 1464 3323 inde

356 3358 555 3422 summonite
584 3358 648 3423 fuit
674 3380 782 3424 coram
812 3358 999 3425 iustician'is
1025 3361 1143 3425 ultimo
1168 3360 1399 3427 itinerantibus
1428 3363 1464 3428 in

356 3462 503 3549 pertibus
517 3461 582 3527 illis
596 3463 683 3527 inter
697 3463 879 3548 predictum
895 3463 1071 3529 Ricardum
1090 3474 1125 3530 et
1140 3465 1247 3551 ipsum
1268 3465 1411 3531 Priorem
1428 3475 1463 3532 et

356 3563 411 3650 qui
432 3563 590 3628 Ricardus
611 3563 694 3628 obiit
716 3572 792 3629 ante
816 3565 1001 3650 capcionem
1025 3566 1170 3631 eiusdem
1192 3567 1290 3632 assise
1312 3576 1352 3632 ut
1374 3568 1463 3633 idem

356 3668 447 3733 Prior
460 3667 547 3733 dicit.

388 3813 527 3863 ¹Richsrd
542 3813 595 3863 hod
610 3827 692 3862 aneu
704 3813 758 3864 seul
769 3813 843 3864 mode
855 3815 882 3864 in
934 3815 956 3865 if
970 3831 1019 3866 one
1034 3816 1083 3866 hes
1097 3820 1144 3867 not
1159 3815 1211 3866 hed
1227 3816 1346 3866 seisinof
1363 3815 1461 3868 thend-

357 3880 436 3938 1194;
457 3893 498 3927 see
513 3878 638 3928 Hovcden
651 3878 700 3944 (cd.
713 3879 879 3944 Stubbs)vot
933 3895 1036 3931 vowson
1054 3883 1086 3944 by
1103 3881 1251 3944 presenting
1268 3897 1285 3932 s
1300 3882 1379 3932 olerk.
1414 3884 1462 3936 Sec

356 3947 380 4002 ὃ,
392 3959 416 4006 ρ.
431 3945 495 4001 eth
518 3943 578 3992 fecit
595 3943 644 3992 sibi
659 3957 754 3992 novum
769 3943 883 4006 sigillum
934 3945 952 3996 f.
965 3947 1028 4006 5412,
1041 3946 1059 3997 f.
1072 3949 1129 3997 246.

355 4009 420 4067 fieri,
432 4011 458 4057 ο(
469 4007 602 4057 mandavit
612 4022 658 4070 per
669 4007 786 4070 singulm
801 4013 883 4059 terres
966 4011 977 4044 ⁴
993 4011 1092 4073 Agives
1101 4025 1134 4060 en
1144 4011 1329 4074 odiournment
1336 4011 1389 4061 and
1398 4011 1461 4062 then

268 4089 272 4096 ·
356 4089 425 4135 sues,
445 4072 514 4135 quod
533 4071 703 4148 nihilretum
720 4075 793 4134 foret,
813 4075 883 4136 quod
933 4075 1460 4189 [linpostscript)judgrnentforthenbbot.

356 4139 440 4188 fueret
450 4152 496 4199 per
507 4139 580 4187 vetus
591 4137 705 4199 srgrllum
717 4151 802 4188 suum.
956 4141 998 4190 hrs
1014 4155 1067 4190 was
1083 4145 1130 4191 not
1146 4141 1236 4204 copied
1252 4146 1310 4191 into
1326 4141 1372 4191 the
1389 4147 1461 4194 noto

388 4203 523 4260 (ὄπωπε,
535 4202 564 4251 Β.
933 4205 999 4255 book
1020 4205 1130 4256 because
1148 4206 1194 4256 the
1210 4207 1338 4270 marginal
1358 4208 1462 4272 scoring

388 4268 527 4317 ⁸Brsoton
544 4266 572 4316 in
590 4269 641 4316 two
658 4265 779 4318 differunt
795 4267 882 4330 places
932 4270 977 4320 did
988 4274 1036 4320 not
1046 4286 1078 4333 go
1089 4271 1161 4332 quite
1172 4285 1203 4321 ss
1214 4272 1261 4324 fur.

355 4333 419 4383 cites
435 4346 515 4394 many
531 4345 604 4382 enses
620 4333 648 4383 (ο
663 4346 742 4395 prove
758 4332 817 4384 thot
832 4349 883 4385 one
964 4335 976 4368 ⁸
992 4337 1023 4385 Δ.
1035 4350 1071 4386 m.
1084 4337 1152 4396 20d;
1174 4337 1204 4387 B.
1219 4351 1255 4388 m.
1270 4336 1310 4386 15.

355 4401 452 4449 cannot
468 4397 612 4460 eflectunlly
622 4395 679 4459 give
695 4411 730 4447 sn
745 4397 882 4449 cdvowson
