3360 5236
349 428 412 492 586
646 440 797 502 rsnurr,
820 439 884 490 an.
911 427 1003 500 1233,
1027 440 1088 489 nn.
1114 423 1161 492 17.

347 613 594 700 appellauerunt
623 611 665 678 ad
703 612 883 678 Officialem
921 612 1072 699 Episcopi
1111 612 1353 680 londoniensis.
1413 613 1458 680 Et

348 719 498 782 Decanus
513 718 633 802 profert
648 717 774 782 litteras
790 716 945 782 Officialis
956 717 1049 782 Dom
1063 717 1214 804 Episcopi
1226 718 1460 784 Londoniensis

347 821 434 907 quod
448 821 505 907 ips’
522 820 794 886 excommunica'¹.
840 821 884 886 Et
905 821 984 908 quia
1005 844 1070 886 non
1092 830 1227 908 possunt
1249 821 1396 888 dedicere
1419 846 1460 888 ea

347 947 410 1011 que
436 924 483 988 eis
509 924 636 989 obiecta
662 933 740 988 sunt
762 923 988 989 custodiantur
1009 933 1044 989 et
1065 925 1186 990 faciant
1208 947 1242 989 se
1267 926 1400 1004 absolui,
1423 935 1460 991 et

347 1029 439 1093 Prior
459 1036 494 1092 et
516 1028 650 1094 Judices
672 1027 748 1093 inde
771 1029 884 1115 quieti.
929 1029 1017 1116 Pleg’
1034 1029 1156 1094 Werin’
1177 1028 1218 1094 de
1241 1028 1460 1094 misericordia

347 1133 397 1198 W.
414 1141 474 1198 etc.

225 1243 297 1312 767.
413 1236 532 1302 Dulcia
553 1259 616 1322 que
639 1237 703 1302 fuit
725 1259 805 1302 uxor
827 1236 985 1301 Willelmi
1006 1235 1201 1323 Attebergh'
1223 1236 1323 1322 peciit
1345 1257 1460 1301 uersus

231 1345 293 1384 Μ
348 1337 524 1402 Ricardum
553 1338 594 1404 de
625 1338 841 1404 Feueresham
871 1338 1082 1403 medietatem
1113 1338 1157 1424 iij.
1188 1361 1248 1403 aer.
1273 1347 1358 1403 terre
1382 1361 1458 1402 cum

349 1450 429 1528 pert.
444 1442 479 1506 in
494 1442 705 1530 Dauingtona
719 1451 758 1508 ut
773 1442 882 1508 dotem
898 1442 1014 1508 suam'.
1061 1443 1105 1507 Et
1120 1443 1189 1528 ipse
1204 1442 1246 1507 ad
1261 1442 1348 1507 diem
1364 1442 1459 1506 uenit

349 1553 383 1610 et
412 1544 543 1609 uocauit
572 1545 615 1610 ad
643 1553 824 1610 warantum
853 1545 1056 1610 Willelmum
1087 1555 1122 1610 et
1152 1544 1346 1610 Michaelem
1375 1545 1460 1610 filios

184 1640 309 1777 {fflffi
349 1647 505 1714 Willelmi
520 1649 644 1735 predict
646 1649 865 1738 iAttebergh'
880 1650 938 1737 qui
952 1658 1115 1715 uenerunt
1135 1649 1177 1715 ad
1198 1649 1299 1715 alium
1319 1649 1407 1714 diem
1424 1659 1460 1714 et

184 1737 297 1870 ἓξ
263 1745 321 1821 iiis
348 1753 501 1818 dixerunt
515 1753 602 1840 quod
616 1753 716 1818 nichil
731 1753 917 1820 habuerunt
931 1753 972 1819 de
987 1754 1193 1820 hereditate'
1184 1754 1286 1840 rpsius
1300 1753 1460 1818 Willelmi

187 1879 222 1916 m
223 1829 481 1944 empseris
472 1879 615 1942 rpsorum
637 1857 700 1922 nisi
721 1857 803 1922 duas
828 1879 918 1922 aeras
943 1865 1028 1922 terre
1055 1864 1090 1922 et
1113 1879 1212 1922 unam
1236 1855 1346 1922 rodam
1373 1863 1460 1920 terre

349 1981 447 2045 quam
462 1961 603 2026 Thomas
618 1960 753 2025 Pistort
739 1967 831 2024 tenet
845 1959 888 2024 ad
902 1959 1080 2026 terminum
1101 1967 1136 2024 et
1151 1959 1232 2024 dues
1246 1981 1307 2024 acr.
1323 1967 1409 2026 terre
1424 1966 1460 2024 et

350 2063 425 2128 dim.
446 2085 527 2150 quas
547 2063 701 2128 Priorissa
718 2062 759 2128 de
779 2063 992 2149 Dauingtona
1012 2071 1104 2128 tenet
1091 2061 1165 2128 tad
1185 2062 1369 2128 terminum.
1415 2063 1460 2128 Et

349 2166 428 2252 quia
456 2167 658 2252 recognitum
688 2175 738 2232 est
767 2166 855 2253 quod
883 2167 1006 2232 nullam
1036 2166 1135 2232 aliam
1170 2175 1289 2232 terram
1326 2165 1460 2242 habent,

352 2269 599 2336 consideratum
629 2279 679 2336 est
709 2269 795 2356 quod
824 2269 982 2334 Ricardus
1008 2277 1121 2335 teneat
1147 2270 1182 2336 in
1207 2291 1286 2356 pace
1312 2269 1347 2334 id
1372 2268 1460 2354 quod

351 2372 463 2438 tenet‘
492 2380 526 2436 et
556 2371 642 2458 quod
671 2372 743 2458 ipsa
770 2372 976 2458 recuperauit
1005 2381 1071 2438 tres
1100 2373 1193 2438 rodas
1223 2372 1342 2458 quam⁵
1371 2371 1458 2437 idem

351 2476 490 2542 Thomas
505 2483 605 2552 tenet,
616 2483 650 2540 et
663 2475 816 2541 Priorissa
830 2485 864 2542 et
876 2475 1015 2542 Thomas
1030 2483 1165 2542 teneant
1179 2475 1267 2543 ultra
1281 2475 1459 2542 terminum

351 2602 446 2644 suum
472 2579 514 2644 ad
539 2579 719 2644 ualenciam
746 2579 834 2646 illius
860 2587 945 2646 terre
971 2601 1069 2667 quam
1092 2581 1164 2666 ipsa
1188 2579 1393 2666 recuperauit
1417 2579 1459 2644 de

352 2693 514 2770 terraque
530 2683 576 2748 eis
591 2691 737 2748 remanet
752 2683 794 2748 ad
809 2683 992 2750 terminum.

294 2844 300 2856 .
416 2786 566 2852 Decanus
604 2785 759 2852 Ciuitatis
797 2785 963 2852 Lincolnie
997 2786 1196 2854 attachiatus
1231 2787 1295 2854 fuit
1323 2787 1366 2854 ad
1394 2811 1461 2854 res-

236 2893 292 2932 ΝΜ·
351 2888 559 2975 pondendum
587 2889 750 2955 Willelmo
777 2891 936 2976 Attegate
961 2897 996 2955 et
1018 2889 1123 2956 Alicie
1149 2891 1242 2958 uxori
1265 2890 1335 2957 eius
1360 2913 1460 2977 quare

351 3001 443 3060 tenet
458 2993 615 3080 placitum
630 2992 665 3057 in
680 2993 769 3058 curia
783 2993 1007 3060 cristianitatis
1022 2994 1062 3060 de
1078 2995 1204 3060 catallis
1223 3017 1287 3081 que
1302 3017 1367 3060 non
1381 3003 1460 3060 sunt

351 3095 392 3160 de
407 3103 603 3162 testamento
618 3096 672 3160 uel
694 3095 901 3160 matrimonio
916 3104 1029 3162 eontra
1042 3095 1306 3182 prohibicionem,
1320 3105 1355 3162 et
1372 3095 1460 3162 unde

352 3198 500 3284 queritur
518 3197 605 3285 quod
625 3206 717 3264 tenet
737 3197 777 3266 de
798 3198 856 3285 pl'·
876 3198 916 3265 de
939 3199 982 3265 xl.
997 3200 1051 3265 sol
1067 3199 1102 3264 in
1124 3200 1215 3266 curie
1236 3200 1461 3266 cristianitatis

352 3301 438 3366 unde
461 3302 674 3366 deterioratus
696 3310 746 3366 est
768 3311 803 3366 et
825 3301 1005 3388 dampnum
1028 3301 1128 3368 habet
1150 3301 1192 3368 ad
1214 3303 1395 3370 uelenoiam
1417 3305 1461 3370 xl.

352 3404 405 3468 eol
422 3413 473 3468 set
487 3405 611 3470 nullam
627 3403 798 3490 producit.

418 3507 462 3572 Et
491 3507 657 3574 Decanus⁸
685 3517 720 3576 et
743 3507 890 3574 defendit
912 3508 999 3594 quod
1020 3509 1148 3576 nullum
1171 3509 1329 3596 placitum
1351 3510 1466 3576 tenuit

191 3641 226 3681 uo
227 3639 312 3690 equor
352 3633 411 3676 nec
447 3618 539 3676 tenet
575 3633 635 3678 nec
665 3612 798 3680 tenebit
859 3613 903 3678 Et
931 3612 1005 3680 ideo
1033 3613 1272 3680 consideratum
1303 3621 1353 3680 est
1382 3613 1463 3700 quia

190 3686 319 3728 alrreeudlbl

189 3746 220 3821 pu
212 3743 308 3854 ffin
303 3733 336 3820 rg‘
352 3713 536 3780 Willelmus
550 3723 585 3781 et
600 3715 706 3782 Alicio
720 3717 844 3782 nullam
861 3725 984 3784 sectam
1002 3717 1187 3805 pmducunt
1206 3719 1292 3806 quod
1310 3718 1463 3786 Decanus

189 3827 286 3868 wem·-
352 3817 467 3883 inde'
443 3840 511 3884 erne
526 3817 579 3883 die
594 3827 629 3884 et
644 3819 828 3885 Willelmus
843 3820 1006 3886 custodiet
992 3829 1052 3887 t.ur

231 3943 302 4011 769
418 3921 538 4008 Magna
559 3921 658 3988 assisa
679 3923 772 3988 uenit
793 3924 998 4010 recognitum
1020 3926 1106 3992 inter
1130 3927 1273 3996 Priorem
1298 3927 1338 3992 de
1364 3927 1463 3992 Nouo

236 4046 295 4084 surr.

389 4121 397 4154 ¹
416 4120 470 4170 The
489 4120 642 4183 parchment
664 4121 713 4172 has
735 4121 800 4172 bean
823 4125 882 4173 torn
966 4123 1065 4174 'Corn
1078 4139 1149 4188 quar.

355 4185 407 4236 and
418 4185 463 4236 the
473 4185 654 4237 terminatione
665 4188 694 4236 ol
710 4186 781 4238 these
796 4187 880 4237 words
966 4187 1066 4238 ‘Corn
1079 4197 1145 4240 tenet
1153 4193 1286 4254 placitum.

355 4267 399 4302 are
411 4251 555 4301 uncertain.
965 4253 975 4285 ⁷
993 4255 1092 4317 Supply
1102 4263 1202 4304 rectam.

387 4318 442 4366 'ut
454 4319 532 4366 dotem
543 4331 613 4366 mam
624 4315 658 4381 by
669 4321 818 4370 annotator.
965 4318 1183 4382 'Supplyuenr'n

387 4383 397 4415 ⁸
415 4382 449 4431 So
460 4381 502 4432 Br.
517 4381 535 4431 l.
547 4383 604 4430 312.
964 4383 975 4416 ⁹
994 4385 1028 4433 So
1039 4383 1083 4434 Br
1096 4385 1114 4433 l.
1127 4386 1181 4436 410.

387 4449 397 4480 ⁴
415 4447 461 4497 See
473 4446 515 4496 Br.
528 4447 546 4495 l.
559 4449 616 4496 300.
