3308 5226
369 439 433 514 ⁷12
599 442 1123 520 n1onm1nis,nn.1224,sn
1147 443 1241 510 8-9.

368 629 508 696 uicerius
535 635 571 694 et
599 651 665 694 non
692 651 836 716 persona
881 629 925 694 Et
950 628 1023 696 ideo
1046 629 1285 696 consideratum
1311 627 1476 716 estquod

368 733 532 800 Waltcrus
545 731 646 800 nichil
660 733 749 821 capit
763 756 822 820 per
835 733 919 800 hano
933 734 1067 800 moisem
1081 741 1117 799 et
1136 733 1181 799 sit
1199 733 1236 798 in
1257 731 1477 799 misericordia

367 859 425 924 pro
440 837 519 903 falso
533 838 679 904 clamore.

389 949 393 956 '
431 941 623 1008 ²Mauricius
632 943 673 1009 de
685 941 843 1008 Rerham'
856 941 1073 1008 summonitus
1081 941 1146 1006 fuit
1159 940 1202 1006 ed
1215 938 1477 1027 respondendum

368 1043 461 1110 Dom
487 1043 705 1110 Londoniensi
729 1045 889 1132 Episcopo
914 1067 972 1132 pro
997 1044 1091 1110 Dom
1117 1044 1218 1130 Rege,
1243 1042 1271 1108 si
1294 1042 1374 1130 quid
1396 1041 1480 1107 iuris

367 1147 487 1214 clamat
509 1147 544 1212 in
570 1155 657 1214 terre
678 1147 720 1213 de
743 1147 930 1235 Febbinges
955 1147 1043 1212 unde
1067 1146 1176 1212 Alicio
1204 1153 1310 1210 meter
1336 1143 1480 1231 predicti

368 1249 518 1316 Mauricii
537 1249 600 1315 iuit
619 1249 731 1316 seisita
749 1249 803 1316 die
823 1273 888 1336 quc
903 1249 986 1315 obiit
1000 1249 1093 1315 cuius
1107 1249 1201 1315 heres
1216 1248 1314 1314 estin
1330 1246 1481 1314 custodia

367 1353 513 1422 eiusdem
528 1353 678 1441 Episcopi
691 1377 750 1440 per
764 1353 858 1421 Dom.
873 1355 999 1442 Regem
1014 1353 1087 1420 etc.⁸

430 1457 478 1522 Et
499 1455 676 1522 Mauricius
698 1457 791 1522 uenit
812 1465 848 1522 et
866 1457 947 1522 dicit
966 1456 1053 1544 quod
1072 1465 1166 1522 tenet
1184 1465 1305 1522 terrem
1324 1455 1415 1520 iilam
1440 1463 1481 1520 ut

368 1561 421 1628 ius
438 1583 535 1628 suum
555 1584 596 1626 ex
616 1561 701 1628 dono
720 1562 825 1628 Alicio
844 1561 959 1627 matris
977 1583 1036 1628 sue
1056 1569 1092 1626 et
1112 1561 1188 1626 inde
1210 1561 1332 1647 profert
1353 1566 1481 1626 cartam

368 1665 459 1732 illam
482 1687 545 1752 que
565 1665 687 1731 donum
707 1665 790 1732 illud
809 1673 952 1731 testetur
971 1673 1006 1731 et
1025 1665 1111 1752 petit
1129 1664 1287 1730 iudicium
1309 1663 1339 1730 si
1359 1662 1482 1728 debeat

369 1771 561 1856 respondem
583 1769 625 1836 de
648 1770 750 1836 libem
770 1777 958 1836 tenemento
977 1793 1036 1836 suo
1055 1769 1163 1836 eidem
1182 1769 1331 1857 episcopo
1350 1767 1483 1834 desiout

369 1895 435 1938 non
457 1873 557 1938 habet
578 1873 654 1939 inde
676 1874 740 1940 nisi
760 1873 941 1940 custodiam
963 1882 999 1940 et
1020 1881 1169 1961 preterea
1189 1881 1284 1960 pater
1304 1871 1399 1960 pueri
1420 1871 1483 1958 qui

369 1985 420 2042 est
443 1977 478 2042 in
496 1976 645 2042 custodia
663 1999 724 2042 sue
743 2000 911 2064 nunquam
931 1977 1048 2043 hebuit
1065 1977 1218 2042 seisinam
1233 1975 1274 2041 de
1289 1983 1483 2040 tenemento

369 2076 434 2154 illo,
448 2076 527 2162 quia
545 2077 692 2164 predicta
711 2078 819 2146 Alicio
837 2079 947 2144 tenuit
968 2087 1089 2144 terram
1110 2078 1201 2144 illam
1223 2077 1265 2144 de
1287 2077 1414 2164 Rogero
1439 2075 1483 2141 de

370 2181 546 2249 Leiburnia
567 2182 603 2248 in
626 2183 835 2272 maritagium
858 2193 893 2250 et
915 2185 1007 2250 illam
1028 2184 1121 2250 dedit
1142 2183 1174 2250 ei
1195 2205 1254 2270 per
1274 2183 1356 2248 duos
1376 2204 1484 2247 annos

369 2293 446 2352 ante
468 2295 607 2352 mortem
628 2309 730 2354 suam.
775 2289 820 2354 Et
844 2288 992 2376 Rogerus
1013 2311 1147 2376 presens
1170 2295 1279 2354 estet
1303 2287 1364 2352 hoo
1388 2285 1483 2352 idem

369 2389 542 2476 cognoscit,
571 2397 607 2454 et
635 2389 717 2455 dicit
745 2390 833 2477 quod
860 2391 889 2456 si
917 2391 1036 2477 aliquis
1057 2390 1134 2456 inde
1156 2389 1336 2456 custodiam
1358 2388 1483 2454 habere

369 2491 512 2569 deberet,
535 2492 605 2578 ipse
626 2492 773 2580 Rogerus
795 2515 868 2560 eam
893 2495 1013 2562 hebere
1036 2495 1180 2574 deberet,
1202 2517 1241 2561 eo
1262 2493 1349 2581 quod
1370 2492 1483 2558 Alicia

370 2591 478 2656 tenuit
492 2591 533 2656 de
549 2613 588 2656 eo
603 2599 637 2656 et
657 2591 744 2658 filius
764 2615 842 2658 suus
861 2593 1098 2681 primogenitus
1117 2603 1212 2680 pater
1232 2593 1328 2681 pueri
1348 2593 1406 2680 qui
1425 2601 1482 2659 est

370 2696 404 2762 in
418 2695 566 2761 custodia
580 2695 730 2784 Episcopi
745 2719 911 2784 nunquam
926 2698 990 2764 fuit
1004 2698 1081 2764 inde
1095 2699 1131 2764 in
1145 2698 1264 2764 seisina
1276 2707 1336 2764 ete

435 2799 480 2864 Et
495 2798 673 2885 Episcopus
686 2822 745 2886 per
759 2800 935 2867 Ricardum
949 2801 991 2867 de
1005 2802 1169 2889 Berkinge
1183 2801 1362 2888 dicitquod
1371 2801 1483 2868 Alicia

371 2923 486 2966 reuera
510 2901 620 2966 tenuit
645 2909 765 2968 terram
787 2904 878 2970 illam
899 2903 941 2972 de
962 2905 1033 2992 ipso
1059 2905 1186 2993 Rogero
1211 2913 1262 2970 set
1287 2904 1481 2990 dicitquod

371 3005 547 3072 Mauricius
570 3007 698 3072 nullum
717 3007 900 3095 ingressum
920 3009 1038 3075 habuit
1061 3009 1126 3076 nisi
1146 3033 1204 3096 per
1218 3010 1322 3096 ipsum
1336 3009 1480 3074 Adiciam

371 3109 405 3174 in
430 3109 621 3176 infirmitate
645 3133 704 3177 sue
727 3112 814 3178 unde
839 3113 923 3179 obiit
946 3121 982 3180 et
1006 3114 1091 3180 bene
1117 3113 1198 3180 dicit
1226 3113 1314 3201 quod
1341 3113 1378 3178 in
1406 3112 1482 3178 uite

370 3214 475 3280 Alieie
490 3237 555 3280 non
575 3215 692 3280 habuit
710 3215 798 3282 idem
818 3215 995 3284 Mauricius
1010 3217 1154 3304 aliquem
1169 3217 1321 3284 seisinam
1335 3215 1376 3282 de
1391 3224 1480 3282 terra

372 3317 430 3384 illa
444 3326 479 3384 et
494 3318 569 3384 inde
584 3319 677 3405 ponit
691 3342 726 3385 se
741 3343 839 3406 super
851 3321 1001 3388 iuratam.

437 3421 481 3486 Et
509 3422 686 3489 Mauricius
714 3423 795 3490 dicit
823 3423 911 3510 quod
938 3425 967 3490 si
996 3425 1087 3492 curia
1114 3425 1366 3492 considerauerit
1390 3423 1479 3511 quod

371 3525 490 3592 debeat
518 3526 625 3592 eidem
655 3527 812 3614 Episcopo
841 3528 917 3594 inde
946 3529 1138 3616 respondere
1164 3530 1304 3596 libenter
1328 3530 1421 3616 ponit
1442 3551 1478 3594 se

243 3641 323 3692 {ml
371 3649 468 3714 snper
482 3627 622 3694 iuratum
642 3627 647 3716 Ι
665 3629 752 3716 quod
767 3631 802 3695 in
816 3631 888 3697 uita
901 3631 1007 3698 Alicio
1022 3633 1139 3698 habuit
1152 3633 1222 3720 ipse
1236 3633 1312 3699 inde
1326 3633 1479 3699 seisinsm

372 3739 407 3798 et
421 3731 507 3817 quod
521 3732 628 3798 Alicia
641 3755 705 3798 non
720 3734 803 3800 obiit
817 3735 893 3802 inde
909 3737 1021 3802 seisite
1035 3737 1113 3824 quie
1126 3737 1196 3824 ipse
1211 3759 1269 3824 per
1282 3738 1364 3804 duos
1377 3761 1481 3804 annos

373 3843 451 3902 ante
465 3843 602 3902 mortem
618 3859 710 3902 suam
726 3837 790 3902 fuit
804 3837 880 3906 inde
894 3839 1032 3907 seisitus

249 3943 321 4008 930.
436 3939 590 4006 ‘Brienus
615 3939 656 4005 de
679 3939 794 4006 insule
818 3944 1036 4010 summonitus
1061 3945 1125 4010 fuit
1147 3945 1190 4012 ed
1217 3945 1477 4032 respondendum

253 4037 315 4078 Μ
373 4043 465 4109 Dom
482 4043 567 4130 Regi
581 4065 645 4130 quo
665 4052 807 4110 warento
828 4068 863 4110 se
886 4055 979 4114 tenet
1000 4047 1035 4114 in
1057 4057 1228 4136 terraque
1250 4049 1314 4116 fuit
1336 4049 1481 4116 Huberti

373 4147 432 4212 filii
447 4147 578 4212 Radulfi
592 4146 633 4212 de
650 4147 854 4214 Seardeeliue
869 4159 928 4216 ete

407 4286 416 4318 ¹
433 4285 464 4335 Δ.
476 4299 511 4336 m.
524 4287 564 4336 ιθ.
951 4289 1053 4356 bichop,
1086 4291 1199 4343 Eustace
1231 4293 1261 4344 oi
1297 4291 1478 4356 enumerem

406 4350 549 4412 'Barium
563 4353 593 4401 Δ.
952 4355 1292 4422 Mauriccisthoyoungcr.

407 4415 417 4448 ¹
434 4415 505 4465 Alica
516 4417 563 4466 lest
575 4419 625 4468 two
641 4433 711 4480 sons,
732 4417 776 4469 the
792 4417 861 4470 elder
877 4420 900 4470 is
983 4423 1041 4472 ιΔ.
1053 4437 1088 4473 m.
1100 4422 1166 4474 aad

375 4479 440 4531 dead
456 4480 508 4530 and
525 4480 567 4530 his
585 4497 632 4531 son
649 4481 672 4532 is
689 4483 717 4532 in
735 4483 803 4534 ward
817 4489 844 4534 tc
855 4485 899 4536 the
