3308 5226
496 443 633 506 nesrac,
654 443 718 492 nn.
744 429 837 506 1234,
859 444 923 495 ns.
948 434 996 496 18.
1232 437 1295 500 655

191 615 299 703 Regis,
324 625 359 680 et
388 617 474 702 petit
503 615 757 702 recognicionem
786 617 858 682 ficri
887 626 998 683 utrum
1022 619 1091 705 ipse
1115 621 1221 686 maius
1243 621 1295 686 ius

191 719 310 786 hebeat
324 719 360 785 in
374 728 462 786 terra
475 721 533 786 illa
546 743 589 785 an
603 721 742 806 predicti
757 722 779 786 ,J
780 721 922 787 ohannes
938 731 972 788 et
988 724 1154 790 Katerina
1174 723 1179 811 Ι

67 829 139 898 847,
255 824 407 889 Decanus
421 823 461 888 de
477 824 661 912 Beingtona
675 825 875 890 attachiatus
890 827 954 892 fuit
974 827 1017 892 ad
1035 828 1295 914 respondendum
1403 876 1419 904 ,,

190 923 287 991 Petro
301 927 342 992 de
358 928 446 992 Malo
461 928 549 992 Lucu
564 928 605 992 de
620 928 740 1014 placito
755 952 854 1015 quare
870 931 971 996 traxit
993 954 1068 996 eum
1090 932 1126 998 in
1140 933 1297 1018 placitum

189 1030 337 1094 incuria
362 1030 587 1096 cristianitatis
612 1032 652 1096 de
682 1033 808 1098 catallis
832 1057 895 1119 que
922 1033 1006 1100 non¹
1032 1036 1073 1100 de
1099 1045 1297 1102 testamento

190 1135 244 1199 uel
266 1135 471 1200 matrimonio
493 1144 605 1200 contra
626 1135 889 1221 prohibicionem,
905 1145 940 1202 et
961 1138 1048 1204 unde
1070 1139 1158 1204 idem
1180 1141 1298 1206 Petrus

189 1261 248 1324 per
262 1247 463 1303 attomatum
478 1261 574 1304 suum
589 1239 737 1324 queritur
751 1241 838 1326 quod
858 1241 945 1305 idem
967 1241 1119 1308 Decanus
1133 1243 1233 1329 peciit
1255 1243 1297 1312 ab

186 1363 228 1406 eo
242 1342 278 1406 in
293 1342 382 1407 curia
396 1341 620 1407 cristianitatis
640 1343 810 1429 sexaginta
832 1366 954 1408 marcas
976 1345 1104 1432 argenti
1118 1345 1159 1410 de
1173 1344 1299 1432 pladis¹

189 1444 405 1532 stabisque
434 1467 499 1510 non
528 1444 570 1510 de
599 1453 797 1510 testamento
826 1447 881 1512 uel
910 1448 1116 1514 matrimonio
1147 1457 1182 1514 et
1210 1448 1297 1514 unde

188 1547 367 1634 dampnum
387 1549 488 1614 habet
512 1549 555 1614 ad
580 1549 767 1615 walenciam
790 1573 841 1616 xx.
864 1574 960 1617 marc.
984 1560 1018 1616 et
1042 1553 1118 1618 inde
1148 1553 1298 1638 pmducit

188 1659 320 1718 sectam.

254 1755 299 1821 Et
322 1757 473 1822 Decanus
500 1757 594 1822 uenit
620 1763 655 1822 et
679 1756 824 1822 defendit
848 1765 960 1823 contra
982 1758 1090 1844 ipsum
1115 1766 1149 1822 et
1174 1767 1296 1826 sectam

188 1881 280 1926 suam
296 1860 382 1946 quod
393 1881 559 1946 nunquam
571 1867 644 1945 post
655 1859 908 1946 prohibicionem
921 1868 1052 1926 secutus
1062 1861 1126 1925 fuit
1138 1861 1295 1946 placitum

187 1964 279 2043 illud,
289 1965 366 2051 quia
379 1986 493 2029 reuera
503 1963 586 2028 bene
602 1971 710 2049 potest
725 1985 793 2028 esse
810 1963 896 2049 quod
911 1963 1027 2029 habuit
1041 1963 1295 2050 prohibicionem

189 2074 224 2130 et
238 2067 338 2132 breue
353 2067 447 2131 Dom.
463 2066 572 2151 Regis,
586 2088 645 2130 nec
659 2065 742 2130 illud
757 2087 823 2130 non
837 2066 990 2145 ostendit,
1004 2089 1064 2132 nec
1079 2089 1117 2132 eo
1135 2089 1213 2132 usus
1235 2074 1295 2144 est,

189 2168 246 2233 sed
279 2168 431 2234 submisit
460 2167 675 2232 iurisdiccioni
705 2167 856 2253 Episcopi
885 2175 920 2234 et
948 2177 1080 2255 propter
1109 2171 1294 2236 libertatem

189 2271 340 2357 Episcopi
348 2271 367 2336 ⁸.
412 2269 526 2336 Idem⁴
547 2270 634 2356 quod
656 2293 770 2336 reuera
791 2270 923 2356 quidam
945 2271 1112 2338 Johannes
1133 2274 1163 2338 le
1190 2273 1295 2338 Poher

187 2370 324 2436 tradidit
339 2371 370 2435 ei
385 2371 547 2456 quandam
563 2378 682 2435 terram
697 2371 739 2436 ad
759 2371 935 2436 terminum
955 2379 991 2436 et
1012 2372 1096 2438 infra
1117 2374 1294 2440 terminum

187 2476 281 2541 illum
311 2476 393 2542 obiit
421 2475 585 2562 predictus
613 2475 780 2540 «Iohannes
809 2483 844 2540 et
872 2476 997 2561 legauit
1026 2477 1133 2542 eidem
1162 2478 1294 2544 Decano

186 2579 285 2645 blada
300 2601 363 2666 que
378 2580 511 2645 fuerunt
525 2578 686 2644 seminata
700 2579 735 2643 in
750 2577 864 2644 eadem
879 2586 914 2643 et
928 2579 1071 2665 aliaque
1091 2579 1138 2645 ibi
1152 2581 1293 2648 fuerunt

188 2683 279 2749 Dicit
294 2683 396 2749 eciam
412 2682 499 2769 quod
518 2683 605 2748 idem
625 2683 792 2748 «Iohannes
811 2683 843 2747 ei
863 2682 987 2748 dimisit
1007 2691 1128 2748 terram
1148 2685 1238 2750 illam
1250 2685 1293 2751 de

188 2789 358 2852 uoluntate
384 2787 486 2873 ipsius
511 2787 619 2852 Pet1i⁶
642 2795 676 2852 et
698 2787 800 2852 eciam
823 2787 863 2852 de
886 2788 1056 2854 uoluntate
1078 2789 1182 2874 ipsius
1203 2790 1294 2856 Petri

187 2892 343 2957 concessit
358 2892 467 2957 omnia
480 2892 598 2956 catalla
612 2892 647 2956 in
662 2899 749 2956 terra
759 2892 816 2956 illa
827 2899 861 2956 et
873 2892 974 2957 eciam
986 2900 1063 2958 ante
1075 2892 1293 2979 egritudinem

187 2997 271 3060 etin
286 3003 483 3060 testamento
498 3019 563 3060 suc.

252 3099 298 3162 Et
327 3099 443 3164 Petrus
472 3121 531 3184 per
559 3105 760 3162 attornatum
791 3119 886 3162 suum
912 3120 977 3162 non
1002 3096 1124 3162 dedicit
1150 3098 1229 3184 quin
1252 3098 1293 3166 de

187 3203 358 3268 uoluntate
373 3203 475 3290 ipsius
495 3203 585 3268 Petri
607 3211 694 3268 terra
715 3201 848 3266 dimissa
869 3208 954 3265 esset
976 3199 1082 3265 eidem
1105 3202 1243 3280 Decan0,
1259 3211 1293 3267 et

188 3307 289 3372 eciam
315 3307 434 3372 catalla
456 3307 505 3371 ita
525 3305 647 3382 relicta,
669 3302 868 3368 secundum⁸
889 3303 1072 3389 predictum
1094 3313 1153 3382 est,
1175 3313 1210 3370 et
1233 3306 1293 3371 hoc

187 3412 265 3478 satis
280 3411 434 3478 concedit
480 3411 524 3476 Et
539 3411 612 3476 ideo
626 3408 864 3476 consideratum
879 3416 929 3474 ost
944 3408 1030 3494 quod
1045 3409 1196 3475 Decanus
1216 3410 1292 3476 inde

185 3514 256 3579 sine
271 3515 332 3592 die,
348 3523 383 3580 et
396 3522 553 3600 sequatur
567 3513 724 3599 placitum
739 3535 835 3576 suum
849 3512 885 3576 in
904 3513 994 3578 curia
1011 3511 1242 3591 cristianitatis,
1258 3521 1293 3578 et

187 3615 307 3680 habeat
321 3617 420 3682 breue
441 3615 544 3680 Priori
566 3613 804 3678 Dunholmensi
826 3621 861 3677 et
882 3613 1104 3678 coniudicibus
1125 3615 1192 3680 suis
1207 3614 1293 3700 quod

187 3741 252 3784 non
267 3720 417 3786 obstante
432 3719 651 3806 prohibicione
666 3718 826 3804 procedat,
839 3726 873 3783 et
888 3719 1005 3784 Petrus
1018 3719 1053 3783 in
1068 3719 1291 3784 misericordia

130 3879 136 3892 .
251 3821 425 3909 Wymerus
461 3821 502 3888 de
532 3820 754 3908 Thoriugtoua
781 3820 867 3906 petit
896 3843 1009 3886 uersus
1039 3821 1215 3908 Hugonem
1252 3819 1292 3884 de
1412 3851 1423 3880 r

189 3925 254 3990 Ver·
276 3925 438 3992 Comitem
461 3925 596 4004 Oxonie,
612 3946 709 4010 quem
725 3923 887 3988 Robertus
902 3922 943 3988 de
962 3922 1140 4008 Hastinges
1161 3922 1293 4010 uocauit

187 4030 229 4096 ad
250 4039 439 4108 warantum,
462 4039 497 4096 et
518 4031 576 4116 qui
597 4030 629 4096 ei
651 4028 885 4105 warantizauit,
907 4027 1037 4092 feodum
1059 4026 1157 4091 unius
1178 4027 1292 4092 militis

218 4209 419 4273 ¹Supplynmt.
796 4205 938 4269 ⁴Perhaps
967 4205 989 4255 it
1019 4203 1114 4254 should
1144 4219 1195 4255 run
1221 4205 1293 4256 Idem

218 4275 712 4402 :iitttidi'trnarnmpn-
763 4272 1163 4400 Di⁰iiiin³ii²iiy⁹uffihwoiin
1193 4334 1292 4386 reuss

186 4405 241 4454 tina
267 4353 511 4469 ughu30ppuhrps
537 4405 663 4455 marenca
689 4402 713 4454 is
764 4405 865 4453 tenant.

186 4469 393 4521 madetothese.
796 4465 1009 4532 ‘Supplyqrrod
