3360 5236
392 421 396 428 ⁶
496 453 648 516 ramur,
672 452 736 502 ln.
762 439 855 515 1233,
880 453 941 505 aa.
966 439 1014 508 17.
1246 445 1313 506 589

201 626 274 692 inde
285 627 395 692 eicere.
419 627 537 692 Postea
547 625 684 691 seruiuit
696 625 782 690 idem
795 625 920 691 Alanus
930 625 1051 692 Comiti
1060 627 1100 692 de
1110 627 1310 694 Albamarlia

200 731 247 796 ita
256 730 342 818 quod
352 731 443 797 dedit
453 731 484 796 ei
494 730 683 796 warisonam
695 729 809 795 suam‘.
845 731 888 795 Et
900 738 1012 816 postea
1021 733 1154 797 accessit
1165 732 1206 796 ad
1219 734 1310 798 eum*

201 835 365 920 predictus
381 834 531 919 Saxynus
546 841 580 898 et
595 832 695 918 peciit
716 831 802 918 quod
826 832 927 917 possit
947 841 1057 898 tencre
1079 842 1197 898 terram
1219 835 1309 900 illam

201 937 257 1002 de'
271 961 360 1024 pace,
374 946 408 1004 et
423 938 491 1024 ipse
506 937 631 1002 Alanus
650 937 711 1001 hoo
726 937 756 1000 ci
776 936 948 1002 concedere
969 937 1075 1001 noluit
1093 961 1152 1002 nec
1167 938 1259 1002 daret
1280 941 1311 1004 ei

201 1041 343 1127 aliquam
358 1049 484 1128 partem
499 1041 587 1105 illius
602 1048 687 1105 terre
703 1049 737 1104 et
752 1041 807 1104 ille
819 1039 910 1104 dedit
922 1040 1021 1126 cipro
1032 1064 1111 1127 pace
1123 1042 1158 1106 in
1170 1043 1259 1107 curia
1270 1042 1310 1107 de

202 1144 447 1230 Pateringtona⁴
458 1144 499 1209 ix.
511 1167 572 1208 acr.
585 1151 670 1208 terre
685 1142 726 1207 de
741 1142 855 1207 eadem
871 1151 965 1220 terra,
980 1143 1044 1210 scil.
1057 1151 1123 1209 tres
1135 1145 1174 1210 de
1186 1145 1312 1209 meliori

203 1255 267 1312 tres
282 1247 323 1312 de
338 1247 490 1313 mediocri
505 1255 571 1312 tres
587 1247 626 1311 dc
641 1246 751 1332 peimi,
767 1246 824 1313 viz.
840 1247 875 1311 in
891 1247 1056 1324 Griseroft
1068 1247 1312 1336 in'Qstallinges

202 1351 282 1416 etin
295 1350 552 1428 Sutlellonde,et
566 1350 615 1414 ita
629 1349 738 1414 tenuit
754 1349 903 1434 Saxynus
918 1357 988 1414 tota
999 1351 1070 1414 uita
1079 1352 1311 1431 suaresiduum

204 1459 238 1517 et
252 1451 379 1517 Alanus
398 1451 559 1537 predictas
573 1451 614 1516 ix.
631 1473 692 1516 acr.
738 1451 781 1515 Et
797 1459 910 1535 postea
924 1460 996 1537 post
1016 1461 1154 1517 mortem
1169 1453 1311 1539 ipsorum

202 1554 371 1618 amborum
400 1554 492 1618 uenit
521 1553 654 1639 quidam
689 1551 764 1618 Ado
792 1553 879 1617 iilius
897 1555 1012 1618 'Alani
1041 1563 1075 1619 et
1105 1556 1311 1643 inplacitauit

204 1658 337 1722 Petrum
352 1657 455 1721 filium
473 1657 585 1722 Saxini
600 1656 640 1720 de
661 1663 748 1720 terra
767 1679 865 1742 quam
885 1656 955 1743 ipse
977 1657 1117 1723 Saxinus
1139 1660 1256 1738 tenuit,
1277 1670 1311 1724 et

203 1762 238 1826 in
252 1769 382 1825 tantum
397 1761 552 1846 processit
567 1761 695 1846 loquela
711 1761 797 1846 quod
811 1761 846 1825 in
861 1762 975 1826 eadem
987 1763 1076 1827 curia
1086 1763 1126 1828 de
1142 1763 1309 1850 Patering-

205 1875 282 1930 tona
305 1864 398 1929 uenit
421 1863 509 1928 idem
533 1863 607 1930 Ada
632 1873 667 1929 et
690 1865 815 1929 remisit
841 1865 993 1930 clamium
1018 1888 1113 1930 suum
1137 1889 1194 1952 pro
1225 1875 1311 1932 terra

205 1992 302 2056 quam
331 1969 457 2033 Alanus
486 1977 580 2054 pater
609 1991 687 2034 suus
724 1969 841 2048 tenuit,
871 1977 906 2034 et
942 1971 991 2034 ita
1027 1971 1165 2056 quilibet
1199 1993 1310 2036 eorum

205 2073 360 2138 remansit
380 2073 416 2137 in
438 2073 556 2138 saisina
577 2074 617 2138 de
640 2083 732 2159 parte
755 2096 815 2138 sua
836 2081 870 2138 et
888 2081 998 2160 posteo
1018 2074 1162 2160 ipsorum
1177 2075 1312 2141 heredes

205 2199 307 2263 usque
321 2200 415 2242 nunc
462 2177 505 2240 Et
520 2177 597 2262 quia
611 2177 769 2242 iuratores
788 2178 879 2264 prius
898 2178 1050 2243 dixerunt
1065 2179 1261 2244 contrarium
1277 2189 1312 2244 et

205 2279 283 2366 quia
296 2280 453 2344 iuratores
470 2279 614 2344 nondum
634 2279 743 2344 uisum
766 2280 912 2345 fecerunt
934 2280 974 2346 de
997 2289 1084 2346 terra
1105 2289 1140 2346 et
1162 2282 1312 2369 ignoran-

205 2383 304 2450 ciam⁸
317 2385 471 2450 dixerunt
486 2384 520 2448 id
535 2385 622 2470 quod
636 2385 797 2462 dixerunt,
812 2385 995 2451 remittitur¹
1008 2385 1054 2450 eie
1068 2385 1310 2452 misericor—diat

207 2487 250 2551 Et
279 2486 516 2552 consideratum
546 2495 596 2552 est
626 2485 711 2572 quod
741 2487 899 2574 Ricardus
928 2488 1132 2573 recuperauit
1161 2488 1312 2552 seisinam

205 2613 298 2655 suam
320 2591 361 2656 de
384 2599 470 2656 terra
492 2613 590 2676 quam
612 2591 701 2676 prius
723 2590 876 2654 amiserat
896 2612 955 2676 per
974 2589 1098 2677 dictum
1121 2614 1232 2656 eorum
1247 2591 1312 2656 scil.

208 2695 248 2760 de
264 2696 306 2760 xl.
321 2719 382 2761 aar.
400 2705 492 2772 terre,
508 2704 542 2760 et
557 2696 674 2760 Petrus
688 2694 723 2758 in
739 2695 962 2760 misericordia

148 2849 154 2864 .
271 2798 455 2862 Willelmus
469 2797 510 2861 de
525 2796 703 2861 Albaniaco
718 2797 803 2883 petit
818 2820 931 2862 uersus
946 2797 1121 2863 Ricardum
1137 2798 1177 2863 de
1187 2799 1315 2864 Water·
1420 2811 1435 2839 ’-

207 2901 288 2966 uilla
309 2901 395 2988 quod
416 2901 514 2966 faciat
536 2900 567 2964 ei
589 2901 839 2966 consuetudines
861 2911 895 2966 et
917 2911 1005 2967 recta
1034 2903 1170 2967 seruicia
1192 2925 1255 2988 que
1285 2902 1316 2966 ei

206 3006 309 3069 facere
321 3005 418 3069 debet
431 3004 471 3069 de
483 3003 584 3068 libero
597 3012 785 3069 tenemento
800 3004 886 3091 quod
901 3005 941 3069 de
957 3027 994 3068 eo
1010 3012 1102 3070 tenet
1117 3004 1152 3068 in
1167 3004 1314 3068 Nabum’

207 3109 357 3186 Dauton’‚
380 3116 414 3172 et
431 3109 518 3173 unde
539 3109 639 3194 peciit
661 3110 703 3173 ab
726 3131 764 3173 eo
786 3109 873 3196 quod
895 3111 1015 3173 faceret
1038 3107 1068 3172 ei
1091 3108 1265 3173 seruicium
1285 3131 1313 3172 v.

205 3212 372 3277 feodorum
387 3212 513 3298 integre
529 3235 587 3298 per
601 3212 768 3278 recordum
783 3213 862 3277 alibi
877 3220 937 3279 etc.

273 3317 317 3380 Et
332 3315 489 3380 Ricardus
504 3317 597 3380 uenit
613 3325 647 3382 et
668 3317 831 3404 cognoscit
854 3316 940 3403 qnod
960 3324 1070 3381 tenere
1095 3316 1193 3381 debet
1215 3315 1255 3380 de
1276 3338 1314 3380 eo

207 3445 234 3487 v.
251 3420 351 3498 feoda,
367 3429 417 3486 set
433 3421 498 3486 tria
512 3421 606 3486 feoda
620 3421 655 3485 in
671 3444 748 3486 com.
763 3421 863 3486 Oxon
876 3422 910 3486 in
922 3421 1082 3485 Broctona
1093 3428 1127 3485 et
1141 3420 1315 3486 Niwctona

207 3535 284 3590 sunt
299 3525 340 3590 de
355 3525 466 3612 paruis
481 3525 582 3590 feodis
602 3525 642 3590 de
662 3523 838 3612 Morting’².
884 3525 928 3588 Et
947 3524 1024 3588 inde
1039 3524 1148 3610 posuit
1163 3547 1197 3590 se
1218 3547 1316 3613 super

207 3649 360 3714 magnam
375 3629 507 3692 assisam
526 3628 574 3692 ita
594 3627 680 3714 quod
703 3638 843 3713 quatuor
862 3626 983 3691 milites
1003 3626 1099 3691 electi
1120 3628 1251 3693 fuerunt
1273 3629 1314 3694 cd

208 3733 345 3820 eligend’
360 3731 414 3817 xij.
460 3732 505 3796 Et
526 3740 600 3819 post
614 3731 707 3796 uenit
727 3731 911 3796 willelmus
925 3753 984 3817 per
1002 3739 1204 3796 attornatum
1219 3755 1314 3796 suum

208 3842 243 3900 et
258 3834 420 3922 cognoscit
435 3833 522 3920 quod
537 3841 621 3899 terre
636 3833 677 3899 de
698 3833 858 3898 Broctona
878 3841 911 3898 et
932 3833 1088 3900 Neutona
1109 3857 1173 3899 uon
1193 3834 1316 3900 debent

241 4029 250 4062 ¹
267 4029 335 4080 illan
346 4028 443 4091 having
455 4029 543 4079 sarred
554 4028 599 4080 the
610 4029 680 4090 Earl,
693 4028 738 4079 tho
788 4027 835 4078 bul
846 4027 995 4078 alteruerds
1007 4028 1088 4079 Soxin
1101 4029 1165 4092 (ille)
1177 4043 1240 4090 gave
1257 4027 1313 4078 him

209 4095 272 4144 Earl
288 4094 350 4158 pald
365 4095 422 4144 him
441 4093 484 4144 his
505 4109 589 4158 weges
611 4094 663 4144 and
686 4094 736 4143 dis·
789 4093 832 4158 (ei)
849 4093 912 4142 nine
926 4107 999 4143 nores
1014 4093 1067 4143 eud
1082 4108 1111 4143 so
1128 4093 1172 4142 the
1187 4107 1244 4143 case
1260 4109 1314 4144 was

209 4159 306 4210 missed
326 4159 391 4208 him.
428 4161 551 4220 Waruon,
573 4160 614 4209 for
640 4161 737 4209 reward
788 4173 846 4208 com
864 4157 985 4210 romisecl.

209 4219 266 4283 due,
278 4225 302 4274 is
313 4225 418 4274 known
820 4223 830 4255 ⁵
847 4173 899 4273 gio.

242 4289 349 4340 ²snxin
360 4294 428 4339 went
440 4290 555 4341 toAlon.
819 4287 894 4338 ⁶See
905 4287 949 4336 Br.
961 4288 980 4337 f.
993 4289 1074 4338 reeb.

242 4355 340 4404 ³(iorr.
352 4357 389 4405 in.
820 4353 994 4404 ⁷Thaselcss
1004 4353 1135 4415 belongto
1152 4353 1198 4404 the
1211 4355 1316 4405 honour

241 4420 253 4452 ⁴
270 4419 417 4482 Scemingly
433 4423 462 4470 at
481 4419 539 4469 first
561 4420 629 4469 Alan
651 4419 737 4469 would
787 4419 816 4467 oi
825 4418 948 4468 Mortcin.
1306 4439 1311 4448 ·

210 4489 257 4535 not
268 4485 324 4547 give
342 4500 378 4548 up
395 4500 448 4548 any
465 4491 524 4547 part
541 4485 567 4534 ol
583 4485 625 4535 his
642 4485 735 4544 claim
