3276 5234
250 3865 322 3932 327.

375 413 438 482 272
677 429 814 490 assius,
837 431 900 480 nn.
928 417 1027 490 1229„
1043 429 1105 480 an
1132 417 1179 478 13.

372 600 474 685 ipsius
489 599 561 666 Ade
577 601 678 666 nichil
694 603 724 666 ei
739 602 944 668 acomodauit
960 611 994 668 et
1015 603 1074 668 hoo
1095 603 1189 668 offert
1209 601 1381 668 defendere
1396 601 1482 664 siout

372 702 463 766 ouria
477 703 729 769 considerauerit
745 713 805 769 eto.

438 808 482 871 Et
507 807 580 872 ideo
602 808 841 876 consideratum
864 817 915 874 est
938 809 1024 895 quod
1047 809 1136 874 Otho
1159 808 1311 874 defendat
1334 829 1368 872 se
1391 806 1481 891 xijm.

372 933 480 976 manu.
536 911 595 976 Set
611 911 689 997 quia
704 911 793 976 Otho
809 934 873 976 non
889 921 940 977 est
954 934 1087 999 presens
1101 921 1136 976 et
1151 921 1305 977 mutuum
1319 912 1436 978 debuit
1452 911 1483 976 ei

373 1013 458 1078 fieri¹
475 1013 600 1080 dictum
616 1023 666 1078 est
681 1022 846 1078 attornato
861 1015 947 1100 quod
968 1015 1066 1080 faeiat
1086 1038 1162 1080 eum
1177 1015 1288 1080 uenire
1303 1015 1338 1079 in
1353 1014 1484 1100 propria

373 1141 511 1205 persona
526 1141 546 1184 a
560 1118 613 1183 die
629 1118 740 1184 Pasch.
756 1119 790 1183 in
806 1142 910 1184 unum
925 1143 1079 1197 mensem,
1094 1129 1129 1185 et
1144 1129 1223 1184 tunc
1243 1119 1355 1184 uadiet
1376 1119 1482 1204 legem

372 1231 432 1286 etc.
449 1221 484 1286 in
499 1221 613 1286 eodem
628 1229 718 1286 statu
735 1245 798 1308 quo
814 1245 900 1287 nunc
916 1231 975 1287 etc.
1022 1224 1099 1288 Post
1115 1222 1207 1287 uenit
1220 1222 1307 1286 Otho
1319 1229 1354 1286 et
1369 1221 1483 1286 uadiat

373 1325 488 1412 legem,
504 1333 539 1389 et
554 1326 667 1390 ueniat
682 1349 756 1390 cum
772 1327 844 1413 lege
863 1349 883 1390 a
903 1325 955 1391 die
978 1326 1009 1392 S.
1034 1326 1130 1392 Mich.
1154 1327 1188 1391 in
1211 1349 1314 1390 unum
1336 1347 1483 1392 mensem

373 1439 431 1494 eto.
474 1430 562 1516 Pleg'
579 1429 619 1494 de
636 1431 707 1516 lege
724 1438 783 1494 etc.

426 1758 619 1824 PLACITA
648 1759 769 1824 APUT
800 1758 1263 1824 WESTMONASTERIUM
1292 1758 1426 1823 ANNO

438 1861 582 1926 REGNI
605 1861 740 1926 REGIS
762 1861 876 1925 XIIJ0.
900 1861 962 1924 DE
985 1861 1194 1927 TERMINO
1217 1859 1417 1928 PASCHE'.

436 2081 569 2147 'Assisa
605 2082 698 2146 uenit
728 2081 932 2166 recognitura
960 2081 988 2146 si
1018 2081 1158 2146 Thomas
1186 2081 1227 2146 de
1257 2081 1357 2146 Portu
1387 2089 1484 2167 pater

371 2186 394 2250 J
395 2185 530 2250 ohannis
549 2185 589 2250 de
605 2185 705 2249 Portu
724 2184 788 2248 fuit
808 2184 938 2249 seisitus
955 2184 990 2248 in
1010 2183 1170 2250 dominico
1192 2207 1250 2250 suo
1272 2195 1310 2249 ut
1332 2185 1373 2248 de
1388 2184 1484 2248 feodo

371 2298 430 2354 etc.
455 2289 495 2354 de
519 2289 610 2352 feodo
633 2287 729 2352 unius
754 2287 868 2352 militis
893 2311 968 2352 oum
995 2289 1134 2373 pertin
1155 2289 1261 2365 Anne,
1283 2289 1336 2352 dis
1359 2299 1418 2352 cta
1446 2297 1484 2352 et

371 2393 398 2458 si
428 2402 497 2470 etc,
524 2392 610 2478 quod
640 2390 791 2456 feodum*
820 2391 861 2455 de
891 2390 991 2455 Portu
1018 2399 1110 2456 tenet
1137 2393 1194 2478 qui
1219 2393 1312 2457 uenit
1336 2401 1370 2456 et
1398 2392 1482 2457 dicit

371 2499 457 2584 quod
486 2521 551 2563 non
580 2497 678 2562 debet
703 2497 829 2562 adhoc
853 2497 952 2562 breue
978 2496 1169 2583 respondere
1194 2497 1272 2583 quia
1297 2520 1361 2562 non
1387 2505 1482 2562 tenet

371 2604 466 2689 plene
482 2603 612 2668 feodum
626 2602 708 2667 illud
723 2625 761 2666 eo
776 2601 862 2688 quod
877 2602 1057 2668 nonhabet
1078 2601 1326 2666 aduooaoionem
1347 2601 1482 2666 ecclesie

372 2705 516 2769 eiusdem
545 2705 624 2770 uille
654 2727 728 2769 cum
754 2704 779 2789 j.
810 2727 912 2769 carno.
943 2714 1027 2769 terre
1058 2713 1092 2768 et
1123 2705 1180 2789 iiij.
1210 2727 1270 2769 aar.
1301 2713 1385 2769 terre
1416 2725 1481 2789 que

371 2808 537 2895 pertinent
558 2808 600 2873 ad
622 2807 751 2872 feodum
775 2807 865 2885 illud,
888 2817 922 2873 et
942 2818 1089 2894 preterea
1112 2809 1203 2874 Prior
1225 2809 1266 2874 de
1292 2809 1483 2875 Okeburnia

372 2920 464 2976 tenet
488 2933 586 2976 unam
612 2933 713 2974 carue.
738 2893 823 2975 terre
846 2933 910 2996 que
934 2920 1069 2976 uocatur
1095 2911 1258 2977 Golhord⁶
1282 2921 1316 2976 et
1341 2935 1403 2998 que
1431 2923 1482 2977 est

371 3015 412 3080 de
427 3015 539 3080 eodem
555 3015 655 3090 feodo,
671 3024 819 3100 preterea
832 3015 913 3080 dicit
928 3015 1013 3101 quod
1029 3016 1115 3080 idem
1131 3017 1298 3082 Johanues
1316 3027 1366 3082 est
1381 3019 1482 3082 frater

372 3142 449 3184 suus
464 3119 504 3183 de
519 3141 584 3182 uno
600 3118 776 3203 codemque
792 3125 884 3203 patre
900 3117 940 3182 de
961 3117 1053 3181 cuius
1073 3127 1177 3183 morte
1197 3119 1319 3205 profert
1338 3119 1481 3197 assisam,

371 3231 406 3286 et
420 3231 568 3309 preterea
581 3221 661 3287 dicit
676 3220 762 3308 quod
777 3220 877 3285 habet
892 3221 1054 3306 quendam
1070 3223 1202 3287 fratrem
1226 3223 1481 3310 primogenitum

371 3327 560 3413 Philippum
575 3327 712 3391 nomine.

438 3429 481 3493 Et
505 3427 666 3493 Thomas⁸
687 3429 780 3493 uenit
802 3437 836 3493 et
858 3428 941 3493 bene
965 3429 1128 3515 cognoscit
1154 3428 1240 3514 quod
1263 3429 1376 3494 fratres
1401 3438 1480 3494 sunt

372 3542 407 3598 et
429 3533 470 3598 de
493 3555 558 3597 uno
582 3541 683 3618 patre,
705 3541 739 3596 et
759 3531 832 3597 ideo
855 3533 1092 3597 consideratum
1113 3542 1162 3598 est
1184 3534 1271 3619 quod
1294 3534 1393 3598 assisa
1414 3557 1479 3599 non

372 3639 457 3702 iacet
466 3637 484 3716 ⁷,
500 3645 534 3701 et
551 3637 690 3702 Thomas
705 3636 780 3702 iude
798 3637 868 3702 sine
889 3637 950 3714 die,
966 3646 1000 3702 et
1020 3637 1186 3702 Johanues
1206 3638 1242 3703 in
1264 3637 1480 3703 misericordia

371 3764 429 3827 pro
443 3742 522 3806 falso
536 3741 682 3807 clamore.

436 3845 622 3910 ⁸Johannes
637 3845 677 3909 de
693 3845 852 3931 Litlebyri
866 3845 952 3931 petit
965 3867 1080 3909 uersus
1095 3843 1267 3909 Isabellam
1283 3845 1324 3910 de
1343 3846 1479 3910 Bemcrs

249 3969 318 4008 nas
367 3949 392 4034 j.
415 3948 636 4014 molendinum
661 3957 695 4013 et
719 3949 751 4034 ij
776 3947 951 4034 mesuagio,
976 3955 1011 4012 et
1034 3969 1134 4011 unam
1158 3946 1276 4032 uirgat.
1302 3955 1337 4012 et
1362 3971 1390 4012 x.
1417 3970 1476 4012 aar.

404 4127 414 4159 ¹
432 4126 475 4178 Sic
485 4126 517 4174 Α.
609 4123 610 4128 ’
982 4125 993 4159 ⁶
1010 4127 1082 4176 corr.
1098 4127 1237 4188 aotam,
1250 4125 1273 4175 B
1285 4125 1369 4176 sudc
1385 4124 1478 4176 hares

403 4189 673 4241 ²F01thistermss
696 4205 786 4240 means
806 4191 900 4242 (loram
951 4190 1093 4242 somewhat
1105 4191 1226 4241 different
1236 4191 1339 4254 phrase.

371 4258 441 4356 Repe
451 4256 511 4306 Roll
522 4257 570 4306 No.
583 4257 628 4314 ³13
646 4256 666 4304 G
678 4271 770 4306 means
781 4257 830 4307 No.
842 4259 880 4308 32.
983 4257 994 4291 ⁷
1011 4257 1059 4307 See
1073 4257 1117 4305 Br.
1135 4257 1153 4305 r.
1171 4257 1218 4308 271
1236 4257 1266 4318 b;
1284 4271 1319 4306 no
1336 4256 1419 4306 assim
1435 4255 1476 4306 be·

404 4320 745 4448 armatas:
950 4321 1253 4450 *ltlll‘lt'ssas
1268 4387 1307 4436 10.

404 4453 414 4484 ⁵
432 4453 553 4509 Gouord',
566 4451 597 4516 B,
610 4451 638 4500 G.
