3314 5238
319 407 382 470 502
527 414 848 479 monumnenta.
873 401 966 476 1231,
989 413 1051 464 aa
1077 403 1213 465 15-16,

318 589 495 658 secundum
522 587 773 654 conuencionem
795 585 885 650 illam
908 594 942 652 et
964 585 1050 672 quod
1073 585 1189 651 reddat
1211 587 1242 650 ei
1265 587 1429 674 arreragia

318 693 346 758 si
361 689 445 778 quc¹
460 691 491 755 ei
506 697 613 754 aretro
627 696 715 754 sunt.

222 813 235 828 “
261 859 268 873 ,
383 794 528 880 Loquela
556 793 643 858 inter
671 791 814 857 Priorem
850 789 892 856 de
930 790 1080 856 Mertcna
1115 797 1150 854 et
1187 789 1357 854 Decanum
1394 799 1429 855 et

217 921 259 950 1¹¹¹·
318 900 509 987 Capitulum
536 898 566 962 S.
589 897 684 962 Pauli
706 895 871 960 Londonie
895 893 936 960 de
960 894 1100 980 quadam
1124 893 1261 980 piscaria
1282 902 1429 960 remanet

318 1004 388 1068 sine
407 1002 461 1067 die
477 1000 554 1087 quia
573 999 664 1064 Prior
683 998 763 1064 alibi
782 997 958 1084 assumpsit
979 997 1128 1062 habitum
1147 995 1312 1084 religionis
1320 997 1340 1064 '.
1384 998 1428 1062 Et

318 1130 393 1173 cum
429 1107 513 1172 alius
545 1105 637 1170 Prior
665 1104 764 1170 fuerit
793 1111 921 1169 creatus
950 1111 984 1168 et
1014 1103 1119 1168 factus
1148 1110 1428 1168 resummoneatur

319 1211 454 1297 loquela

384 1313 631 1378 Bartholomeus
660 1311 700 1377 de
731 1312 765 1378 la
787 1311 876 1376 Hose
902 1309 1111 1374 athaohiatus
1134 1309 1199 1374 suit
1228 1309 1270 1374 ad
1299 1331 1428 1394 respon·

227 1431 249 1460 ¹⁰
319 1417 461 1482 dendum
491 1416 615 1481 Abbati
645 1415 686 1480 de
716 1415 808 1479 Bello
838 1413 942 1478 Looo⁸
971 1435 1070 1500 quare
1106 1435 1171 1478 non
1200 1413 1278 1478 facit
1307 1423 1427 1478 sectam

319 1522 361 1587 ad
379 1521 384 1608 Ι
405 1523 527 1587 curiam
557 1521 659 1608 ipsius
688 1519 829 1585 Abbatis
858 1519 899 1584 de
930 1517 1131 1596 Ferenduna,
1161 1527 1195 1584 et
1224 1517 1311 1584 unde
1341 1517 1428 1582 idem

319 1627 431 1692 Abbas
460 1649 518 1712 per
545 1633 747 1690 attomatum
773 1647 869 1688 suum
897 1622 977 1688 dicit
1003 1622 1090 1707 quod
1116 1645 1191 1686 cum
1218 1623 1337 1688 habeat
1360 1644 1429 1686 ma-

320 1729 446 1794 nerium
476 1729 516 1793 de
543 1728 738 1794 Ferenduna
766 1751 807 1792 ex
830 1727 915 1792 dono
939 1727 1032 1792 Dom.
1053 1727 1154 1813 Regis
1179 1751 1255 1792 cum
1279 1726 1428 1792 omnibus

320 1832 528 1918 pertinenciis
543 1831 618 1909 suis,
630 1840 664 1896 et
679 1854 753 1896 cum
769 1831 856 1896 idem
869 1831 1117 1896 Bartholomeus
1131 1855 1259 1918 semper
1272 1830 1428 1918 quamdiu

319 1935 500 1998 manerium
530 1933 611 1998 illud
638 1933 702 1998 suit
724 1934 758 1997 in
781 1957 880 1998 manu
903 1934 1003 2021 Regis
1026 1943 1060 1999 et
1083 1935 1185 2000 eciam
1206 1958 1265 2022 per
1286 1935 1428 2000 multum

320 2047 449 2125 tempus
464 2048 636 2125 postquam
652 2039 715 2102 fuit
730 2039 765 2102 in
785 2060 883 2102 manu
905 2061 965 2104 aua
984 2039 1108 2104 solebat
1123 2041 1226 2104 facere
1247 2048 1369 2104 sectam
1387 2038 1428 2103 ad

320 2144 442 2208 curiam
465 2143 505 2207 de
529 2143 723 2207 Ferenduna
746 2141 874 2228 quando
897 2143 979 2206 latro
1003 2142 1050 2206 ibi
1074 2150 1158 2208 esset
1180 2141 1372 2207 iudicandus
1394 2149 1429 2206 et

320 2246 448 2334 quando
459 2246 558 2311 breue
570 2247 662 2310 Dom.
676 2245 775 2332 Regis
790 2245 837 2310 ibi
852 2253 936 2309 esset
951 2244 991 2309 de
1004 2244 1108 2310 recto‘
1120 2268 1178 2331 pro
1188 2245 1429 2310 afforciamento

319 2351 416 2428 curie,
439 2350 526 2416 idem
550 2350 797 2415 Bartholomeus
821 2349 984 2414 subtraxit
1009 2373 1043 2415 sc
1067 2350 1132 2414 iam
1157 2373 1215 2436 per
1240 2359 1306 2414 tres
1328 2371 1429 2413 annos

320 2452 406 2518 unde
428 2453 643 2519 deterioratus
670 2461 720 2518 est
747 2461 807 2518 etc.
832 2460 867 2518 et
892 2452 968 2516 inde
992 2452 1141 2538 producit
1163 2460 1292 2518 sectam
1338 2451 1429 2516 Dicit

319 2555 422 2620 eciam
444 2556 546 2642 quod⁶
569 2557 710 2622 balliuus
734 2556 836 2642 ipsius
859 2556 1000 2621 Abbatis
1025 2557 1138 2623 uenire
1164 2558 1247 2622 solet
1270 2556 1369 2621 semel
1393 2556 1428 2619 iu

319 2681 403 2724 anno
429 2659 517 2745 apud
547 2660 754 2746 Ingelesham
784 2659 826 2724 ad
855 2667 975 2724 terrem
1005 2659 1107 2744 ipsius
1136 2659 1357 2724 Bartholomei
1385 2657 1428 2724 ad

319 2760 502 2826 faciendum
534 2762 641 2826 uisum
671 2762 711 2826 de
737 2763 846 2826 franco
868 2761 975 2848 plegio
998 2769 1032 2826 et
1054 2761 1083 2826 si
1109 2761 1327 2827 misericordia
1351 2759 1427 2826 inde

318 2865 505 2948 proueniret
534 2865 620 2951 quod
649 2864 719 2948 ipse
745 2865 857 2929 Abbas
887 2865 1022 2929 baberet
1052 2865 1301 2931 misericordiam
1329 2865 1427 2944 illam,

319 2968 406 3032 idem
436 2969 683 3033 Bartholomeus
711 2991 776 3032 non
805 2968 969 3053 permittit
994 2969 1101 3054 ipsum
1134 2969 1294 3036 bellinum
1324 2969 1428 3034 facere

319 3073 427 3137 uisum
448 3073 489 3136 de
512 3074 619 3136 frenco
645 3072 753 3158 plegio
779 3095 838 3136 nec
863 3071 1095 3138 misericordias
1119 3072 1348 3158 prouenientes
1369 3071 1427 3136 ha·

318 3175 403 3252 bere,
418 3175 505 3240 unde
520 3175 735 3240 deterioratus
750 3182 799 3238 est
814 3182 873 3239 etc
890 3183 924 3238 et
939 3174 1015 3238 inde
1030 3175 1180 3260 producit
1195 3183 1324 3242 sectam.

384 3279 578 3344 Lambertus
610 3279 697 3342 filius
733 3278 890 3342 Bemardi
923 3278 1036 3343 eodem
1073 3279 1169 3343 modo
1201 3279 1429 3346 athachiatus⁸

318 3381 360 3446 ed
382 3381 641 3467 respondendum
662 3381 768 3448 eidem
791 3380 915 3446 Abbati
933 3404 1032 3467 quare
1055 3405 1120 3446 non
1142 3383 1220 3448 facit
1242 3391 1363 3448 sectam
1385 3381 1427 3446 ad

317 3484 495 3569 predictam
519 3483 641 3550 curiam
665 3485 705 3548 de
729 3483 930 3560 Ferenduna,
946 3492 981 3548 et
1004 3484 1090 3550 unde
1110 3485 1198 3550 idem
1217 3485 1329 3549 Abbas
1346 3483 1428 3548 dicit

318 3590 496 3674 quodcum
519 3590 638 3654 babeat
660 3589 841 3654 manerium
863 3588 945 3652 illud
967 3612 1041 3654 cum
1063 3599 1143 3676 pert.
1160 3589 1201 3655 de
1221 3589 1305 3654 dono
1327 3589 1428 3674 Regis

317 3693 348 3758 J.
364 3693 542 3757 secundum
558 3692 643 3777 quod
658 3693 842 3778 predictum
858 3702 907 3757 est
923 3702 957 3757 et
978 3693 1065 3758 idem
1086 3693 1280 3758 Lambertus
1300 3715 1428 3778 semper

317 3795 399 3860 solet
421 3795 524 3860 facere
550 3804 671 3859 sectam
701 3795 743 3860 ad
772 3795 951 3880 predictam
981 3795 1104 3860 curiam
1130 3796 1171 3860 de
1197 3795 1362 3882 quindena
1390 3795 1426 3860 in

317 3899 515 3986 quindenam
541 3899 670 3984 quando
693 3889 924 3984 placitum'ibi
948 3907 1042 3978 esset,
1064 3899 1151 3964 idem
1175 3899 1369 3964 Lambertus
1391 3922 1427 3964 se

350 4033 360 4066 ¹
378 4033 428 4084 Sic.
894 4031 938 4082 the
953 4047 1059 4082 mauors
1075 4031 1104 4082 of
1118 4031 1266 4095 Faringdon
1278 4031 1331 4082 and
1341 4032 1426 4094 Ingle-

349 4099 360 4130 ²
377 4097 426 4146 His
443 4112 519 4146 name
536 4097 559 4146 is
577 4097 647 4148 Giles
664 4095 717 4147 and
738 4096 772 4145 he
794 4095 844 4146 has
895 4097 969 4146 sham
981 4097 1033 4146 will
1045 4097 1076 4147 be
1087 4098 1177 4148 found.

317 4163 421 4212 become
442 4177 458 4211 a
486 4162 628 4212 Cistsrcian
654 4165 683 4211 at
709 4161 842 4212 Boaulieu.
927 4162 1135 4213 ⁴Whenaurit
1148 4164 1176 4212 ot
1191 4161 1262 4226 right
1278 4177 1330 4212 was
1347 4165 1376 4214 to
1392 4161 1425 4214 be

317 4229 386 4278 Ann.
411 4227 483 4276 Mon.
506 4228 555 4277 vol.
578 4229 602 4286 2,
623 4241 648 4289 p.
673 4227 731 4285 310,
751 4227 800 4278 vot
820 4229 843 4286 3,
896 4226 970 4276 tried.

317 4308 343 4355 p.
357 4293 412 4341 las.
928 4293 939 4325 ⁶
956 4293 1055 4356 Supply
1065 4307 1121 4342 ctam
1134 4293 1163 4358 (t)

350 4356 510 4406 ³Beaulien.
545 4357 592 4406 See
609 4357 720 4408 Monast.
747 4357 796 4406 vol.
820 4358 844 4413 5,
929 4356 1113 4421 ⁸Supplyeat.

318 4437 343 4482 p.
363 4421 419 4483 683,
432 4421 514 4472 ubere
531 4421 599 4483 King
616 4421 709 4471 John's
725 4425 802 4484 grant
819 4423 848 4470 of
