3360 5236
350 385 420 472 '568
653 389 793 479 armar,
816 416 881 468 ιιι.
907 405 999 479 1233,
1022 419 1084 468 ιιι.
1111 403 1160 472 17.
1283 411 1288 420 ’

356 594 448 660 bium
462 589 503 658 de
518 587 658 678 quodam
673 591 839 680 mesuagio
854 591 956 678 ipsius
970 593 1130 658 Johannis
1150 593 1236 680 quod
1253 602 1333 658 tunc
1348 591 1472 660 habuit

356 699 391 764 in
418 696 585 763 Londonia
611 703 646 761 et
671 719 746 761 cum
770 695 920 761 omnibus
943 705 1023 783 pert.
1047 696 1115 762 auis
1136 705 1298 784 quatenus
1318 697 1472 762 sufficere

356 808 464 888 possm
492 821 567 865 cum
597 798 747 863 omnibus
775 805 856 884 pert.
881 798 949 864 suis
978 807 1013 864 et
1041 799 1128 885 quod
1157 799 1199 864 ad
1228 821 1472 886 quemcumque

356 903 559 991 mesuagium
573 902 656 968 illud
670 925 745 967 cum
763 911 843 988 pert.
860 902 1031 968 deueniret
1050 903 1136 990 quod
1156 912 1324 970 teneretur
1341 904 1469 970 eisdem

356 1007 494 1074 Ricardo
517 1015 552 1071 et
577 1004 738 1086 Quenilde
761 1013 796 1070 et
823 1005 997 1072 heredibus
1020 1030 1131 1073 eorum
1153 1009 1207 1074 uel
1229 1007 1401 1095 assignatis
1424 1007 1473 1073 ad

356 1111 487 1198 plenam
502 1117 536 1176 et
550 1109 765 1176 sufficientem
781 1111 1084 1176 warantizationem.

422 1216 466 1280 Et
481 1215 588 1280 Alicia
601 1214 751 1301 pmduoit
770 1213 949 1300 predictam
970 1215 1144 1282 Ieabellarn
1162 1239 1226 1303 quc
1246 1239 1312 1281 non
1331 1224 1382 1282 est
1401 1214 1473 1280 nisi

356 1319 412 1407 iiij.
428 1343 595 1398 annorum,
610 1327 644 1384 et
659 1319 739 1385 dicit
753 1319 840 1406 quod
854 1319 925 1406 ipsa
938 1319 1039 1384 nichil
1061 1319 1161 1385 habet
1181 1320 1215 1384 in
1236 1321 1357 1386 mundo
1377 1319 1472 1384 unde

356 1422 458 1508 possit
479 1422 695 1500 warantizare,
715 1427 749 1485 et
770 1421 856 1506 petit
879 1420 1035 1486 iudicium
1057 1421 1085 1485 si
1106 1421 1225 1486 debeat
1245 1443 1314 1487 esse
1333 1430 1473 1508 propter

356 1524 417 1590 hoc
431 1525 501 1589 sine
516 1524 598 1588 dote.

421 1627 539 1692 Postea
567 1628 608 1692 de
637 1626 769 1692 consilio
797 1626 886 1691 curie
913 1625 1077 1712 prouisum
1109 1634 1159 1691 est
1188 1625 1276 1712 quod
1306 1625 1472 1692 Ricardus

356 1732 574 1819 Coppellanus
593 1731 651 1818 qui
671 1729 875 1817 mesuagium
895 1729 976 1794 illud
999 1738 1092 1795 tenet
1114 1737 1358 1795 summoneatur
1378 1731 1472 1816 quod

355 1835 439 1901 sita
459 1835 512 1900 die
532 1843 592 1900 eto.
607 1834 648 1900 ad
668 1833 927 1919 respondendum
947 1833 1054 1898 eidem
1077 1833 1214 1898 Ricardo
1237 1857 1301 1921 quo
1322 1843 1471 1900 waranto

355 1949 389 2004 et
403 1961 573 2026 perquem
587 1937 689 2002 habet
709 1937 889 2024 ingressum
910 1937 945 2001 in
965 1937 1168 2024 mesuagium
1188 1937 1271 2003 illud
1292 1947 1469 2024 postquam

353 2041 534 2130 obligatum
550 2041 613 2106 fuit
628 2039 733 2105 eidem
749 2039 886 2105 Ricardo
901 2039 943 2104 ad
958 2040 1147 2105 warentiam
1163 2041 1355 2118 habendam,
1371 2051 1406 2106 et
1420 2042 1469 2107 ad

353 2146 610 2233 respondendum
626 2145 666 2210 de
681 2145 843 2210 warentia
882 2145 926 2209 Et
941 2145 1179 2210 consideratum
1191 2146 1342 2233 estquod
1357 2146 1469 2212 Alioia

354 2251 559 2337 recuperauit
573 2249 724 2316 saisinam
739 2272 831 2314 suam
846 2249 976 2315 nomine
992 2249 1085 2315 dotis.

299 2407 305 2423 .
420 2355 582 2420 Robertus
602 2353 643 2418 de
665 2353 847 2439 Sproxtona
868 2352 1085 2418 summonitus
1106 2353 1170 2418 fuit
1191 2353 1234 2419 ad
1255 2353 1470 2419 warantizan-

285 2470 301 2500 ¹·
355 2455 435 2520 dum
456 2455 581 2521 Abbati
601 2454 643 2520 de
665 2454 871 2519 Riauallibus
893 2454 960 2539 xiij.
982 2477 1044 2521 acr.
1066 2464 1152 2521 terre
1178 2467 1212 2520 et
1234 2464 1400 2541 pasturam
1421 2456 1469 2522 ad

356 2581 428 2624 xxx.
444 2581 558 2624 uaccas
571 2581 646 2622 cnm
666 2579 733 2622 uno
753 2565 847 2621 tauro
869 2565 904 2622 ct
926 2557 1025 2644 xlviij.
1048 2557 1148 2624 boues
1169 2567 1204 2624 et
1226 2560 1267 2624 xi
1290 2581 1367 2624 oues
1389 2581 1467 2624 oum

355 2671 436 2748 pert.
451 2663 487 2727 in
502 2662 684 2748 Sproxtona
698 2683 761 2748 que
777 2669 869 2726 tenet
884 2669 918 2726 et
937 2661 978 2726 do
999 2685 1037 2727 eo
1055 2670 1166 2728 tenere
1185 2664 1312 2742 clamat,
1328 2671 1362 2729 et
1377 2665 1468 2730 unde

355 2775 478 2832 cartam
494 2765 635 2832 Simonis
649 2765 690 2830 de
712 2765 895 2850 Sproxtona
914 2765 1070 2830 auunculi
1091 2765 1143 2830 sui
1164 2766 1257 2832 cuius
1279 2766 1373 2832 heres
1394 2767 1467 2854 ipse

356 2880 406 2936 est
428 2871 529 2936 habet
551 2879 621 2948 etc,
644 2877 678 2935 et
700 2869 787 2935 unde
810 2869 958 2956 queritur
980 2869 1066 2956 quod
1088 2893 1162 2934 cum
1185 2879 1352 2957 pasturam
1374 2871 1467 2938 illam

356 2975 475 3041 habere
490 2974 608 3040 debeat
622 2995 681 3060 per
699 2981 821 3038 cartam
842 2973 932 3037 illam
953 2981 1083 3038 etcum
1105 2973 1192 3038 idem
1215 2973 1378 3040 Robertus
1399 2997 1466 3039 non

356 3079 457 3165 possit
471 3078 578 3144 aliena
596 3077 707 3142 auen’a
726 3076 761 3140 in
781 3084 948 3162 pasturam
966 3075 1056 3140 illam
1071 3076 1265 3162 recolligere,
1280 3077 1345 3141 scii
1361 3077 1465 3141 homi-

355 3207 435 3248 num
464 3182 598 3248 alterius
627 3178 810 3267 religionis¹
847 3187 980 3266 propter
1014 3177 1101 3265 quod
1137 3201 1342 3244 communem
1371 3203 1465 3244 suam

356 3287 474 3352 habere
499 3308 565 3350 non
588 3291 703 3370 potest
748 3283 836 3347 Item
862 3281 943 3346 dicit
968 3280 1153 3368 quodcum
1179 3289 1345 3366 pasturam
1374 3281 1466 3346 illam

355 3389 474 3455 habere
490 3388 608 3455 debeat
627 3411 686 3474 per
704 3395 808 3452 totam
828 3395 948 3451 terram
968 3385 1070 3472 ipsius
1091 3385 1227 3450 Roberti
1241 3385 1362 3472 ubique
1377 3385 1465 3450 idem

357 3493 518 3576 Robertus
533 3515 596 3556 non
611 3490 775 3578 permittit
789 3511 865 3554 eum
881 3511 1085 3554 communem
1101 3489 1219 3554 habere
1237 3489 1272 3553 in
1291 3489 1386 3554 bosco
1405 3511 1466 3554 suo

357 3595 414 3682 qui
428 3603 564 3660 uocatur
579 3593 726 3660 Oscekou
742 3615 802 3657 nec
816 3591 970 3656 hussbote
986 3613 1045 3656 nec
1067 3591 1207 3678 haybote
1227 3599 1359 3678 propter
1378 3592 1466 3678 quod

356 3700 569 3765 deterioratus
584 3709 634 3763 est
649 3707 684 3762 et
698 3698 876 3782 dampnum
892 3694 992 3760 habet
1006 3694 1048 3759 ad
1063 3695 1245 3760 ualcnoiam
1260 3704 1393 3760 centum
1408 3696 1463 3760 sol.

357 3813 391 3871 et
406 3805 482 3870 inde
499 3803 646 3890 producit
660 3810 790 3868 sectam.

423 3910 466 3974 Et
489 3909 650 3973 Robertua
672 3906 765 3971 uenit
787 3913 821 3970 et
843 3903 1006 3990 cognoscit
1027 3911 1150 3968 cartam
1170 3910 1205 3968 et
1225 3903 1256 3968 ei
1276 3904 1465 3969 warantizat

356 4011 533 4079 secundum
557 4011 643 4098 quod
668 4011 704 4076 in
729 4018 818 4075 carta
841 4008 1027 4074 continetur
1048 4008 1112 4072 scil.
1137 4015 1304 4092 pasturam
1326 4007 1368 4072 ad
1390 4031 1463 4074 xxx.

357 4139 471 4182 uaccas
490 4137 564 4180 cum
585 4137 650 4180 uno
670 4121 764 4178 tauro
784 4120 818 4178 et
838 4111 880 4177 ad
900 4111 999 4197 xlviij.
1014 4111 1114 4176 boues
1135 4109 1230 4176 etad
1250 4111 1466 4198 quadraginta

389 4309 399 4341 ¹
418 4308 495 4358 Some
515 4305 599 4356 words
620 4308 692 4356 must
711 4306 743 4356 be
759 4304 880 4368 wanting
934 4305 1057 4375 collaetari
1075 4305 1119 4358 tha
1138 4307 1224 4358 beasts
1246 4308 1274 4358 oi
1296 4323 1366 4358 soma
1388 4307 1464 4358 other

359 4373 414 4424 Tha
425 4373 508 4422 Abbot
520 4373 548 4421 of
563 4372 686 4422 Rievaulx
702 4375 775 4420 must
791 4371 884 4432 charge
934 4375 1091 4435 monastery.

358 4439 452 4490 Robcrt
475 4437 537 4486 with
559 4437 656 4500 haring
679 4433 806 4487 attracted
831 4435 883 4486 aad
