3276 5234
142 465 275 514 rumrrr
288 464 381 514 rann
395 463 467 514 nun
482 463 682 514 mnnnrsnx
698 463 798 524 aruc,
813 463 878 513 an.
892 450 986 526 1229,
1001 464 1065 515 nu.
1079 453 1128 516 13.
1170 451 1234 519 287

141 635 276 722 predicta
304 644 398 714 terra,
421 635 472 700 ita
494 633 581 721 quod
606 633 771 720 predictus
800 632 961 698 Radulfus
990 635 1043 700 uir
1069 658 1148 701 suus
1173 637 1237 702 suit

140 741 259 804 scisitus
278 739 319 806 de
334 740 463 805 duabus
482 739 631 825 partibus
646 738 791 804 eiusdem
806 746 891 802 terre
907 746 941 803 et
961 738 1002 804 de
1023 740 1124 804 tercia
1145 747 1237 826 parte

141 851 174 906 ut
194 841 232 906 de
253 864 292 906 ea
308 865 407 929 quam
429 841 571 906 Isabella
592 864 673 906 uxor
694 840 836 905 Baldrici
857 841 964 906 fratria
985 841 1087 928 ipsius
1107 844 1237 908 Radulfi

141 945 339 1032 primogeniti
354 945 464 1010 tenuit
479 943 519 1008 de
539 965 578 1008 eo
597 943 631 1008 in
647 942 764 1008 dotem
811 943 855 1007 Et
869 943 947 1030 quia
967 943 1113 1029 predicta
1126 945 1238 1011 Alesia

142 1047 253 1110 nullam
274 1055 399 1112 sectam
423 1045 572 1132 producit
587 1045 674 1131 quod
695 1045 807 1110 taliter
827 1055 913 1112 esset
932 1045 1053 1124 dotata,
1068 1047 1237 1114 Consider-

141 1159 222 1214 atum
243 1159 293 1214 est
310 1149 401 1236 quod
416 1149 601 1214 Willelmus
618 1147 694 1212 inde
712 1148 781 1213 sine
799 1146 852 1212 die
872 1155 908 1213 et
929 1148 1040 1214 Alesia
1057 1149 1092 1214 in
1113 1150 1236 1216 miseri·

142 1251 242 1317 cordia

97 1398 102 1410 ·
198 1355 358 1421 Robertus
375 1354 415 1420 de
431 1353 569 1421 Camere
583 1353 704 1440 optulit
718 1376 753 1418 se
768 1353 846 1441 iiijffl.
863 1353 915 1420 die
931 1376 1043 1420 uersus
1058 1355 1235 1422 Radulfum
1290 1375 1358 1418 nna

142 1457 175 1524 de
201 1459 310 1524 Monte
341 1458 473 1524 Fieheti
497 1457 539 1522 de
563 1457 684 1542 placito
707 1457 793 1543 quod
817 1457 1009 1544 respondeat
1033 1460 1066 1524 ei
1089 1459 1130 1525 de
1156 1483 1234 1546 pace
1248 1481 1392 1522 murato-r

142 1561 222 1627 Dom
240 1561 341 1648 Regis
364 1561 503 1626 infracta
523 1569 558 1624 et
579 1560 621 1625 de
642 1559 804 1624 mahemio
825 1561 912 1625 unde
934 1583 1009 1625 eum
1031 1563 1152 1648 apellat
1174 1573 1233 1630 ete
1247 1529 1383 1661 iffi?

143 1663 179 1728 Et
193 1663 370 1730 uicecomes
390 1663 561 1729 mandauit
575 1662 661 1749 quod
679 1685 743 1727 non
763 1663 828 1728 fuit
847 1662 1002 1730 inuentus
1023 1664 1058 1730 in
1077 1666 1234 1732 comitatu
1247 1633 1394 1756 {3:23ss

142 1775 170 1828 ot
189 1767 257 1831 ideo
279 1765 451 1832 distrinxit
477 1787 552 1830 enm
575 1787 634 1851 per
663 1772 765 1829 terras
794 1773 829 1830 et
857 1766 975 1831 catalla
1002 1789 1059 1852 pro
1087 1768 1234 1854 pluribus
1247 1763 1375 1848 §.fffiffl

142 1868 255 1935 defaltis
277 1892 362 1956 quas
387 1870 477 1955 prius
500 1871 620 1934 fecerat
642 1869 691 1934 ita
713 1869 800 1955 quod
822 1869 909 1956 cepit
934 1879 1054 1936 terram
1075 1895 1168 1938 suam
1193 1873 1233 1939 de
1247 1857 1399 1989 ffigfflpil'

143 1972 246 2038 Lesues
260 1983 294 2038 et
309 1973 464 2038 similiter
477 1972 595 2037 catalla
608 1993 741 2058 suaque
755 1971 884 2036 inuenit
898 1972 932 2036 in
943 1973 1056 2038 eodem
1067 1975 1232 2041 comitatu.
1247 1995 1383 2083 {mptum

143 2075 179 2140 st
204 2077 278 2163 qua
298 2077 390 2142 icem
413 2076 572 2141 Murrus
601 2097 666 2140 non
695 2075 788 2140 uena
810 2077 852 2142 au
874 2099 987 2162 paam
1011 2078 1104 2145 nom.
1135 2077 1234 2166 nega
1247 2053 1313 2128 teu

141 2179 175 2244 ad
193 2181 343 2246 standum
367 2179 443 2246 inde
465 2189 562 2257 recto,
576 2187 764 2265 preceptum
787 2188 837 2244 est
858 2180 1042 2246 uicecomiti
1062 2183 1148 2268 quod
1170 2183 1233 2248 cla·
1246 2151 1397 2285 ᾗῇ

142 2305 216 2348 marc
229 2307 302 2348 eum
316 2283 417 2348 faciat
432 2291 468 2348 et
482 2282 611 2368 exigere
625 2281 661 2346 in
676 2281 833 2346 comitatu
845 2303 903 2346 suo
914 2305 973 2368 per
983 2291 1050 2348 tres
1060 2285 1234 2351 comitatus
1247 2292 1392 2384 32⁰3an

143 2387 271 2470 proximo
290 2393 469 2472 sequentes
490 2392 563 2470 post
583 2383 821 2468 suscepeionem
841 2383 936 2449 istius
953 2385 1071 2464 breuis,
1086 2399 1121 2452 et
1142 2389 1171 2452 si
1191 2389 1234 2454 ad
1246 2387 1386 2474 ffllfflffi?

143 2490 258 2555 terciam
273 2491 470 2556 comitatum
484 2511 549 2553 non
564 2487 692 2552 uenerit
706 2495 785 2552 tunc
800 2487 933 2552 mandet
947 2487 1131 2556 iusticiariis
1146 2491 1233 2577 apud

143 2593 455 2660 Westrnonasterium
470 2592 638 2680 quidinde
656 2592 768 2658 fecerit
782 2601 817 2657 et
831 2593 860 2657 si
880 2593 1008 2658 uenerit
1025 2594 1068 2659 ad
1090 2595 1233 2682 aliquem

143 2697 228 2762 tn'um
241 2698 460 2762 comitatuum
474 2695 518 2760 ad
532 2695 684 2760 standum
699 2702 787 2760 recto
806 2694 846 2759 de
866 2695 1011 2781 predicto
1032 2699 1137 2783 apello
1155 2706 1234 2765 tunc

143 2801 234 2886 capiat
247 2823 366 2888 corpus
379 2821 476 2865 suurn
492 2809 527 2864 et
541 2799 622 2864 illud
640 2799 759 2864 habeat
776 2821 882 2864 coram
902 2800 1036 2886 prefatis
1050 2801 1234 2868 iusticiariis

143 2903 177 2966 ul
195 2905 355 2988 prefatum
382 2902 558 2967 terminum
584 2909 619 2966 et
643 2901 775 2966 interim
804 2909 907 2966 totam
936 2911 1056 2968 terram
1081 2927 1173 2970 suam
1199 2906 1234 2972 in

143 3007 282 3073 comitatu
310 3029 372 3073 suo
397 3017 433 3072 et
458 3007 567 3072 omnia
590 3005 707 3071 catalla
731 3028 791 3071 sua
814 3005 863 3070 ita
891 3007 981 3072 saluo
1009 3008 1171 3074 custodiat
1199 3010 1234 3075 in

144 3131 227 3176 manu
248 3111 346 3177 Dom
371 3111 471 3198 Regis
493 3110 580 3196 quod
601 3109 688 3175 idem
710 3111 870 3176 Radullirs
891 3111 932 3176 ad
955 3133 1147 3178 camanum
1169 3136 1234 3180 non

142 3222 275 3298 apponat

100 3369 105 3380 .
196 3317 357 3384 Beatricia
385 3339 449 3404 que
474 3317 539 3384 fuit
562 3339 643 3382 uxor
665 3317 797 3383 Unfn'di
823 3317 864 3382 de
888 3318 989 3384 Bosco
1014 3319 1100 3406 petit
1122 3343 1234 3389 uersus

142 3418 309 3486 Ranulfum
330 3421 372 3486 de
394 3420 567 3506 Hurlegha
590 3419 723 3484 terciam
748 3429 876 3507 partem
894 3422 918 3508 j.
946 3421 1021 3488 hide
1045 3433 1130 3491 terre
1159 3450 1234 3494 oum

142 3523 242 3605 pertin
257 3525 296 3589 in
312 3523 585 3611 Hingelescomba
600 3532 638 3588 ut
652 3524 762 3589 dotem
776 3547 869 3589 suam
890 3534 950 3590 etc.
965 3527 1053 3593 unde
1070 3530 1235 3615 predictus

144 3627 286 3696 Unfridus
303 3637 363 3695 etc.

197 3732 238 3797 Et
250 3732 415 3798 Ranulfus
429 3733 523 3797 uenit
537 3740 572 3796 et
585 3731 666 3796 dicit
681 3731 766 3818 quod
781 3732 992 3820 implacitatus
1007 3745 1057 3802 est
1074 3761 1132 3824 per
1145 3741 1235 3808 aliud

143 3831 228 3900 breue
247 3837 290 3902 de
313 3837 426 3902 eadem
447 3844 534 3901 terra
549 3837 621 3922 [per
639 3836 776 3902 eandem
797 3859 856 3924 per
876 3839 976 3905 breue
998 3839 1038 3906 ds
1060 3841 1167 3926 dote¹]
1186 3843 1235 3908 ita

143 3939 216 4022 quod
229 3942 338 4007 uisum
353 3941 450 4027 petiit
464 3941 499 4006 in
513 3941 616 4006 banco
630 3950 665 4006 et
679 3941 780 4007 habet
794 3943 881 4006 diem
902 3949 960 4007 etc
1006 3943 1051 4008 Et
1074 3945 1236 4012 Beatricia

144 4040 194 4108 hoc
206 4045 290 4110 idem
305 4045 469 4132 cognoscit
489 4053 525 4110 et
539 4045 668 4132 quesita
684 4047 725 4112 ad
740 4046 827 4134 quod
846 4047 946 4112 breue
966 4048 1048 4113 uelit
1070 4071 1104 4114 sc
1123 4057 1234 4116 tencre

171 4207 180 4240 ¹
193 4209 282 4262 lnote
293 4226 328 4261 on
340 4210 385 4262 tha
403 4211 480 4262 incer
494 4211 607 4275 margin.
640 4211 654 4264 1
705 4211 811 4264 Geneal.
824 4213 874 4264 vol,
887 4213 911 4272 1,
923 4228 949 4276 p.
964 4214 1004 4266 71.

144 4281 275 4326 annotat
285 4280 391 4339 present
401 4277 504 4340 explain
520 4278 575 4326 this
590 4279 654 4328 nllu-
736 4280 747 4310 ¹
765 4277 821 4328 The
841 4277 926 4328 words
945 4279 1038 4329 within
1055 4278 1174 4330 brackets
1190 4295 1235 4332 arc

144 4339 206 4396 riom
221 4340 304 4390 butin
317 4343 382 4392 1256
393 4341 466 4392 thera
477 4343 655 4406 wasaBalph
705 4341 820 4393 inserted
847 4343 880 4406 by
905 4343 950 4394 the
977 4345 1124 4396 messione!
1152 4361 1234 4397 anno·

145 4403 169 4451 ol
182 4404 272 4468 Gorgos
282 4405 341 4456 who
351 4406 406 4457 had
417 4407 529 4458 married
540 4407 656 4458 Eleusa
706 4411 784 4458 tator.
1121 4455 1123 4462 .

145 4465 521 4532 dsughterolIroclldorsvill.
547 4471 653 4523 (laland.
