3212 5230
377 440 439 502 356
586 451 819 508 urcsrnnuaa
842 451 906 500 au.
931 437 1024 514 1230,
1048 453 1109 502 nu
1135 438 1271 516 14-15,

376 625 423 692 eis
442 624 511 690 dies
532 621 643 688 datus¹
664 645 762 709 super
781 623 887 687 locum
909 622 1004 688 illum
1027 631 1062 688 et
1083 622 1221 710 placiam
1243 623 1333 690 illam
1356 623 1398 690 de
1420 646 1496 711 qua

376 729 439 794 fuit
454 727 628 806 contencio,
643 727 685 792 ed
700 750 796 814 quem
811 727 898 792 diem
912 736 946 792 et
958 729 1063 794 locum
1076 739 1326 817 comparuerunt
1337 730 1493 795 Abbates

376 843 411 900 et
430 835 465 899 in
484 833 649 920 presencia
671 832 871 898 uicecomitis
893 841 929 896 et
951 832 1113 898 hundredi
1135 842 1270 920 questus
1292 834 1355 899 fuit
1377 834 1493 899 dictus

377 937 488 1002 Abbes
510 936 551 1001 de
574 936 744 1022 Burdenay
767 935 853 1022 quod
878 935 965 1000 idem
988 935 1100 1001 Abhas
1122 936 1162 1001 de
1184 937 1388 1024 Tuppeholm
1411 937 1493 1023 plus

376 1041 512 1108 attraxit
541 1040 582 1106 ad
612 1039 741 1104 feodum
771 1061 867 1103 suum
897 1060 995 1124 quam
1025 1038 1065 1103 de
1090 1039 1161 1104 iure
1183 1040 1347 1105 attrahere
1369 1039 1493 1106 debuit

376 1147 441 1212 scil.
471 1169 499 1211 v.
526 1168 587 1210 aer.
610 1153 704 1221 terre,
727 1144 805 1230 quia
827 1141 959 1230 quidam
981 1141 1147 1208 Walterus
1170 1143 1282 1209 Abbas
1303 1151 1494 1208 antecessor

376 1275 454 1317 suus
469 1251 532 1316 fuit
547 1250 676 1316 saisitus
691 1249 731 1314 de
747 1248 860 1314 eedem
876 1255 963 1313 terra
977 1256 1015 1312 ut
1031 1248 1071 1313 de
1093 1247 1186 1314 feodo
1207 1257 1241 1314 et
1261 1249 1331 1314 iure
1352 1249 1493 1314 ecclesie

376 1379 433 1422 sue
456 1365 490 1421 et
510 1355 556 1420 sic
575 1354 721 1420 Abbates
741 1361 775 1418 et
796 1373 991 1417 successores
1011 1360 1046 1416 et
1066 1351 1125 1418 hoc
1140 1352 1262 1438 optulit
1276 1353 1414 1439 probare
1430 1375 1494 1439 per

377 1481 492 1545 corpus
507 1456 675 1523 cuiusdam
691 1455 784 1520 liberi
800 1454 940 1519 hominis
955 1454 1006 1519 sui
1022 1463 1082 1520 etc.

443 1561 503 1627 Et'
516 1561 628 1626 Abbas
643 1559 683 1625 de
699 1558 904 1646 Tuppeholm
923 1559 1017 1623 uenit
1037 1565 1071 1622 et
1092 1557 1239 1623 defendit
1259 1558 1312 1624 ius
1331 1581 1432 1624 suum
1457 1567 1494 1623 et

377 1666 528 1732 seisinam
550 1664 689 1751 predicti
711 1663 851 1728 Abbatis
873 1671 908 1727 et
929 1662 1040 1748 posuit
1061 1684 1096 1726 se
1118 1662 1153 1726 in
1176 1685 1329 1750 magnam
1352 1664 1492 1729 assisam

378 1771 471 1836 Dom.
494 1770 593 1857 Regia
622 1769 662 1834 de
684 1769 754 1833 iure
778 1777 812 1832 et
834 1768 883 1832 ita
905 1767 990 1853 quod
1016 1767 1194 1832 uicecomes
1215 1765 1307 1832 dedit
1328 1768 1375 1832 eis
1398 1767 1493 1832 diem

377 1875 419 1940 ed
442 1875 623 1962 proximum
642 1873 833 1938 comitatum
854 1880 892 1936 ut
914 1870 990 1936 inde
1012 1869 1265 1956 responderent⁸.
1312 1870 1365 1935 Ad
1387 1893 1491 1957 quem

378 1979 569 2044 comitatum
596 1985 733 2062 utraque
756 1983 849 2061 parte
873 1982 1079 2060 comparente
1100 1973 1179 2037 tulit
1202 1973 1289 2038 idem
1311 1973 1426 2039 Abhas
1450 1973 1494 2038 de

378 2081 581 2169 Tuppeholm
596 2079 695 2144 breue
711 2079 803 2144 Donn
821 2077 920 2166 Regis
935 2077 975 2142 de
990 2075 1139 2162 ponenda
1154 2077 1282 2162 loquela
1295 2077 1331 2142 in
1345 2077 1492 2142 bancum

378 2196 412 2254 et
427 2187 467 2252 de
483 2183 612 2250 recordo
626 2183 748 2247 ibidem
764 2181 910 2246 faciendo
925 2189 959 2244 et
973 2179 1161 2266 priusquam
1176 2179 1307 2266 aliquod
1327 2180 1492 2245 iudicium

379 2291 454 2358 inde
471 2289 562 2354 fieret
577 2287 612 2352 in
626 2288 783 2352 comitatu
799 2287 853 2350 uel
868 2295 1044 2370 antequam
1066 2284 1194 2370 loquela
1214 2285 1382 2370 querelata
1401 2295 1492 2350 esset

378 2395 413 2461 in
443 2394 606 2459 comitatu.
653 2391 696 2455 Et
726 2389 871 2454 Abbates
901 2389 1020 2475 quesiti
1050 2389 1077 2454 si
1107 2388 1172 2452 tale
1202 2397 1287 2454 esset
1309 2389 1492 2466 recordum,

377 2500 490 2565 dicunt
504 2497 591 2584 quod
606 2497 672 2561 tale
692 2503 750 2561 est.
794 2493 892 2559 Unde
913 2493 1161 2559 Consideratum
1177 2503 1227 2558 est
1245 2493 1331 2580 quod
1347 2493 1492 2579 predicti

378 2613 517 2692 quatuor
531 2601 652 2667 milites
667 2599 819 2665 recedant
835 2598 939 2686 quieti
954 2599 1031 2686 quia
1046 2599 1173 2663 nullum
1188 2597 1346 2664 iudicium
1363 2599 1491 2662 factum

378 2709 441 2776 fuit
470 2709 505 2773 in
535 2707 701 2783 comitatu,
724 2713 758 2768 et
788 2704 865 2790 quia
893 2703 1003 2768 nullus
1032 2703 1229 2789 sequebatur
1251 2703 1349 2768 breue
1372 2723 1492 2766 uersus

379 2812 571 2878 comitatum
586 2809 659 2875 ideo
674 2809 784 2873 nullus
798 2808 833 2872 in
848 2807 1073 2872 misericordia
1094 2805 1099 2892 Ι

443 2916 480 2981 ‘J
481 2916 623 2981 ohannes
638 2913 678 2978 de
699 2914 731 2978 la
747 2913 848 2978 Stoke
863 2912 1070 2978 athachiatus
1090 2911 1153 2976 fuit
1168 2911 1208 2976 ad
1225 2911 1490 2996 respondendum

379 3019 519 3086 Oristine
535 3018 575 3083 de
591 3019 623 3082 la
638 3017 740 3083 Stoke
755 3039 817 3104 que
833 3025 883 3081 est
897 3017 981 3080 infra
995 3025 1118 3080 etatem
1140 3037 1238 3102 quare
1258 3038 1323 3080 non
1344 3025 1440 3080 tenet
1461 3015 1491 3082 ei

379 3125 477 3189 finem
506 3124 627 3188 lactum
659 3122 693 3186 in
722 3121 812 3186 curia
834 3121 926 3186 Dom.
951 3121 1050 3208 Regis
1073 3143 1178 3186 coram
1201 3121 1387 3187 iusticiariis
1410 3122 1490 3187 itin-

378 3227 544 3294 erantibus
558 3227 592 3292 in
608 3227 720 3292 eodem
735 3226 891 3292 comitatu
907 3226 993 3291 inter
1003 3226 1111 3314 ipsum
1123 3228 1146 3292 J
1146 3227 1306 3292 ohannem
1318 3236 1489 3313 petentem

379 3341 413 3398 et
428 3333 607 3398 Roberturn
622 3332 662 3397 de
678 3332 711 3398 la
725 3332 827 3398 Stoke
847 3340 974 3418 patrem
995 3331 1097 3418 ipsius
1119 3331 1259 3397 (histine
1280 3331 1372 3396 cuius
1394 3333 1491 3398 heres

379 3437 450 3523 ipsa
471 3447 521 3502 est
539 3445 705 3502 tenentem
727 3436 767 3502 de
788 3437 893 3502 tribus
913 3436 992 3523 uirg.
1010 3446 1094 3502 terre
1115 3460 1189 3502 cum
1209 3445 1289 3523 pert.
1305 3437 1340 3501 in
1356 3437 1490 3503 Sumer-

381 3541 475 3607 lande
490 3541 576 3607 unde
598 3541 824 3628 cirographum
840 3539 925 3627 quod
946 3541 1066 3625 profert
1082 3549 1116 3606 et
1132 3540 1218 3626 quod
1238 3548 1380 3605 testatur
1401 3540 1490 3627 quod

381 3645 544 3734 predictus
563 3645 729 3712 Johannes
748 3645 936 3732 recognouit
957 3653 1060 3710 totam
1083 3644 1260 3730 predictam
1278 3653 1398 3709 terram
1414 3667 1488 3708 cnm

382 3758 462 3838 pert.
486 3771 554 3814 esse
573 3749 624 3814 ius
646 3749 747 3834 ipsius
770 3748 913 3824 Roberti‚
936 3756 970 3812 et
999 3747 1086 3812 idem
1109 3747 1270 3834 Rogems³
1291 3769 1349 3833 pro
1372 3748 1487 3814 eadem

381 3854 600 3942 recognicione
624 3853 715 3918 dedit
738 3861 771 3918 et
794 3851 950 3918 concessit
970 3851 1075 3916 eidem
1097 3851 1240 3918 Johanni
1258 3875 1309 3917 xx.
1324 3874 1387 3918 aer.
1404 3861 1488 3918 terre

381 3981 455 4023 eum
470 3964 550 4043 pert.
567 3956 607 4021 de
623 3956 736 4022 eedem
751 3965 838 4021 terra
852 3964 923 4032 etc,
937 3963 971 4019 et
986 3953 1073 4019 unde
1093 3955 1163 4039 ipsa
1179 3953 1321 4019 Cristina
1341 3955 1489 4040 queritur

382 4056 467 4144 quod
482 4057 551 4142 ipse
566 4056 589 4120 J
590 4055 732 4120 ohannes
746 4063 858 4120 contra
871 4053 969 4118 finem
985 4053 1078 4118 illurn
1090 4052 1228 4118 attrahit
1239 4051 1302 4118 sibi
1313 4053 1488 4118 seruicium

381 4156 532 4245 Hugonis
562 4155 659 4221 Fabri
682 4155 746 4220 scil
774 4155 854 4220 duos
883 4153 937 4220 sol.
964 4176 1022 4240 per
1050 4175 1122 4218 ann.
1148 4161 1182 4217 et
1212 4152 1386 4218 senricium
1416 4151 1488 4217 Ade

414 4347 423 4380 ¹
441 4346 499 4397 Om.
511 4347 593 4408 detra,
607 4345 637 4395 Δ.
990 4345 1002 4379 ⁸
1018 4346 1182 4410 responderet,
1195 4344 1225 4394 Δ.

414 4411 497 4462 ¹The
514 4409 603 4462 record
622 4410 651 4462 ol
668 4409 713 4461 the
730 4413 828 4475 county
846 4425 906 4462 eon·
990 4411 1002 4444 ⁴
1017 4413 1047 4462 A.
1062 4425 1098 4460 m.
1111 4409 1162 4461 ed.

382 4478 476 4529 tinuea
990 4477 1000 4508 ⁶
1016 4477 1087 4528 Corr.
1101 4477 1230 4528 liebertus.
