3276 5234
360 456 500 542 [Hilury
524 456 591 523 aad
614 457 737 530 Ecstor,
762 472 827 521 au.
852 460 946 536 1228,
968 475 1032 524 Aa.
1057 461 1120 544 12]
1232 461 1292 527 221

185 641 324 728 uirgatis
353 649 436 706 terre
461 648 498 705 et·
527 639 623 727 sigill'
647 639 842 727 cyrogiaph'‚
868 649 903 705 et
928 641 1008 706 dicit
1037 643 1123 728 quod
1149 665 1187 708 eo
1217 644 1294 730 qu0¹

183 745 302 810 debuit
317 745 428 810 fecisse
444 751 570 810 cartam
584 744 674 808 illam
693 743 734 808 de
749 744 965 822 feoffamento,
980 745 1102 812 scilicet
1117 747 1159 812 ad
1179 748 1296 812 Pente-

184 857 298 913 costen
317 871 403 913 nnno
424 848 536 933 elapso
555 847 598 912 ad
619 847 752 912 domum
774 847 876 932 ipsius
897 848 1051 913 Randulfi
1073 857 1155 934 aput
1285 849 1297 880 '

184 953 268 1018 dicit
290 952 377 1039 quod
399 960 480 1016 tunc
503 951 567 1016 fuit
588 959 670 1037 aput
692 951 856 1016 Doueram
877 959 912 1016 et
931 951 1007 1016 inde
1028 952 1121 1037 ponit
1142 974 1177 1016 se
1199 975 1297 1038 super

184 1056 310 1120 milites
331 1056 389 1142 qui
411 1065 491 1122 tunc
513 1057 645 1121 fuerunt
668 1079 742 1121 cum
765 1079 811 1122 eo.
855 1056 946 1120 Dicit
971 1057 1073 1122 eciam
1100 1057 1187 1144 quod
1213 1081 1296 1122 nun-

184 1183 286 1245 quam
315 1159 456 1224 intrauit
485 1159 749 1246 domum·ipsius
773 1159 926 1224 Rendulfi
955 1168 1029 1246 post
1058 1160 1183 1224 Pascha
1211 1183 1296 1226 anno

184 1263 306 1348 elapso,

251 1366 347 1431 Dicit
375 1365 478 1431 eciam
509 1365 659 1452 Nigellus
683 1365 770 1452 quod
795 1372 884 1430 carta
909 1365 966 1430 illa
989 1365 1017 1431 si
1040 1366 1127 1432 facta
1151 1367 1216 1432 fuit
1238 1389 1297 1453 per

184 1468 331 1534 eundem
362 1469 516 1556 Egidium
546 1469 577 1534 ei
613 1492 727 1534 nocere
756 1492 822 1534 non
851 1469 985 1534 deberet
1014 1470 1091 1556 quia
1120 1480 1210 1536 carta
1238 1495 1297 1536 sua

185 1573 279 1658 prius
305 1574 394 1638 facta
415 1573 487 1650 filit,
510 1580 545 1638 et
570 1573 639 1658 ipse
663 1573 753 1659 prius
778 1574 842 1638 fuit
866 1573 1024 1650 feoffatus‚
1048 1583 1083 1639 et
1106 1575 1186 1640 dicit
1210 1575 1296 1661 quod

184 1677 374 1742 Randulfus
388 1699 556 1763 nunquam
571 1678 687 1743 habuit
701 1679 803 1744 alium
818 1678 999 1765 ingressum
1015 1677 1050 1742 in
1070 1679 1295 1744 terramillam

184 1782 249 1846 nisi
264 1781 307 1847 de
323 1782 418 1846 firma
432 1803 492 1846 sua
506 1789 540 1846 et
555 1781 597 1846 ad
611 1783 795 1848 terminum

252 1884 300 1947 Et
330 1883 514 1948 Randulfus
541 1883 623 1948 dicit
652 1884 739 1969 quod
768 1907 882 1949 reuera
910 1884 1001 1970 prius
1030 1883 1146 1948 habuit
1176 1890 1295 1947 terram

184 1989 278 2053 illam
304 1989 348 2053 ad
370 1989 496 2054 firmam
520 1997 556 2053 et
579 1989 621 2053 ad
644 1989 830 2066 terminum,
853 1997 903 2054 set
929 1996 1043 2074 postea
1065 1995 1196 2052 tantum
1219 1987 1296 2050 fecit

184 2115 265 2179 erga
295 2115 372 2158 eum
409 2092 495 2179 quod
524 2093 556 2158 ei
591 2093 683 2158 dedit
720 2102 839 2159 tenum
875 2093 966 2158 illam
995 2114 1053 2178 pro
1082 2091 1232 2176 homagio
1262 2101 1297 2156 et

182 2197 333 2273 sennicio,
356 2205 407 2262 set
435 2196 515 2261 dicit
544 2197 630 2283 quod
653 2220 718 2262 non
740 2197 904 2284 respond'⁸
928 2197 999 2263 sine
1024 2205 1177 2284 precepto
1201 2198 1296 2264 Dom.

183 2299 289 2385 Regis
303 2299 367 2363 nisi
382 2299 472 2364 curia
485 2300 745 2366 considerauerit.

251 2403 299 2468 Et
315 2403 499 2468 willelmus
515 2403 617 2468 Bouel
632 2403 783 2489 epponit⁴

250 2507 373 2572 Postea
401 2506 584 2571 Randulfus
608 2507 754 2592 quesitus
776 2507 905 2594 quando
927 2515 1017 2572 cuma
1037 2530 1097 2574 sua
1124 2511 1211 2576 facta
1232 2509 1419 2616 fuitgleemu·

183 2609 225 2674 de
249 2608 471 2686 feoffamento‚
487 2608 567 2674 dicit
589 2610 676 2695 quod
693 2611 777 2675 circa
799 2611 1014 2676 Pentecosten
1034 2634 1119 2676 anno
1139 2621 1179 2678 ¹⁰.
1203 2613 1296 2700 regni

182 2715 291 2800 Regis
320 2713 464 2778 Henrici.
508 2714 554 2778 Et
590 2714 742 2800 Nigellus
779 2715 858 2780 dicit
888 2714 974 2801 quod
1011 2737 1071 2780 sua
1098 2725 1189 2782 emta
1217 2717 1296 2781 fuit⁵

182 2841 273 2884 anno
297 2819 352 2903 ij
377 2825 450 2904 post
476 2818 597 2883 festum
625 2819 656 2884 S.
686 2819 770 2895 Joh„
798 2827 833 2884 et
862 2819 958 2884 ambo
983 2828 1110 2904 ponunt
1135 2842 1170 2886 se
1199 2843 1297 2905 super

182 2933 291 2990 testes
320 2923 503 2988 nominatos
531 2923 566 2987 in
595 2931 685 2988 carta
713 2923 814 3008 ipsius
843 2923 996 2988 Randulfi
1026 2923 1160 2989 inferius
1192 2923 1296 2988 nomi-

182 3025 300 3090 natos⁸
315 3032 350 3090 et
371 3047 469 3110 super
482 3033 555 3089 octo
576 3033 644 3090 tam
659 3024 781 3090 milites
798 3047 897 3111 quam
917 3024 996 3090 alios
1014 3025 1130 3090 liberos
1149 3025 1296 3090 homines

182 3129 225 3193 ed
267 3127 562 3213 recognoscendum
599 3148 697 3213 super
732 3134 970 3192 sacramentum
1007 3148 1103 3191 suum
1140 3127 1168 3192 si
1208 3127 1295 3192 idem

182 3229 327 3318 Egidius
357 3229 414 3314 qui
446 3236 566 3294 terram
595 3229 685 3293 illam
716 3229 822 3294 eidem
859 3227 1022 3292 Randulfo
1050 3229 1217 3296 dimiserat
1253 3231 1295 3295 ad

183 3335 326 3408 firmam,
342 3340 461 3396 terram
481 3332 572 3396 illam
592 3333 624 3397 ei
645 3331 737 3398 dedit
758 3355 817 3418 per
838 3341 961 3398 cartam
983 3355 1076 3398 suam
1099 3355 1196 3418 quam
1219 3333 1294 3398 inde

182 3437 291 3503 habet
304 3435 390 3500 circa
404 3435 618 3500 Pentecosten
632 3458 717 3502 anno
732 3445 773 3501 x⁰.
790 3436 844 3500 uel
860 3457 933 3501 nou.

251 3541 300 3604 Et
329 3539 442 3604 ueniat
470 3540 579 3606 iiuata
606 3563 628 3605 a
652 3540 705 3605 die
731 3539 843 3606 Pasch.
873 3540 908 3604 in
933 3563 984 3606 xv,
1009 3539 1087 3616 dies,
1112 3538 1200 3606 idom
1225 3538 1295 3605 dies

181 3627 288 3710 datiis
301 3651 354 3708 eet
368 3643 525 3729 partibus.

72 3809 87 3824 ,
126 3813 134 3828 ‚
251 3745 368 3811 Assisa
387 3747 481 3811 uenit
502 3747 708 3834 recognitum
729 3746 758 3812 si
780 3747 817 3812 Ε.
840 3745 1018 3832 Episcopus
1040 3745 1293 3823 Londoniensis'‚
1398 3766 1418 3796 x,

181 3851 303 3917 Abbas
328 3849 370 3916 de
397 3849 612 3928 Stratffordia
635 3851 799 3917 Galfridus
826 3851 933 3927 Burel,
959 3851 1121 3915 Robertus
1150 3850 1296 3927 Trauem,

181 3955 353 4024 Henricus
376 3955 589 4043 Frankeleyn‚
611 3957 759 4022 Andreas
781 3957 811 4021 le
835 3957 958 4040 Kuper,
979 3954 1126 4019 Andreas
1152 3955 1296 4041 Trespaa,

182 4058 393 4147 Reginaldus
420 4058 460 4124 de
484 4059 516 4123 la
538 4058 723 4146 Grenewye,
749 4068 784 4125 et
807 4059 991 4124 Willelmus
1018 4057 1153 4145 Esputel
1175 4057 1295 4123 iniuste

217 4241 227 4274 ¹
244 4255 276 4289 eo
287 4246 396 4300 tempore
407 4251 456 4300 quo
469 4237 511 4300 (5²).
803 4238 814 4270 ¹⁵
831 4239 930 4303 Supply
936 4240 1019 4302 sacta.
1295 4253 1297 4259 ·

217 4305 230 4338 ²
245 4305 270 4353 Δ
280 4303 364 4353 blank
375 4315 459 4365 space.
802 4303 814 4338 ⁸
830 4305 909 4356 Their
928 4317 1019 4355 names
1038 4301 1123 4353 would
1145 4301 1175 4353 be
1195 4317 1229 4354 on
1253 4302 1297 4353 the

216 4371 229 4404 ⁸
245 4367 378 4430 Probably
388 4367 554 4430 respondebit.
773 4370 830 4419 roll.
1144 4389 1148 4396 ·

218 4437 230 4468 ⁴
247 4433 331 4483 Aline
338 4433 388 4482 left
396 4432 485 4482 blank.
500 4432 642 4508 'Probably
651 4449 721 4484 some
806 4435 817 4470 ⁷
834 4436 946 4484 Eustaoe
958 4434 986 4483 ol
995 4432 1167 4494 Fnuconberg.

185 4499 305 4550 outsidcr
316 4503 378 4562 puts
390 4497 418 4546 in
430 4513 446 4547 a
457 4498 544 4550 claim.
