3314 5238
412 441 644 500 memmae,
668 440 731 490 no.
756 429 849 502 1231,
871 443 932 490 aa
959 431 1094 494 15-16·⁸
1238 429 1299 497 497

195 622 234 678 ut
256 613 302 678 'sic
324 615 357 678 in
385 634 520 699 persona
549 634 608 676 sua
634 611 731 676 faciat
760 611 864 700 legem
891 612 988 678 datus
1017 623 1067 678 est
1097 615 1143 679 eis
1169 615 1238 681 dies
1267 626 1301 682 et

195 724 275 782 tunc
293 716 407 782 ueniat
426 715 538 780 Abbae
559 715 594 780 in
614 715 743 801 propria
759 737 894 800 persona
916 715 957 781 ad
979 717 1237 804 respondendum
1260 719 1300 784 dc

194 817 340 902 predicto
355 816 474 880 debito.

137 969 143 982 .
260 920 418 986 Ricardus
437 918 478 984 de
499 919 650 984 Merlawe
670 919 877 984 athachiatus
893 921 956 986 fuit
978 921 1020 986 ad
1042 923 1301 1008 respondendum
1365 949 1421 978 ¹ue·

194 1023 337 1088 Robcrto
352 1024 393 1088 de
408 1024 441 1087 la
455 1023 581 1087 Waude
596 1045 695 1108 quare
711 1023 812 1086 traxit
832 1045 908 1088 eum
928 1023 962 1088 in
982 1025 1139 1109 placitum
1159 1026 1194 1090 in
1214 1027 1303 1092 curia

192 1130 418 1196 cristianitatis
429 1129 469 1194 de
481 1129 607 1194 catallis
616 1151 679 1215 que
691 1152 755 1193 non
767 1137 845 1194 eunt
857 1137 915 1194 etc
926 1139 1039 1194 contra
1049 1132 1302 1217 prohibicionem

193 1243 253 1300 ete
269 1243 305 1300 et
319 1235 469 1300 similiter
486 1234 527 1298 de
548 1257 576 1298 x.
592 1257 651 1298 acr.
670 1242 754 1298 terre
777 1234 812 1298 in
828 1235 1040 1312 Wendouere,
1056 1245 1091 1300 et
1114 1238 1199 1303 unde
1223 1239 1302 1303 dicit

194 1339 281 1424 qnod
311 1361 369 1424 per
393 1338 551 1424 placitum
577 1337 660 1402 illud
683 1339 748 1403 fuit
774 1339 843 1424 ipee
868 1341 1164 1408 excommunicatus
1187 1353 1221 1408 et
1245 1366 1303 1429 per

193 1441 393 1506 sentenciam
408 1441 497 1504 illam
522 1447 637 1526 captus
660 1447 695 1505 et
717 1441 946 1526 imprisonatus
968 1466 1026 1529 per
1045 1445 1131 1530 xviij.
1148 1447 1301 1532 septima-

194 1567 253 1608 nae
268 1553 303 1609 et
317 1543 458 1629 amplius
473 1543 522 1608 ita
536 1543 623 1628 quod
638 1543 852 1608 deterioratos
867 1553 917 1609 est
932 1554 991 1612 etc.
1008 1557 1042 1612 et
1063 1548 1138 1612 inde
1153 1549 1302 1635 producit

193 1655 324 1711 sectam.

261 1752 305 1815 Et
316 1751 474 1816 Ricardus
485 1752 576 1816 uenit
588 1761 623 1816 et
632 1752 777 1819 defendit
789 1763 900 1820 contra
911 1755 1018 1842 ipsum
1031 1767 1064 1822 et
1079 1746 1200 1824 sectam
1210 1782 1301 1826 suam

195 1857 281 1942 quod
303 1880 471 1944 nunquam
495 1867 568 1943 post
590 1857 843 1943 prohibicionem
867 1861 968 1926 traxit
990 1885 1063 1927 eum
1088 1863 1122 1928 in
1144 1865 1301 1950 placitum

193 1969 244 2025 set
259 1983 373 2026 reuera
387 1969 464 2025 ante
479 1959 732 2046 prohibicionem
748 1961 954 2047 inplacitauit
976 1987 1051 2030 eum
1072 1975 1106 2030 et
1127 1968 1186 2030 tali
1207 1967 1301 2032 modo

194 2063 272 2149 quia
293 2085 407 2128 reuera
428 2063 514 2128 idem
532 2062 689 2128 Ricardus
711 2062 806 2128 duxit
828 2064 863 2128 in
886 2089 1019 2132 uxorem
1041 2068 1141 2133 filiam
1165 2070 1302 2155 predicti

195 2168 331 2232 Roberti
353 2176 387 2234 et
409 2167 496 2234 idem
518 2167 667 2255 promisit
690 2167 722 2232 ei
744 2191 818 2232 cum
843 2169 911 2234 filia
933 2193 993 2234 sua
1018 2180 1086 2236 tam
1113 2173 1147 2238 in
1177 2175 1303 2240 catallis

195 2294 292 2357 quam
307 2272 343 2336 in
357 2271 497 2336 denariis
511 2294 614 2357 usqne
634 2271 677 2336 ad
695 2271 736 2336 xl.
752 2295 857 2349 marn,
872 2281 907 2337 et
922 2273 999 2359 quia
1013 2273 1160 2340 denarios
1177 2276 1249 2341 illos
1271 2277 1302 2342 ei

194 2373 328 2440 reddere
350 2373 456 2439 noluit
476 2373 681 2459 inplacitauit
701 2396 777 2439 eum
799 2398 906 2442 coram
924 2374 929 2462 Ι
950 2377 1184 2442 Archidiacono
1199 2381 1298 2446 Buck.

194 2484 244 2541 set
273 2498 388 2540 reuera
415 2477 456 2542 de
485 2476 575 2540 nullo
605 2476 686 2540 laico
709 2477 802 2542 feodo
825 2500 884 2542 nec
914 2478 954 2544 de
981 2489 1068 2545 terra
1091 2481 1201 2567 aliqua
1224 2505 1300 2548 eum

195 2579 408 2664 inplacitauit.
454 2579 497 2644 Et
517 2579 679 2644 Robertns
701 2603 766 2644 non
787 2589 896 2666 potest
918 2582 978 2647 hoc
1000 2583 1156 2662 dedicere,
1171 2595 1205 2650 et
1228 2585 1300 2650 ideo

195 2684 354 2749 Ricardus
368 2683 443 2748 inde
458 2683 527 2748 sine
543 2683 596 2748 die
612 2692 646 2748 et
662 2684 825 2750 Robcrtus
839 2685 873 2750 in
889 2687 1106 2753 misericordia
1115 2690 1132 2754 ¹.

139 2850 145 2862 ,
260 2787 399 2852 Alditha
413 2809 475 2873 que
491 2785 554 2850 fuit
574 2809 655 2852 uxor
670 2786 827 2854 Willelmi
841 2790 1000 2876 Wigaunt
1020 2814 1078 2878 per
1099 2800 1301 2858 ottomatum

195 2915 292 2957 suum
312 2891 396 2978 petit
418 2913 531 2956 uersus
553 2890 733 2956 Robertum
758 2893 787 2956 le
812 2893 996 2980 Fraunceys
1019 2895 1152 2960 terciam
1175 2903 1301 2981 partem

195 2993 293 3060 unius
316 2994 396 3080 uirg.
424 3003 507 3058 terre
533 3016 608 3058 cum
638 3002 719 3081 pert.
742 2994 776 3060 in
807 2996 962 3061 Hentona
992 3005 1030 3060 ut
1060 2997 1170 3062 dotem
1199 3020 1301 3076 suam,

195 3099 244 3162 ita
257 3097 344 3184 quod
358 3097 422 3162 fuit
437 3097 599 3162 obiectum
611 3097 642 3162 ei
656 3098 743 3183 quod
757 3121 821 3163 non
837 3099 951 3165 debuit
966 3100 1042 3166 inde
1057 3101 1166 3166 dotem
1182 3101 1300 3167 habere

196 3200 273 3286 quia
286 3222 351 3264 non
367 3199 430 3264 fuit
450 3200 594 3286 predicto
609 3201 772 3266 Willelmo
793 3202 957 3290 legittimo
976 3203 1182 3268 matrimonio
1203 3228 1301 3291 copu-

197 3304 263 3370 lata
284 3313 417 3391 propter
436 3305 522 3391 quod
542 3305 734 3370 mandatum
750 3306 814 3370 fuit
833 3306 971 3371 Officiali
986 3307 1078 3372 Dom.
1095 3308 1299 3375 Wintonien-

195 3409 238 3474 sis
264 3432 285 3475 a
312 3432 376 3495 quo
405 3417 440 3475 et
469 3433 489 3474 a
518 3410 610 3476 cuius
633 3411 799 3476 sentencia
820 3412 998 3497 apellatum
1022 3412 1085 3478 fuit
1107 3413 1148 3478 ob
1170 3438 1298 3480 causam

195 3513 399 3578 manifestam
414 3512 456 3577 ad
471 3513 564 3579 Dom.
582 3512 848 3579 Cantuariensem
870 3523 904 3578 et
926 3513 995 3601 ipse
1015 3537 1072 3600 per
1094 3516 1204 3582 literas
1225 3541 1300 3582 suae

194 3615 364 3681 mandauit
384 3624 535 3702 patentes
554 3615 640 3702 quod
661 3617 725 3681 fuit
740 3618 847 3684 eidem
862 3618 1027 3682 Willelmo
1047 3619 1209 3706 legittimo
1231 3645 1299 3686 ma-

194 3720 346 3785 trimonio
375 3721 533 3806 copulata
578 3722 621 3786 Et
649 3721 723 3787 ideo
753 3722 1000 3788 Consideratum
1030 3732 1080 3786 est
1109 3723 1195 3808 quod
1229 3725 1299 3810 ipsa

194 3823 400 3908 recuperauit
415 3823 565 3888 seisinam
581 3822 662 3890 etc.¹

139 3997 145 4010 ¹
258 3929 372 3992 Assiea
399 3928 492 3992 uenit
521 3929 725 4015 recognitura
748 3929 820 4014 quis
843 3930 1020 3996 aduocatus
1044 3937 1188 4015 tempore
1212 3931 1299 4016 pacis
1359 3957 1371 3985 ο
1411 3958 1432 3986 m

195 4030 396 4117 presentauit
428 4029 596 4096 ultimam³
626 4053 689 4117 que
727 4039 854 4096 mortua
891 4041 940 4096 est
977 4031 1018 4096 ad
1055 4031 1220 4096 ecclesiam
1258 4033 1299 4097 de

227 4202 425 4255 mareoth.
459 4201 524 4251 This
538 4217 597 4252 carc
613 4200 637 4251 ie
653 4201 721 4252 ria.
773 4202 838 4265 fully
859 4202 994 4266 disputing
1015 4202 1060 4253 the
1081 4201 1189 4265 validity
1205 4203 1234 4253 of
1254 4202 1299 4253 the

196 4269 366 4328 Prohibicicn,
381 4267 421 4317 24.
772 4267 900 4330 marriage
921 4267 966 4318 the
988 4272 1079 4318 tenant
1101 4282 1150 4318 can
1172 4269 1247 4317 make
1264 4283 1299 4317 no

228 4333 306 4382 ²For
316 4331 455 4396 procedure
467 4331 495 4382 in
512 4331 576 4382 euch
593 4345 664 4381 cases
681 4345 722 4382 see
773 4333 847 4382 other
858 4333 970 4383 deiencc.

196 4397 239 4448 Br.
257 4399 276 4448 f.
294 4399 349 4449 302.
384 4397 425 4447 On
443 4399 461 4446 f.
479 4399 528 4446 303
544 4397 577 4446 he
593 4397 657 4447 cites
668 4396 722 4447 this
805 4397 931 4461 ³Supply
940 4413 1078 4461 personam.

197 4477 252 4512 care
264 4478 293 4513 aa
304 4463 422 4525 showing
431 4463 489 4512 that
499 4463 564 4512 after
574 4477 721 4511 uncuccess-

282 4576 315 4623 n.
1171 4565 1211 4626 32
