3360 5236
480 440 631 499 66161,
654 437 718 488 sn.
744 424 838 498 1231,
861 437 924 485 sn.
949 421 996 488 17.
1228 423 1288 488 591

184 614 264 679 duos
280 623 392 678 turnus
411 613 451 678 de
472 613 617 699 quolibet
638 611 694 698 qui
715 609 815 676 hebet
835 618 958 675 etatem
979 611 1033 696 xij.
1055 632 1213 674 66661616
1233 631 1291 695 pro

184 739 262 804 poce
277 716 371 782 Dom.
388 715 488 802 Regis
503 713 651 780 1666616.
698 713 741 778 Ε1
762 711 927 778 (16116166
947 711 1040 776 66611
1055 719 1090 776 61
1104 711 1184 778 dicit
1205 713 1290 798 quod

184 823 249 887 alis
262 821 400 887 seruicia
414 829 449 885 61
463 817 713 885 consuetudines
728 839 793 882 non
804 816 903 881 debet
915 815 978 882 uisi
992 816 1080 903 quod
1094 816 1174 882 duas
1189 825 1293 882 666166

185 927 288 1010 [scere
311 925 409 992 debet
431 923 473 989 sd
496 923 644 988 Bremele
666 944 741 987 cum
771 928 919 1007 quatuor·
940 920 1126 986 hominibus
1155 929 1190 986 et
1219 943 1290 1007 pre-

184 1029 290 1116 posito
304 1029 340 1094 in
355 1050 448 1106 6666,
463 1035 498 1094 61
513 1025 599 1113 quod
620 1033 724 1091 666166
744 1025 848 1090 166616
869 1023 967 1089 debet
985 1023 1027 1088 sd
1047 1024 1169 1089 curiam
1192 1024 1293 1110 ipsius

184 1130 325 1196 Abbatis
353 1130 408 1194 uel
434 1149 492 1216 per
515 1150 549 1192 se
578 1128 629 1192 uel
659 1149 717 1212 per
745 1132 947 1190 attornatum
974 1125 1045 1211 per¹
1069 1125 1168 1192 breue
1198 1127 1293 1192 Dom.

185 1234 286 1321 Regis
314 1234 362 1300 ibi
390 1233 490 1298 fuerit
519 1232 573 1297 uel
603 1253 676 1296 cum
707 1231 789 1296 latro
819 1229 866 1295 ibi
895 1230 994 1295 fuen't
1019 1230 1212 1296 iudicandus
1237 1253 1295 1316 per

185 1337 311 1402 effore’²
338 1337 425 1404 curie
452 1337 492 1402 de
519 1335 684 1423 quindena
705 1335 740 1400 in
763 1335 961 1421 quindenam
984 1342 1019 1398 61
1040 1357 1098 1420 pro
1121 1334 1295 1400 (1661111666

187 1439 372 1506 Ssrrisbirie
398 1439 439 1504 de
462 1461 528 1525 qus
549 1439 618 1524 ipse
641 1446 741 1502 tenet.
787 1438 831 1502 Et
851 1437 929 1523 quis
947 1436 1112 1502 Gslfiidus
1132 1438 1295 1524 cognoscit

186 1543 273 1630 quod
287 1566 352 1610 non
368 1543 478 1608 tenuit
492 1552 612 1608 terram
628 1543 719 1607 illum
734 1543 797 1607 nisi
812 1565 871 1628 per
886 1542 966 1608 duos
980 1564 1081 1606 66666
1096 1541 1139 1606 si⁸
1153 1541 1297 1606 nescitur

186 1669 266 1732 quas
291 1655 395 1712 sectas
421 1646 579 1712 Ricmdus
603 1646 644 1711 de
669 1646 847 1712 Siffrewsll'
870 1645 948 1710 fecit
972 1645 1030 1731 qui
1059 1645 1295 1710 terramillam

187 1750 287 1828 dedit,
298 1750 371 1816 ideo
383 1750 502 1816 habeat
517 1750 586 1835 ipse
603 1749 768 1815 Gslfridus
782 1749 965 1836 predictum
981 1747 1157 1812 Ricuidum
1172 1748 1207 1812 in
1224 1748 1294 1814 Oct.

187 1863 247 1920 616.
262 1853 305 1920 61
320 1854 575 1942 cognoscendum
591 1876 672 1940 ques
692 1861 797 1918 666166
817 1862 852 1917 61
872 1875 935 1939 que
956 1851 1094 1918 seruicia
1114 1852 1192 1917 fecit
1212 1873 1297 1918 6666

187 1968 221 2024 61
236 1959 289 2026 die
305 1982 369 2046 quo
384 1958 476 2024 dedit
491 1967 610 2024 tenem
626 1957 716 2022 illem
731 1957 794 2042 ipsi
812 1956 979 2022 1161111161
1087 2033 1090 2038 ,

58 2068 107 2084 '¹'
131 2119 137 2132 .
252 2063 436 2128 Willelmus
458 2062 499 2128 16
522 2062 691 2149 Ouuinges
713 2061 799 2147 petit
821 2083 935 2125 661666
957 2061 1092 2125 Petrum
1115 2060 1156 2127 de
1179 2060 1296 2126 Hotost
1408 2079 1425 2108 ι

189 2167 321 2232 terciam
343 2174 470 2253 purtem
493 2166 590 2231 unius
612 2166 693 2252 uirg.
716 2172 801 2229 terre
823 2187 898 2229 cum
918 2172 1000 2250 pert.
1020 2164 1055 2229 in
1078 2163 1236 2230 Brohurst
1257 2172 1296 2230 ut

188 2270 238 2334 ius
260 2291 364 2346 suum,
386 2277 420 2334 61
442 2267 476 2333 16
499 2290 597 2354 quum
620 2289 684 2332 non
707 2266 807 2332 habet
828 2267 1009 2352 ingnessum
1031 2267 1095 2331 nisi
1114 2288 1172 2353 per
1191 2266 1295 2332 intru-

187 2373 309 2438 sionem
332 2394 430 2459 quem
453 2371 530 2436 fecit
552 2371 587 2436 in
610 2369 702 2436 6661ὅ
723 2377 955 2456 postmortem
977 2369 1139 2435 Oristisne
1154 2391 1217 2456 que
1233 2369 1297 2435 fuit

188 2497 268 2542 uxor
290 2476 462 2563 Geruegsn
486 2476 640 2562 Harenge
665 2497 728 2561 que
749 2482 869 2538 tenum
889 2474 979 2538 illum
1000 2474 1109 2538 tenuit
1128 2475 1163 2539 in
1185 2474 1295 2542 dotem

187 2581 227 2646 de
242 2579 326 2645 dono
341 2579 443 2666 ipsius
458 2577 644 2665 Gerusgeni
659 2576 847 2644 cuiusdu'm⁶
861 2577 925 2642 uiri
940 2577 991 2642 sui
1012 2585 1046 2642 et
1066 2577 1298 2665 consanguinei

186 2683 324 2770 picdicti
339 2682 495 2748 Willelmi
510 2683 602 2748 cuius
617 2681 710 2747 heres
724 2681 793 2768 ipse
809 2691 859 2746 est
874 2690 934 2747 616.

254 2787 297 2852 Ε1
313 2787 429 2852 Ρ61166
439 2787 532 2852 66611
544 2795 579 2852 61
589 2786 736 2852 defendit
748 2786 816 2850 uim
829 2793 863 2850 et
874 2785 1027 2850 iniuriam
1039 2794 1073 2850 et
1084 2786 1297 2850 intrusionem

189 2901 223 2956 et
252 2889 333 2955 dicit
362 2889 448 2976 quod
476 2889 562 2955 inest
591 2889 626 2954 in
655 2890 825 2955 termille
850 2889 934 2954 sicut
960 2889 995 2954 in
1018 2889 1088 2954 iure
1113 2912 1172 2954 suo
1198 2898 1233 2954 et
1262 2891 1297 2955 in

189 2995 369 3061 hereditate
392 3017 451 3060 sus
472 3017 535 3081 que
557 2995 589 3060 ei
611 2994 806 3060 hereditatis
833 2993 1008 3072 descendit,
1031 2993 1108 3080 quis
1133 2993 1297 3080 predictus

190 3099 403 3186 Gerusganus
423 3098 539 3164 hebuit
558 3099 722 3186 quendam
742 3099 874 3163 fratrem
891 3098 1092 3162 Willelmum
1112 3098 1242 3163 nomine
1263 3106 1298 3162 et

190 3202 402 3288 Gerusgonus
417 3202 473 3288 qui
488 3202 604 3268 hebuit
619 3211 737 3268 tenum
754 3202 851 3267 istam
872 3201 953 3266 obiit
973 3201 1042 3266 sine
1063 3200 1180 3266 herede
1201 3199 1242 3265 de
1262 3222 1297 3265 66

190 3303 279 3368 etde
296 3303 442 3390 predicto
463 3304 655 3392 Geruagano
675 3304 843 3370 descendit
863 3303 914 3369 ius
936 3312 1021 3369 16116
1043 3303 1131 3368 illius
1153 3302 1297 3368 cuidam*

189 3407 353 3472 Willelmo
368 3407 460 3472 fratri
474 3431 540 3487 suo,
555 3409 645 3474 etde
661 3409 826 3474 Willelmo
841 3408 970 3474 cuidem
992 3409 1106 3473 Emme
1127 3415 1166 3472 61
1181 3408 1247 3474 filie
1263 3415 1298 3473 et

189 3511 309 3589 heredi
324 3521 359 3578 61
373 3512 414 3578 16
430 3513 545 3578 Emms
559 3513 615 3578 isti
630 3513 728 3578 Petro
743 3522 802 3578 etc.

255 3614 299 3678 Et
314 3615 498 3680 Willelmus
513 3614 592 3680 dicit
607 3616 694 3702 quod
709 3615 841 3702 quidum
862 3615 1062 3702 Reginaldus
1081 3613 1197 3680 hebuit
1216 3614 1297 3680 duos
1309 3621 1430 3710 ffifleffi

190 3717 271 3782 filios
286 3717 750 3786 111111616166(6116116666]ο
769 3721 899 3785 nomine
920 3727 955 3784 et
975 3717 1137 3805 quandem
1158 3741 1296 3784 sororem
1309 3719 1453 3804 322ffi“

222 3843 428 3909 1161661661
439 3861 501 3897 curn
537 3845 718 3897 Whenswrit
802 3845 901 3896 ‘Oorn
914 3844 1047 3908 66661661.

190 3909 220 3986 oi
238 3909 309 3972 right
331 3912 354 3960 16
377 3915 404 3961 16
426 3912 457 3961 be
479 3910 546 3962 tried
568 3927 598 3962 61
619 3911 721 3963 ethis!
796 3909 812 3943 ‘⁷
830 3911 993 3986 Corneidem
1006 3909 1048 3974 (1).

190 3973 333 4090 1111801111.
358 4055 407 4104 pro
438 4042 635 4105 afforciamento.
680 4041 720 4092 ’16
802 3975 983 4090 111111γῶ11111
996 3975 1181 4088 1101161166
1201 4051 1296 4114 661666

191 4105 347 4163 61616616.
361 4110 389 4155 to
400 4105 551 4169 strengthen
563 4107 608 4157 tho
619 4111 701 4156 court.
770 4105 827 4155 who
838 4105 862 4154 16
873 4103 956 4154 661161
968 4103 1114 4165 (16166666.
1148 4103 1203 4152 The
1213 4103 1296 4166 plusn-

223 4169 323 4220 10611.
335 4177 369 4219 et.
770 4171 833 4220 tiff’s
845 4185 903 4220 6666
914 4167 1098 4218 mnstbethst
1112 4167 1238 4230 Bsginsld
1253 4183 1296 4218 en·

223 4234 303 4284 ⁴For
323 4249 395 4285 moro
416 4234 446 4283 of
471 4235 526 4286 this
553 4239 650 4286 matter
678 4251 720 4286 666
770 4235 863 4286 166161
885 4233 928 4284 his
949 4247 1065 4296 younger
1086 4247 1134 4282 son
1161 4233 1297 4296 Gernsgsn

191 4299 340 4362 Registrum
356 4300 719 4363 Μ611666161.161.2,6.71,
771 4301 823 4351 661
845 4300 904 4350 thet
928 4298 974 4349 the
999 4297 1118 4361 seignory
1138 4297 1235 4360 having
1256 4297 1297 4348 de-

192 4367 232 4416 13.
266 4364 322 4415 sse
333 4364 469 4428 plsintifl's
485 4381 562 4418 66616
578 4365 673 4418 should
690 4367 721 4417 be
772 4363 881 4416 6666161
887 4363 1000 4427 through
1007 4363 1177 4414 theelderson
1184 4363 1298 4413 Wfflism

193 4430 339 4482 Siffrewsst.
772 4437 799 4480 16
811 4431 893 4487 Peter.
905 4429 1089 4480 Poterosnnot
1100 4427 1156 4480 6166
1171 4427 1239 4478 11616
1255 4428 1300 4480 the

224 4495 235 4526 ⁸
253 4498 280 4544 in
292 4503 332 4562 66,
347 4495 401 4550 MS.
772 4496 874 4546 londin
886 4494 1014 4546 (16616666.
