3314 5238
367 415 431 480 430
667 427 804 489 unsrun,
827 425 891 478 aa.
916 413 1009 488 1231,
1031 426 1093 476 aa
1119 415 1167 475 15.

366 599 447 665 exiit
468 598 601 686 quidam
623 599 757 677 Alanus,
772 608 807 664 et
829 597 870 664 de
893 598 1039 686 predicto
1061 599 1168 664 Alano
1190 599 1254 664 iste
1276 597 1395 663 Petrus
1417 594 1477 681 qui

366 725 452 770 nunc
467 704 595 782 clamat,
609 711 644 769 et
658 703 699 768 de
719 704 846 790 Regem
865 703 973 769 medio
993 703 1075 769 exiit
1094 705 1157 770 iste
1177 701 1295 769 Petrus
1309 701 1368 789 qui
1386 723 1477 766 nunc

366 806 441 886 est²,
463 806 550 872 unde
573 805 707 872 uidetur
733 806 764 871 ei
790 805 874 894 quod
901 827 962 872 nec
983 829 1104 894 magna
1124 807 1225 872 assisa
1245 827 1306 872 nec
1326 804 1476 870 duellum

365 911 450 976 iacet
469 910 557 976 inter
576 933 638 988 eos,
653 919 688 975 et
707 909 791 975 bene
813 909 895 975 dicit
917 908 1004 996 quod
1026 918 1098 976 tota
1119 919 1207 975 terra
1227 909 1284 975 illa
1305 907 1423 974 debuit
1445 907 1477 972 ei

365 1013 558 1080 descendere
573 1015 608 1079 in
622 1014 842 1080 hereditatem
857 1037 916 1101 per
926 1014 1109 1101 predictum
1119 1013 1256 1081 Petrum
1266 1037 1368 1080 auum
1376 1035 1475 1079 suurn

365 1118 470 1184 filium
484 1119 739 1207 primogenitum
755 1119 859 1206 ipsius
873 1117 979 1184 Alani¹

431 1221 475 1287 Et
489 1223 605 1288 Petrus
620 1221 706 1286 filius
721 1221 841 1310 Rogeri
852 1223 945 1287 uenit
960 1229 995 1286 et
1009 1222 1092 1287 bene
1107 1221 1256 1287 concedit
1269 1219 1473 1308 parentelam

365 1330 400 1387 et
422 1322 610 1387 descensum
633 1330 684 1387 set
705 1322 789 1386 bene
811 1321 893 1387 dicit
918 1321 1005 1408 quod
1031 1323 1101 1407 ipse
1131 1321 1233 1387 nichil
1263 1321 1383 1386 clamat
1412 1343 1475 1386 nec

364 1425 489 1514 aliquid
510 1427 610 1492 habet
632 1448 691 1512 per
711 1425 902 1492 descensum
924 1427 1019 1492 illum
1041 1435 1076 1492 et
1096 1426 1180 1491 bene
1200 1425 1364 1513 cognoscit
1386 1425 1475 1512 quod

364 1530 530 1618 predictus
543 1530 668 1596 Alanus
682 1528 800 1595 habuit
815 1538 881 1595 tres
895 1529 978 1594 filios
993 1529 1172 1595 secundum
1187 1528 1274 1615 quod
1287 1528 1474 1615 predictum

365 1641 416 1700 est
441 1642 476 1699 et
501 1633 681 1720 quemlibet
704 1633 847 1720 ipsorum
874 1633 1022 1698 scoffauit
1051 1632 1091 1698 de
1121 1632 1301 1718 perquisito
1330 1654 1398 1709 suo,
1421 1641 1476 1697 set

365 1737 550 1803 Willelmus
575 1747 747 1824 postratus
770 1737 862 1803 dedit
885 1746 1012 1824 partem
1037 1759 1130 1802 suam
1152 1737 1279 1824 Regem
1300 1737 1394 1802 fiatri
1415 1759 1477 1802 suo

365 1843 452 1930 patri
473 1843 569 1908 istius
590 1843 680 1908 Petri
702 1843 760 1929 qui
779 1851 880 1922 tenet,
895 1843 945 1908 ita
963 1843 1004 1908 de
1025 1841 1138 1907 eodem
1160 1841 1287 1929 Rogero
1306 1849 1399 1927 patre
1414 1864 1476 1906 suo

365 1947 532 2012 descendit
547 1947 610 2012 sibi
630 1947 803 2036 gardinum
823 1947 905 2012 illud
926 1955 960 2012 et
980 1947 1122 2034 mesuag’
1143 1945 1178 2010 in
1200 1945 1417 2011 hereditatem
1440 1956 1477 2011 et

366 2050 452 2116 unde
477 2051 558 2116 dicit
583 2051 670 2138 quod
693 2051 794 2116 nichil
818 2051 937 2116 clamat
962 2071 1022 2136 per
1047 2049 1237 2114 descensum
1260 2047 1301 2114 de
1327 2048 1476 2134 predicto

365 2155 471 2220 Alano
485 2155 549 2220 nisi
569 2163 700 2221 tanturn
720 2155 761 2220 de
777 2157 992 2232 feoffamcnto,
1007 2152 1059 2218 'et
1074 2153 1102 2218 si
1117 2153 1208 2218 curia
1221 2153 1477 2218 considerauerit

366 2260 453 2346 quod
476 2260 621 2326 duellum
641 2283 706 2325 non
725 2260 770 2325 sit
789 2260 877 2325 inter
896 2281 950 2325 eos
965 2258 1058 2345 ponit
1073 2281 1107 2323 se
1123 2259 1158 2323 in
1172 2279 1325 2344 magnam
1339 2257 1475 2322 assisam

366 2363 459 2428 Dom
483 2363 583 2451 Regis
604 2371 639 2429 et
660 2363 746 2450 petit
771 2362 1026 2450 recognicionem
1048 2363 1119 2427 fieri
1141 2370 1253 2427 utrum
1275 2362 1345 2448 ipse
1366 2362 1476 2426 maius

367 2465 418 2530 ius
439 2465 560 2532 habeat
579 2467 614 2531 in
633 2465 768 2554 gardino
788 2467 844 2531 illo
864 2475 899 2532 et
919 2468 996 2532 mes'
1012 2474 1052 2531 ut
1071 2467 1106 2531 in
1126 2466 1191 2531 illis
1206 2465 1293 2532 unde
1307 2465 1476 2553 predictus

368 2569 514 2656 Rogems
539 2579 633 2656 pater
658 2593 736 2636 auus
762 2569 878 2634 habuit
908 2569 1119 2644 medietatem
1149 2569 1190 2636 de
1220 2569 1305 2636 dono
1333 2569 1476 2656 predicti

368 2674 467 2738 Alani
481 2675 567 2740 senis
580 2675 682 2762 patris
697 2674 749 2740 sui
764 2683 798 2739 et
818 2673 916 2740 aliam
936 2673 1147 2740 medietatem
1161 2675 1203 2740 de
1217 2675 1302 2742 dono
1315 2675 1478 2742 Willelmi

368 2777 477 2841 fratris
491 2777 594 2864 ipsius
608 2777 728 2864 Rogeri
742 2777 796 2841 cui
810 2775 976 2862 predictus
990 2777 1116 2842 Alanus
1131 2785 1225 2864 pater
1238 2777 1340 2864 ipsius
1354 2777 1478 2864 Rogeri

369 2879 460 2945 dedit
474 2880 686 2944 medietatem
701 2879 791 2944 illam
811 2887 851 2944 ut
868 2879 909 2944 de
924 2879 1102 2966 perquisito
1116 2903 1183 2958 suo,
1198 2903 1241 2944 an
1255 2880 1342 2945 idem
1357 2881 1478 2946 Petrus

370 2984 456 3049 filius
471 2983 576 3049 Alani.

435 3087 480 3152 Et
499 3088 541 3154 xl.
556 3089 611 3154 sol
627 3088 837 3175 recipiuntur,
857 3094 892 3152 et
911 3086 984 3152 ideo
1006 3094 1196 3174 preceptum
1218 3095 1269 3152 est
1291 3087 1479 3152 uicecomiti

370 3192 456 3280 quod
490 3192 525 3257 in
554 3193 651 3278 pleno
685 3193 842 3258 comitatu
878 3191 1037 3257 recordari
1066 3192 1164 3257 faciat
1193 3191 1354 3278 loquelam
1383 3191 1478 3256 illam

369 3297 510 3383 qualiter
530 3296 602 3382 ipsa
623 3295 764 3363 deducta
785 3297 849 3362 fuit
871 3297 906 3362 in
928 3297 1086 3363 comitatu
1109 3305 1144 3362 et
1165 3297 1332 3363 recordum
1354 3297 1479 3362 habeat

369 3423 428 3486 per
441 3399 498 3487 iiij.
514 3400 635 3465 milites
650 3399 691 3465 de
706 3400 865 3465 comitatu
881 3409 940 3466 etc

436 3503 481 3568 Et
502 3503 580 3590 quia
600 3503 775 3569 comitatus
796 3503 982 3569 recordatur
1007 3501 1094 3590 quod
1118 3503 1284 3590 predictus
1313 3504 1479 3590 Rogems⁸

370 3605 479 3690 posuit
493 3627 527 3670 se
542 3605 578 3670 in
592 3627 745 3692 magnam
764 3605 897 3670 assisam
916 3605 952 3670 in
972 3605 1139 3683 comitatu,
1155 3606 1404 3673 consideratum
1426 3616 1481 3672 est

370 3708 456 3794 quod
471 3731 590 3796 magna
603 3708 703 3774 assisa
716 3708 869 3794 procedat
883 3731 942 3795 per
955 3709 1057 3774 uerba
1070 3708 1225 3795 predicta

435 3811 598 3876 Robertus
617 3810 658 3876 de
679 3810 823 3876 hlarkele
843 3811 1048 3878 athachiatus
1073 3811 1137 3876 fuit
1156 3811 1198 3877 ad
1218 3811 1480 3899 respondendum

404 3997 413 4030 ¹
431 3997 543 4048 Tenant
950 3999 984 4064 by
1000 3999 1162 4052 inhesitanos
1177 3999 1231 4052 aud
1246 4015 1322 4064 agree
1337 3999 1418 4050 about
1432 4000 1482 4051 tha

404 4063 464 4112 ¹In
486 4063 532 4113 the
553 4063 609 4113 MS.
632 4079 648 4113 a
674 4077 729 4113 aaa
755 4063 900 4127 paragraph
950 4065 1067 4128 pedigree
1088 4065 1160 4116 there
1186 4081 1235 4115 can
1257 4066 1288 4116 be
1309 4081 1344 4115 no
1365 4065 1428 4115 duel
1449 4081 1483 4115 or

372 4127 463 4191 begins
473 4127 547 4186 ham
564 4129 611 4178 but
625 4129 720 4206 clearly
736 4127 781 4178 the
798 4130 857 4192 plea
873 4129 903 4178 ol
949 4130 1032 4192 grand
1044 4131 1136 4189 assiae,
1147 4132 1195 4182 bnt
1210 4129 1254 4180 the
1268 4135 1364 4182 matter
1378 4131 1431 4180 will
1447 4131 1482 4182 be

372 4193 448 4243 Peter
464 4193 523 4242 Fitz
540 4193 624 4257 Roget
640 4197 785 4244 continues.
818 4193 900 4243 'l'hers
950 4193 1482 4284 decidedbp“countoountantandplea

372 4258 558 4322 maybebattle
566 4273 596 4308 or
603 4258 687 4321 grand
697 4259 781 4308 assiae
790 4258 900 4308 because
950 4259 1097 4322 pleadant‚'
1115 4260 1158 4311 i.e.
1170 4261 1192 4312 it
1208 4261 1259 4311 will
1274 4261 1305 4312 ba
1319 4260 1427 4312 deoided
1444 4277 1482 4312 on

372 4323 418 4374 tha
428 4324 533 4386 parties,
545 4323 645 4386 though
660 4324 690 4374 ol
703 4337 754 4374 one
770 4323 851 4385 stock,
865 4323 899 4374 do
949 4323 994 4375 the
1022 4325 1145 4388 leadings.

373 4391 420 4438 not
430 4403 504 4451 agree
518 4389 547 4438 in
562 4387 685 4451 olaiming
695 4389 730 4453 by
740 4388 900 4439 inhertance
981 4389 992 4422 ⁸
1004 4339 1119 4441 herent.

373 4453 687 4515 fromagirenancestor.
721 4452 898 4518 Istheyclaim
