3314 5238
328 401 393 472 474
625 421 776 483 rmumr,
797 422 862 472 no.
888 407 981 484 1231,
1003 421 1067 474 ns„
1092 411 1140 472 15.

394 594 437 660 Et
459 593 626 659 «lohannes
647 602 682 658 et
704 594 841 660 Matillis
864 594 1004 660 ueniunt
1027 604 1062 660 et
1088 593 1224 660 Mstillis
1247 593 1327 660 dicit
1350 593 1443 681 quod

326 720 392 763 non
417 697 515 764 debet
544 697 575 762 ei
602 698 808 764 warentizsre
838 699 916 785 quis
943 699 1016 786 ipsa
1043 699 1124 764 dicit
1152 699 1240 786 quod
1268 722 1438 786 nunquam

326 801 529 888 mesuagium
553 800 635 866 illud
659 801 690 866 ei
714 801 804 867 dedit
828 825 888 868 neo
909 811 1033 868 esrtsm
1052 826 1145 870 susm
1166 803 1196 869 ei
1216 803 1292 869 inde
1308 804 1386 870 lecit
1402 811 1439 869 et

325 905 399 972 ideo
413 906 483 970 sine
498 905 551 970 die
567 905 644 992 quis
658 929 723 970 non
738 907 813 972 uult
827 907 1043 972 warentizere.

390 1011 507 1074 Petrus
521 1009 562 1074 de
577 1010 724 1074 Burtons
738 1011 859 1097 optulit
877 1035 911 1076 se
934 1011 1008 1098 iiij²⁰
1027 1011 1080 1076 die
1103 1033 1217 1076 uersus
1238 1011 1437 1076 Metillidem

324 1113 365 1179 de
383 1115 529 1178 Burtone
542 1113 583 1178 de
598 1113 718 1199 placito
730 1115 755 1200 j.
771 1115 852 1202 uirg.
869 1125 954 1181 terre
969 1117 1024 1202 xij.
1039 1139 1101 1181 ser.
1116 1115 1225 1180 minus
1238 1115 1273 1180 in
1289 1117 1438 1180 Burtons

323 1240 405 1304 ques
419 1218 537 1282 elamet
552 1225 590 1282 ut
605 1218 656 1282 ius
671 1241 767 1282 suum
787 1241 901 1284 uersus
920 1243 1002 1286 eam,
1048 1221 1092 1285 Et
1107 1220 1244 1284 Mutillis
1260 1242 1325 1284 non
1340 1221 1437 1286 uenit

323 1331 358 1386 et
373 1331 460 1386 terre
474 1329 570 1407 cepte
584 1321 648 1386 luit
663 1321 697 1386 in
713 1345 846 1387 menum
866 1323 959 1388 Dom.
976 1323 1077 1412 Regis
1092 1346 1150 1410 per
1164 1323 1320 1388 defaltum
1335 1347 1435 1410 quam

323 1426 400 1491 lecit
423 1449 444 1490 s
462 1425 515 1490 die
540 1434 610 1504 ete,
632 1433 667 1491 et
693 1426 873 1492 uioecomes
898 1427 1068 1493 mandauit
1094 1427 1181 1492 diem
1207 1428 1375 1514 espeionis‚
1400 1438 1438 1494 et

323 1552 420 1616 super
442 1529 503 1595 hoo
526 1537 685 1594 testatum
710 1531 869 1617 estquod
891 1532 956 1597 iter
976 1532 1158 1618 arripuerat
1180 1555 1294 1598 uersus
1313 1541 1436 1598 tensm

322 1642 467 1698 sanctem
497 1642 673 1720 antequem
703 1636 902 1700 summouits
927 1637 1034 1700 lueret
1059 1636 1126 1702 soil
1152 1637 1193 1702 sd
1218 1637 1436 1702 Pentecosten

322 1761 407 1804 euno
429 1737 522 1824 regni
548 1738 647 1825 Regis
676 1738 770 1824 xiiij0,
792 1749 827 1804 et
848 1749 1050 1826 compertum
1080 1749 1131 1806 est
1161 1740 1247 1826 quod
1276 1739 1436 1825 placitum

322 1843 444 1929 incepit
459 1842 501 1907 ed
516 1843 636 1907 festum
652 1842 684 1908 S.
701 1843 833 1907 Hillsrii
852 1865 937 1908 suno
952 1852 1015 1909 xv0.
1060 1845 1105 1908 Et
1120 1844 1238 1908 Petrus
1252 1843 1332 1908 dicit
1347 1843 1437 1928 quod

321 1947 392 2034 ipse
407 1955 457 2012 est
472 1945 506 2010 in
521 1945 643 2032 Anglie
656 1953 691 2010 et
706 1945 780 2010 ideo
794 1946 891 2012 datus
906 1955 957 2012 est
976 1947 1046 2012 dies
1065 1947 1107 2012 de
1129 1946 1291 2012 audiendo
1313 1945 1436 2010 iudicio

321 2073 342 2116 s
362 2051 415 2116 die
438 2059 497 2116 ete.
522 2057 562 2114 ut
584 2049 717 2114 interim
742 2050 978 2136 inquiratursi
1002 2051 1105 2115 sitin
1130 2051 1253 2138 Anglie
1277 2050 1332 2115 uel
1357 2071 1435 2126 non,

321 2161 356 2219 et
376 2161 456 2219 tune
476 2153 630 2240 procedet
651 2153 809 2218 iudicium
832 2155 867 2218 in
889 2153 1003 2220 eodem
1026 2161 1115 2219 stetu
1138 2177 1201 2241 quo
1223 2177 1310 2219 nune
1332 2153 1361 2220 si
1381 2155 1433 2218 in-

320 2267 423 2324 uenta
436 2258 541 2324 fuerit

385 2362 512 2428 Letieio
532 2385 595 2448 qne
618 2362 682 2426 fuit
704 2384 786 2427 uxor
804 2362 903 2427 Alani
924 2363 954 2428 le
970 2359 1091 2428 Gsunt'
1107 2361 1228 2448 optulit
1243 2384 1278 2426 se
1292 2361 1365 2448 ffijo
1379 2362 1434 2428 die

225 2483 251 2512 ⁰¹¹
320 2491 433 2534 uersus
456 2466 679 2532 Alexandrum
704 2467 808 2531 lilium
835 2467 993 2531 Herberti
1018 2474 1052 2530 et
1078 2465 1274 2530 Matillidem
1298 2487 1433 2530 uxorem

320 2573 390 2637 eius
405 2573 446 2636 de
461 2570 580 2656 placito
595 2569 782 2634 medietatis
797 2570 895 2634 unius
909 2569 1069 2656 mesuegii
1083 2591 1158 2634 oum
1173 2568 1301 2654 pertin
1316 2569 1434 2634 subur·

319 2677 375 2742 bio
398 2673 513 2742 (lunt'l
533 2695 631 2760 quem
654 2673 774 2738 clamet
794 2681 833 2738 ut
848 2674 958 2738 dotem
973 2695 1065 2738 susm
1081 2679 1142 2736 eto.
1188 2672 1232 2736 Et
1247 2671 1435 2738 Alexander

320 2788 355 2845 et
380 2778 518 2844 Matillis
539 2799 605 2842 non
631 2785 795 2842 uenerunt
819 2785 878 2842 ete
904 2785 939 2842 et
965 2774 1047 2841 sum’
1074 2785 1133 2841 ete.
1179 2776 1224 2841 Et
1250 2798 1348 2861 super
1372 2777 1434 2842 hoo

320 2891 482 2949 uenerunt
511 2881 626 2947 bellini
655 2879 900 2947 Centusriensis
934 2879 1110 2966 Episcopi'
1137 2885 1172 2944 et
1200 2887 1321 2966 petunt
1355 2879 1434 2945 inde

319 2988 443 3054 curiam
459 3009 551 3051 susm
566 2994 601 3050 et
616 2985 748 3050 habent.
894 3031 897 3036 -

384 3089 511 3155 'Alieis
536 3111 599 3175 que
621 3088 685 3153 fuit
707 3110 790 3153 uxor
812 3087 958 3173 Philippi
986 3087 1027 3152 de
1054 3087 1164 3175 Burgo
1189 3087 1289 3174 petiit
1318 3111 1433 3155 uersus

320 3194 468 3259 Odonem
490 3192 531 3258 ds
555 3191 721 3258 Swalhsm
743 3190 955 3256 medietatem
975 3191 1007 3277 ij.
1023 3213 1084 3256 aer.
1103 3201 1138 3256 et
1157 3192 1258 3256 t1ium
1279 3191 1432 3258 rodarum

319 3307 404 3362 terre
420 3319 494 3364 eum
508 3303 589 3381 pert
605 3295 641 3358 in
652 3295 771 3381 Burgo,
786 3303 821 3359 et
840 3316 954 3359 uersus
970 3294 1170 3360 Willelmum
1193 3295 1224 3360 le
1246 3295 1433 3382 quneeys

319 3401 530 3466 medietatem
553 3398 651 3464 unius
672 3421 732 3464 aer.
753 3421 828 3463 cum
852 3407 933 3484 pert
956 3398 992 3462 in
1015 3399 1128 3464 eedem
1153 3399 1234 3464 uilla
1256 3407 1296 3464 ut
1319 3399 1432 3466 dotem

318 3527 420 3570 susm.
465 3504 509 3568 Et
524 3503 596 3568 Odo
611 3512 646 3568 et
660 3503 717 3567 elii
732 3502 822 3588 prius
842 3502 996 3568 dixerunt
1018 3503 1104 3589 quod
1127 3503 1203 3568 telis
1224 3512 1275 3569 est
1297 3527 1432 3572 eonsue-

318 3609 399 3674 tudo
413 3609 449 3674 in
463 3607 556 3672 feodo
572 3606 710 3672 Comitis
725 3605 894 3670 Britannie
910 3605 997 3692 quod
1014 3606 1166 3672 mulieres
1186 3629 1252 3672 non
1274 3617 1432 3694 poterunt

319 3712 437 3777 habere
452 3711 516 3776 nisi
527 3711 661 3775 te'rcism
677 3719 804 3796 partem
819 3718 978 3774 terrerum
994 3709 1281 3776 uiuorumsuorum
1293 3715 1432 3799 eoquod

319 3823 496 3881 tenuerunt
511 3837 569 3900 per
583 3812 756 3878 seruioium
771 3813 912 3878 militare
932 3813 1030 3878 simul
1045 3835 1119 3878 eum
1134 3815 1288 3902 sooeegio‚
1303 3825 1338 3881 et
1352 3817 1432 3883 inde

318 3926 497 4006 posuerunt
511 3940 545 3982 ee
561 3939 658 4002 super
672 3916 822 3994 iuratam,
831 3924 865 3980 et
874 3915 980 3981 Alioie
995 3915 1153 3982 similiter.
1191 3919 1235 3982 Et
1250 3919 1432 3986 uieecomes

318 4023 409 4088 misit
429 4021 677 4108 inquisicionem
699 4043 763 4106 que
786 4021 861 4085 talis
880 4028 930 4084 est
950 4021 1037 4107 quod
1052 4030 1138 4087 term
1153 4022 1210 4087 ills
1224 4032 1358 4090 tenetur
1372 4049 1433 4112 per

318 4126 492 4192 seruioium
514 4125 655 4190 militare
674 4124 772 4189 simul
794 4147 869 4189 cum
883 4125 1036 4212 soooegio,
1052 4135 1086 4190 et
1102 4127 1189 4212 quod
1204 4127 1279 4192 talis
1294 4128 1339 4193 sit
1354 4153 1430 4195 eon-

319 4229 458 4296 suetudo
480 4229 625 4294 eiusdem
648 4228 784 4294 manerii
804 4229 891 4316 quod
910 4229 1062 4295 mulieres
1077 4253 1142 4295 non
1156 4241 1293 4318 possunt
1308 4233 1429 4301 hebere

350 4395 361 4500 ξ
379 4402 528 4518 ἕὶιὲιωατίι.
562 4400 731 4464 Genterbury.
931 4398 989 4449 ¹1³·
999 4414 1035 4448 m·
1049 4401 1086 4451 18·
