3196 5226
356 461 418 524 106
542 473 676 524 srmar
698 473 771 523 sun
795 473 932 535 nissen,
954 471 1020 521 an.
1045 457 1137 534 1220,
1161 471 1223 521 en
1246 461 1275 521 4.

420 639 463 708 Et
486 643 652 708 sciendum
673 643 759 730 quod
784 643 944 708 Radulfus
964 641 1140 708 essoniauit
1160 664 1193 707 se
1213 641 1254 707 de
1274 641 1359 707 malo
1383 637 1462 706 lecti

346 754 387 810 et
403 745 518 810 habuit
533 747 728 834 languorem.

231 855 301 918 119.
348 851 350 856 ’
418 847 632 937 ‘Reginaldus
662 851 893 937 Carpentarius
923 873 980 936 per
1005 857 1207 914 attornatum
1241 869 1337 912 suum
1373 847 1461 934 petit

224 954 306 994 ΒΜ·
352 975 464 1018 uersus
490 953 629 1018 Aliciam
652 953 693 1018 de
718 953 871 1019 Medham
895 953 1064 1019 dimidiam
1087 952 1251 1040 uirgatam
1273 960 1357 1015 terre
1384 973 1460 1014 curn

352 1057 560 1142 pertinenciis
583 1057 618 1122 in
642 1057 796 1123 Medham
819 1067 858 1123 ut
882 1059 933 1123 ius
955 1081 1051 1122 suum
1075 1066 1134 1122 etc.
1151 1065 1185 1122 et
1203 1065 1247 1121 -ut
1266 1057 1355 1120 illam
1371 1054 1460 1118 unde

352 1167 411 1225 etc.
428 1169 462 1224 et
476 1160 547 1246 ipsa
561 1160 653 1224 uenit
668 1167 703 1225 et
717 1161 797 1226 dicit
812 1161 898 1247 quod
913 1160 1012 1225 nichil
1028 1161 1147 1225 clamat
1162 1160 1225 1224 nisi
1240 1159 1349 1224 dotem
1364 1179 1460 1222 suam

352 1270 387 1329 et
410 1275 506 1330 uocat
528 1263 603 1331 inde
628 1266 669 1332 ad
692 1275 872 1331 warantum
894 1266 1069 1352 Hugonem
1090 1265 1227 1331 Sannau’
1249 1263 1305 1350 qui
1328 1285 1462 1349 presens

352 1365 416 1432 fuit
431 1377 465 1432 et
480 1369 511 1432 ei
526 1369 749 1433 warantizauit
760 1377 795 1434 et
810 1369 895 1456 petit
911 1368 986 1433 inde
1001 1369 1119 1446 uisum,
1135 1367 1264 1432 habeat.

190 1463 327 1550 {1233ss
417 1471 509 1536 Idem
539 1471 625 1557 petit
654 1471 767 1536 eodem
797 1471 892 1536 modo
921 1479 955 1535 et
984 1493 1043 1558 per
1071 1469 1184 1536 eadem
1214 1470 1316 1534 uerba
1343 1489 1460 1533 uersus

190 1557 333 1689 iiiii&
352 1573 527 1660 Hugonem
558 1573 693 1640 Sannau’
718 1575 742 1662 j.
773 1575 935 1661 uirgatam
965 1583 1050 1640 terre
1080 1597 1153 1640 cum
1184 1573 1393 1660 pertinenciis
1422 1573 1459 1637 in

190 1651 333 1783 1111Ἑῇ
333 1762 341 1770 Ι
353 1677 506 1742 Medham
530 1687 569 1743 ut
590 1679 641 1744 ius
666 1701 762 1744 suum
786 1688 820 1744 et
844 1679 944 1766 Hugo
967 1678 1060 1743 uenit
1082 1686 1117 1743 et
1142 1677 1182 1742 (16
1207 1686 1345 1763 utraque
1371 1685 1461 1742 terra

190 1757 269 1830 3¹⁸⁰st
351 1781 438 1867 petit
460 1784 576 1859 uisum,
599 1783 724 1848 habeat.
770 1783 850 1847 Dies
873 1781 969 1847 datus
993 1790 1043 1846 est
1064 1791 1122 1846 etc.
1140 1789 1174 1845 et
1194 1781 1325 1846 interim
1346 1789 1406 1846 etc.
1423 1789 1459 1846 et

353 1883 460 1949 Alicia
474 1892 647 1950 remaneat.

233 1983 302 2045 120.
418 1989 513 2053 'Dies
535 1989 632 2054 datus
656 1996 705 2054 est
726 1989 851 2054 Simoni
871 1989 901 2052 16
916 1987 1040 2052 Archer
1061 1987 1189 2074 petenti
1208 1995 1242 2052 et
1256 1987 1402 2053 Waltcro
1416 1987 1459 2053 de

237 2079 300 2120 m·
354 2091 531 2156 Mitlefeld⁸
560 2092 616 2178 qui
645 2091 726 2156 dicit
755 2092 841 2177 quod
871 2091 1047 2156 Gaufridus
1076 2092 1117 2156 (16
1140 2091 1317 2156 Mitlefeld'
1340 2091 1397 2178 qui
1422 2113 1459 2156 se

354 2197 530 2261 essoniauit
550 2197 590 2261 de
610 2197 696 2261 malo
717 2197 793 2260 lecti
813 2205 847 2260 et
862 2196 919 2281 qui
934 2195 1051 2260 habuit
1065 2196 1261 2282 languorem,
1276 2217 1352 2260 eum
1367 2195 1460 2259 misit

353 2301 395 2365 ad
415 2300 673 2385 respondendum
696 2321 754 2385 pro
776 2321 815 2364 eo
841 2298 881 2363 dc
905 2299 1010 2363 tribus
1029 2299 1158 2363 bonatis
1181 2307 1363 2363 terrerum
1385 2319 1459 2384 per-

354 2403 504 2467 tinenciis
528 2403 562 2466 in
584 2401 706 2489 Jopun,
732 2401 818 2466 unde
841 2423 960 2488 magna
981 2401 1081 2466 assisa
1100 2409 1324 2465 summonetur
1343 2400 1385 2466 ad
1409 2423 1461 2465 re·

354 2505 609 2592 cognoscendum
629 2517 740 2570 utrum
760 2506 829 2592 ipse
845 2507 949 2570 maius
969 2505 1020 2570 ius
1042 2505 1161 2570 habeat
1181 2505 1314 2570 tenendi
1338 2513 1460 2569 terram

354 2611 443 2674 illam
459 2611 499 2674 (16
515 2609 584 2695 ipso
601 2609 731 2674 Simone
747 2611 890 2674 utillum
910 2632 1007 2695 quam
1028 2609 1119 2674 dedit
1142 2609 1279 2674 Ricardo
1294 2607 1385 2673 fratri
1400 2631 1460 2673 suo

353 2715 407 2778 uel
432 2713 519 2777 idem
545 2713 658 2778 Simon
681 2712 716 2776 in
744 2713 904 2777 dominico
934 2721 1003 2790 etc,
1025 2735 1045 2777 a
1070 2712 1123 2776 die
1147 2713 1179 2778 S.
1207 2713 1292 2777 'Prin
1316 2720 1376 2778 etc.
1400 2735 1460 2798 pro

352 2817 482 2881 defectu
511 2816 749 2903 recognitorum
776 2817 854 2903 quia
882 2817 991 2880 nullus
1019 2817 1113 2880 uenit
1139 2825 1173 2880 et
1204 2817 1316 2881 Simon
1342 2815 1461 2880 habuit
1530 2811 1533 2820 ’

352 2920 452 2984 breue
481 2919 521 2983 de
551 2919 616 2984 illis
643 2919 893 2996 summouendis,
916 2929 950 2983 et
973 2919 1082 2984 amisit
1104 2919 1186 2984 illud
1215 2929 1274 2986 ete
1320 2919 1364 2984 Et
1386 2920 1461 2984 ideo

190 3031 339 3080 tamquam
352 3033 541 3111 preceptum
564 3031 614 3089 est
636 3023 821 3088 uicecomiti
843 3023 929 3110 quod
953 3023 1073 3088 habeat
1093 3045 1224 3110 corpora
1245 3023 1389 3088 omnium
1410 3045 1461 3088 re-

189 3089 212 3118 sa
220 3080 331 3118 mutauit

189 3125 334 3257 ssgssffi
352 3127 558 3214 cognitorum
574 3134 633 3191 etc.
651 3135 685 3191 et
701 3149 740 3190 ex
761 3127 826 3190 illis
848 3126 1007 3191 militibus
1027 3126 1140 3191 mittat
1162 3135 1301 3214 quatuor
1321 3126 1363 3191 ad
1386 3149 1460 3213 pre·

190 3219 289 3310 iffi?
351 3232 476 3296 dictum
489 3230 682 3295 Gaufridum
694 3229 736 3295 ad
751 3230 949 3295 audiendum
962 3231 990 3295 si
1001 3232 1207 3296 warentizare
1219 3232 1359 3296 uoluerit
1371 3231 1459 3318 quod

190 3313 328 3406 addid-‘tg-
352 3333 441 3397 misit
456 3332 639 3418 prcdictum
654 3331 838 3397 Walterum
854 3333 922 3396 loco
937 3355 996 3397 suo
1011 3341 1046 3398 et
1061 3334 1089 3398 si
1105 3333 1245 3398 uoluerit
1265 3357 1340 3398 eum
1358 3343 1460 3399 attor-

190 3409 339 3546 §iffi
352 3457 428 3500 nare
448 3435 490 3500 ad
514 3435 704 3500 lucrandum
727 3444 785 3500 etc.
810 3436 844 3500 in
864 3437 992 3523 loquela
1007 3438 1064 3503 illa
1089 3448 1148 3504 etc.
1196 3439 1241 3503 Et
1256 3439 1333 3526 quia
1348 3461 1460 3506 omnes

189 3545 339 3639 fflffiffl,
352 3541 567 3628 recognitores
582 3539 732 3603 0bierunt
746 3549 955 3626 preterquam
970 3543 1132 3628 quatuor⁵,
1144 3543 1231 3608 idem
1246 3551 1387 3630 quatuor
1401 3545 1459 3610 eli-

190 3637 318 3732 ξῗῃῗξξξ,
351 3651 432 3730 gant
446 3643 499 3727 xij.
513 3652 572 3707 etc.
589 3643 631 3707 ad
646 3643 831 3708 faciendum
846 3653 906 3709 etc.
923 3653 957 3709 61
972 3655 1160 3711 remaneant
1175 3647 1209 3711 in
1225 3647 1337 3712 eadem
1352 3649 1459 3714 assisa

190 3731 339 3816 tttffittff
416 3747 615 3811 ‘willelmus
638 3747 725 3812 filius
745 3748 904 3813 Willelmi
924 3746 964 3814 (16
984 3750 1095 3814 Monte
1115 3751 1222 3815 Acnto
1244 3753 1461 3818 summonitus

191 3823 317 3956 ἓξὲξ
352 3850 392 3915 ad
422 3849 677 3936 cognoscendum
701 3851 779 3937 quid
809 3851 889 3916 iuris
915 3853 984 3938 ipse
1010 3853 1129 3917 clamat
1154 3853 1188 3917 in
1218 3854 1344 3919 duabus
1374 3855 1460 3921 hidis

190 3963 316 4058 gffi'gttpe·
353 3963 436 4018 terre
460 3961 495 4018 et
514 3953 650 4018 dimidia
672 3977 746 4018 cum
768 3951 977 4040 pertinenciis
992 3955 1026 4019 in
1043 3956 1191 4032 Suttona‚
1207 3979 1287 4043 quas
1302 3957 1460 4024 Ricardus

190 4057 332 4144 ffffiggiffi‘
352 4058 392 4123 de
422 4059 535 4122 Monte
564 4058 672 4123 Acuto
702 4059 802 4122 frater
830 4081 908 4123 suus
937 4057 1056 4124 clamat
1081 4081 1194 4124 uersus
1224 4061 1394 4126 Matheum
1419 4061 1459 4126 de

192 4151 300 4280 ¹⁰51.
353 4163 532 4230 Cliuedona
551 4172 586 4228 61
600 4163 802 4228 Willelmum
823 4163 928 4227 filium
948 4163 1107 4249 Drogonis
1126 4185 1185 4249 per
1199 4165 1331 4229 assisam
1346 4164 1460 4230 mortis

211 4317 323 4358 sumunt.

387 4365 395 4398 ¹
414 4367 443 4415 Α.
456 4381 490 4418 m.
505 4369 551 4427 27;
569 4367 599 4420 Β.
613 4381 649 4416 m.
662 4368 692 4416 21
705 4367 730 4418 (1.
964 4369 975 4402 ⁴
992 4367 1057 4418 This
1068 4369 1146 4418 refers
1158 4372 1185 4418 to
1197 4369 1262 4420 Casa
1274 4369 1327 4420 111

387 4434 397 4464 ²
414 4433 444 4480 Α.
456 4447 490 4483 m.
505 4435 548 4492 27;
565 4433 595 4483 Β.
608 4449 642 4485 m.
658 4435 688 4483 21
700 4433 726 4484 (1.
965 4435 975 4466 ⁵
993 4435 1088 4484 Names
1099 4433 1128 4484 in
1143 4435 1172 4494 A,
1187 4433 1217 4485 B.

387 4497 398 4530 ⁸
416 4499 555 4560 Mikrlsetd.
962 4499 977 4532 ⁸
993 4501 1023 4550 A.
1036 4515 1071 4549 m.
1084 4501 1127 4558 27;
1145 4499 1175 4548 Β.
1188 4513 1222 4548 m.
1235 4501 1275 4551 21.
