3308 5226
388 433 452 498 692
617 446 850 512 mensurum,
873 445 937 498 sn.
963 433 1055 508 1224,
1078 447 1142 500 sn
1165 435 1259 500 8-9.

387 623 483 687 suum
497 619 736 687 defendendum
758 619 800 686 ed
815 629 950 688 ,custum
972 643 1067 686 suum
1091 621 1266 707 proprium,
1287 630 1322 687 et
1341 621 1486 688 similiter

387 725 468 792 alibi
488 725 517 790 si
538 747 596 812 per
617 733 806 811 preceptum
828 723 922 790 Dom.
945 725 1046 812 Regis
1067 725 1185 790 debeat
1206 726 1294 792 idem
1309 727 1486 793 Wilielmus

388 829 435 894 ire
454 851 512 915 pro
531 828 673 915 negociis
693 828 786 892 Dom.
807 827 908 913 Regis
931 835 966 892 et
985 827 1034 892 its
1053 827 1140 914 quod
1160 828 1188 894 si
1208 829 1295 894 idem
1310 829 1487 894 Willeiinus

389 933 471 998 uelit
492 931 658 998 remittere
680 953 756 997 eum
778 931 819 996 de
841 929 897 994 illo
919 929 1037 996 itinere
1058 930 1205 1016 predicte
1234 939 1321 998 term
1347 933 1490 998 inueniet

389 1035 494 1102 eidem
523 1035 687 1100 Willelmo
716 1037 847 1100 custum
876 1056 987 1098 suum.
1002 1033 1181 1100 secundum
1218 1035 1305 1122 quod
1340 1035 1382 1101 ad
1417 1058 1490 1100 eum

388 1139 573 1226 pertinebit,
587 1139 675 1204 unde
690 1137 777 1204 idem
792 1137 977 1204 Willelmus
991 1137 1072 1203 dicit
1092 1137 1179 1224 quod
1199 1137 1241 1204 de
1261 1138 1410 1204 omnibus
1428 1138 1490 1203 iilis

388 1243 676 1310 consuetudinibus
690 1250 725 1308 et
739 1241 885 1308 seruiciis
898 1241 963 1306 fuit
978 1241 1047 1328 ipse
1062 1242 1246 1308 Willelmus
1260 1243 1390 1308 scisitus
1402 1249 1441 1307 ut
1451 1243 1489 1306 de
1627 1237 1628 1242 ’

389 1345 459 1411 iure
473 1354 619 1432 tempore
633 1345 726 1410 Dom.
743 1344 844 1430 Regis
859 1344 916 1431 qui
932 1367 1018 1410 nunc
1033 1352 1133 1410 estet
1148 1345 1209 1411 hoc
1228 1346 1325 1411 offert
1346 1345 1489 1411 dimscic

389 1468 467 1516 nore
488 1473 546 1537 per
566 1473 681 1537 corpus
701 1449 870 1516 cuiusdam
893 1447 987 1514 liberi
1008 1447 1149 1514 hominis
1170 1449 1222 1514 sui
1242 1449 1411 1514 Eustachii
1434 1449 1491 1513 filii

390 1553 566 1632 Eustachii,
581 1554 638 1640 qui
652 1554 712 1619 hoc
727 1553 821 1618 offert
841 1551 1055 1618 disrecionere
1075 1573 1134 1638 per
1154 1575 1269 1639 corpus
1292 1575 1389 1618 suum
1411 1552 1491 1617 siout

390 1655 446 1722 ille
461 1658 518 1745 qni
532 1657 681 1723 interfuit
695 1657 753 1722 ubi
767 1655 855 1722 idem
870 1655 977 1721 Adam
992 1663 1027 1721 ct
1046 1655 1194 1721 homines
1215 1655 1266 1721 sui
1288 1656 1330 1722 de
1352 1655 1492 1742 predicta

391 1767 478 1826 terra
491 1761 636 1826 fecerunt
650 1781 761 1824 omnes
773 1759 848 1823 illes
862 1756 1121 1824 consuetudines
1167 1757 1211 1822 Et
1230 1757 1313 1823 dicit
1334 1758 1418 1844 quod
1437 1779 1492 1844 per

390 1861 450 1928 hoc
471 1861 557 1950 quod
579 1863 740 1929 deforcict.
755 1861 786 1927 ei
808 1861 880 1926 illes
897 1860 1147 1926 consuetudines
1161 1860 1377 1926 deterioretus
1391 1868 1439 1926 est
1452 1859 1491 1925 cd

352 2001 354 2010 ·
389 1964 566 2051 dampnum
579 1988 633 2031 xx.
648 1986 834 2029 marcarum.
1406 2019 1408 2026 .

394 2101 397 2110 ·
455 2071 498 2136 Et
512 2069 619 2136 Adam
634 2069 727 2135 uenit
741 2076 776 2133 et
793 2067 940 2133 defendit
959 2067 1029 2132 uim
1049 2074 1085 2131 et
1104 2065 1257 2134 iniuriam
1279 2074 1317 2132 et
1336 2065 1493 2152 cognoscit

390 2171 476 2257 quod
497 2179 590 2238 tenet
611 2173 683 2238 illes
704 2171 779 2256 xvij.
803 2170 910 2234 bouet
934 2177 1019 2234 terre
1041 2168 1083 2234 de
1105 2191 1144 2234 eo
1166 2191 1223 2255 pro
1247 2169 1272 2255 j.
1303 2192 1412 2235 merce
1438 2191 1495 2255 per

388 2295 511 2340 annum
525 2297 583 2362 prc
597 2274 686 2340 omni
699 2273 835 2339 seruicio
850 2281 884 2337 ct
898 2271 1066 2338 residuum
1089 2272 1193 2336 tocius
1209 2273 1341 2338 seruicii
1360 2272 1493 2360 predicti

389 2378 534 2444 defendit
545 2380 617 2466 ipse
632 2400 819 2466 percorpus
833 2376 1002 2442 cuiusdam
1018 2375 1112 2442 liberi
1124 2376 1264 2442 hominis
1274 2379 1328 2443 sui
1339 2378 1362 2443 J
1362 2376 1494 2442 ohannis

388 2483 554 2548 Aurifebri
580 2483 638 2570 qui
663 2482 724 2546 hoc
749 2481 844 2546 offert
869 2479 1042 2547 defendere
1068 2503 1265 2566 percorpus
1291 2504 1388 2546 suum
1412 2480 1494 2544 sicut

389 2585 479 2652 curis
491 2585 742 2652 oonsiderouerit
757 2593 817 2652 etc.
833 2593 867 2650 ct
882 2585 910 2650 si
929 2585 971 2650 de
991 2606 1030 2650 eo
1052 2585 1137 2650 mnle
1157 2585 1334 2672 contigerit
1355 2593 1414 2650 etc
1438 2605 1496 2670 per

388 2690 489 2756 elium
505 2699 564 2755 etc.

393 2843 396 2850 Δ
454 2793 498 2858 Et
519 2793 703 2859 Willelmus
723 2792 804 2858 dicit
824 2791 912 2878 quod
931 2815 996 2857 non
1022 2792 1156 2858 uidetur
1181 2793 1213 2858 ei
1236 2793 1326 2879 quod
1348 2799 1417 2858 tem
1439 2789 1492 2858 de*

388 2897 512 2962 recenti
526 2897 645 2964 seisine
658 2897 777 2963 debeat
791 2897 843 2962 ius
858 2919 954 2962 suum
973 2895 1147 2962 defendere
1166 2897 1245 2984 quie
1264 2898 1411 2962 nondum
1430 2903 1495 2961 tres

388 3001 467 3066 cuni
482 3001 583 3087 elapsi
596 3008 674 3066 sunt
688 3009 861 3088 postquem
875 3001 954 3066 fecit
968 3023 1080 3066 omnes
1094 3001 1168 3065 illes
1187 3001 1446 3078 consuetudines,
1461 3007 1494 3065 et

389 3103 484 3169 offert
506 3103 599 3170 Dom
623 3105 708 3192 Regi
730 3128 759 3169 n
784 3125 908 3169 merces
930 3123 989 3189 pro
1008 3103 1159 3168 habende
1179 3103 1255 3168 inde
1275 3103 1493 3191 inquisicione.

390 3205 434 3270 Et
463 3208 542 3274 dicit
571 3209 657 3294 quod
685 3215 778 3274 tenet
806 3208 847 3273 de
876 3207 970 3274 Dom
1001 3208 1092 3295 Rege
1122 3216 1226 3272 totem
1256 3216 1378 3274 terrem
1407 3207 1493 3272 illum

389 3311 551 3377 reddendo
570 3313 611 3378 xi
632 3313 687 3378 sol.
709 3321 743 3376 et
762 3334 828 3377 non
847 3317 957 3399 potest
978 3311 1152 3377 seruicium
1171 3335 1268 3376 suum
1283 3311 1388 3378 fecere
1403 3311 1493 3377 Dom.

390 3417 475 3503 Regi
496 3417 559 3481 nisi
581 3417 667 3482 idem
689 3417 796 3482 Adam
821 3417 853 3482 ei
874 3415 974 3481 faciat
994 3415 1168 3481 seruicium
1188 3438 1293 3481 suum.
1340 3417 1384 3482 Et
1404 3415 1495 3480 offert

391 3527 504 3604 postea
512 3520 568 3603 xij.
580 3543 702 3586 merces
712 3543 770 3607 pro
782 3521 932 3587 hebende
945 3520 1021 3586 inde
1036 3520 1150 3586 iurata
1188 3519 1279 3584 Dicit
1292 3520 1397 3585 eciem
1411 3517 1495 3605 quod

391 3631 607 3688 antecessores
630 3625 776 3692 eiusdem
799 3625 872 3690 Ade
896 3647 1024 3711 semper
1045 3623 1208 3689 dederunt
1230 3624 1434 3689 merchetum
1455 3623 1495 3690 de

392 3727 520 3794 filiebus
533 3728 609 3806 suis,
624 3737 674 3793 set
689 3730 776 3796 idem
791 3730 898 3796 Adam
913 3730 1020 3796 adhuc
1033 3731 1157 3796 nullam
1173 3729 1273 3796 filium
1285 3731 1410 3798 hebuit

398 3859 400 3868 ’
457 3831 501 3897 Et
515 3831 593 3919 quis
607 3833 790 3898 Willelmus
804 3843 897 3901 tenet
910 3836 953 3902 de
968 3838 1061 3902 Dom.
1076 3837 1168 3923 Rege
1183 3835 1219 3902 in
1234 3837 1340 3924 capite
1356 3846 1392 3902 et
1402 3837 1494 3902 Dom.

391 3936 463 4001 Rex
490 3935 598 4002 edhuo
626 3935 747 4024 poterit
774 3935 812 4000 in
840 3936 1024 4012 dominico¹,
1054 3937 1292 4001 consideratum
1324 3947 1377 4002 est
1411 3935 1495 4024 quod

392 4039 499 4106 iurata
517 4039 593 4106 inde
613 4041 726 4108 ueniet
746 4049 816 4107 tem
840 4062 898 4127 per
920 4041 1042 4106 milites
1065 4062 1164 4127 quem
1187 4062 1246 4125 per
1267 4039 1348 4106 elios
1370 4049 1430 4108 etc
1454 4040 1494 4106 cd

392 4143 681 4230 suffimentum
696 4144 725 4208 si
738 4143 826 4208 icem
841 4141 949 4208 Adam
963 4143 1082 4208 debeat
1096 4143 1168 4208 tuas
1187 4127 1438 4210 consuetudine
1453 4144 1493 4209 ue

393 4245 462 4311 iure
484 4245 538 4312 uel
561 4253 634 4324 nc'n,
657 4254 692 4310 et
715 4246 743 4310 si
765 4245 853 4312 idem
877 4242 1061 4310 Willelmus
1084 4245 1147 4330 fuit
1170 4246 1205 4310 in
1228 4247 1346 4312 seisina
1368 4247 1409 4312 de
1432 4247 1494 4312 illis

425 4397 759 4495 poossumus...
846 4437 883 4480 Ι,
970 4402 1055 4464 ss.
1090 4367 1491 4481 nnsyjmems'tme.

452 4465 534 4515 autur
547 4466 635 4516 tatere
643 4474 738 4528 pctmr
749 4482 777 4517 tn
786 4468 918 4526 domitrice,
970 4469 1040 4520 what
1051 4467 1080 4518 of
1088 4483 1104 4519 a
1115 4469 1188 4532 royol
1198 4469 1326 4534 privilege.
