3276 5234
315 453 378 516 222
463 395 464 403 i
490 449 629 532 [Hilury
650 444 716 512 aod
740 445 863 521 Easter,
886 460 950 508 nn.
976 447 1069 522 1228,
1092 461 1155 510 nn.
1180 443 1244 529 ln]

313 649 372 705 etc
395 640 639 706 disseisiuerunt
659 637 878 724 Reginsldum
902 635 1068 704 Blundum
1090 637 1131 703 de
1154 646 1341 703 tenemento
1360 658 1419 702 suo

312 745 353 811 de
369 745 475 810 Perus
489 737 648 809 Burstede
663 750 738 828 post
752 740 810 807 ult'
827 739 903 807 etc.¹

380 849 424 912 Et
447 847 626 934 Episcopus
649 854 780 910 tentum
803 845 897 910 uenit
919 845 976 931 qui
998 853 1102 911 totum
1124 855 1242 912 terram
1266 853 1359 911 tenet
1383 851 1419 909 et

313 951 393 1016 dicit
422 951 508 1038 quod
537 949 637 1015 essise.
665 971 730 1013 non
759 949 859 1014 debet
887 948 963 1014 inde
993 949 1072 1026 fieri,
1102 949 1179 1036 quie
1207 949 1248 1014 de
1278 949 1418 1035 quedem

314 1063 406 1141 perte
424 1054 514 1120 illius
534 1053 716 1119 tenementi
736 1075 795 1138 per
815 1051 973 1118 iudicium
996 1053 1084 1118 curie
1106 1076 1164 1118 sue
1185 1053 1273 1140 cepit
1294 1053 1363 1139 ipse
1384 1052 1420 1116 in

313 1179 447 1222 manum
470 1179 562 1222 suem
584 1157 620 1220 in
642 1156 779 1242 simplex
802 1157 949 1222 numium
971 1179 1029 1243 pro
1053 1157 1181 1222 defectu
1208 1155 1335 1221 seruicii
1361 1155 1420 1230 sui,

313 1260 436 1325 scilicet
458 1283 529 1324 xxn
546 1281 635 1324 acras
657 1267 742 1323 terre
765 1265 800 1324 et
822 1281 950 1345 semper
964 1261 1086 1346 optulit
1106 1260 1137 1325 ei
1157 1261 1229 1324 illes
1243 1283 1316 1324 xxx.
1331 1281 1420 1324 ceres

313 1363 363 1427 ite
377 1361 463 1448 quod
477 1361 546 1447 ipse
562 1361 761 1426 satisfaceret
776 1361 808 1426 ei
823 1361 863 1426 de
878 1362 1014 1427 seruicic
1028 1386 1086 1428 suo
1102 1371 1136 1428 et
1150 1363 1257 1427 adhuc
1271 1361 1303 1426 ei
1317 1363 1419 1427 offert.

380 1467 424 1531 Et
446 1465 647 1552 Regineldus
669 1465 749 1529 dicit
771 1465 858 1551 quod
878 1466 1051 1552 aliquando
1066 1475 1143 1532 ente
1158 1465 1339 1531 aduentum
1353 1465 1418 1530 ius-

315 1567 512 1633 ticieriorum
532 1569 654 1654 optulit
674 1568 706 1632 ei
727 1563 952 1634 tenementum
968 1590 1064 1635 suum
1085 1569 1171 1655 quod
1185 1569 1308 1634 clamm
1329 1568 1418 1646 luit',

314 1679 365 1736 set
380 1693 445 1736 nou
460 1671 523 1736 fuit
537 1693 635 1736 ausus
649 1671 731 1735 illud
746 1671 888 1758 recipere
902 1681 1035 1758 propter
1053 1672 1153 1737 breue
1174 1672 1260 1758 quod
1280 1672 1359 1736 tulit
1378 1671 1420 1736 de

315 1795 401 1837 noue.
426 1772 616 1849 disseisine',
642 1783 677 1838 et
701 1773 781 1837 dicit
807 1774 893 1859 quod
919 1774 1006 1839 idem
1032 1775 1209 1860 Episcopus
1234 1775 1322 1860 cepit
1347 1773 1420 1839 red-

314 1874 422 1940 ditum
437 1897 533 1940 suum
548 1875 588 1940 de
604 1875 718 1940 eodem
733 1883 922 1940 tenemento
936 1883 971 1942 et
986 1877 1083 1942 bleda
1097 1899 1156 1941 sue
1170 1877 1358 1962 esporteuit.

379 1977 431 2042 De
460 1977 588 2042 residuo
617 1980 799 2044 tenementi
820 1979 900 2044 dicit
922 1979 1100 2066 Episcopus
1125 1967 1210 2067 quod
1232 1982 1333 2046 assisa
1354 2003 1420 2046 non

314 2080 414 2148 debet
443 2080 518 2146 inde
547 2082 619 2148 fieri
655 2083 733 2169 quis
769 2092 995 2149 tenementum
1032 2083 1115 2149 illud
1151 2085 1215 2150 fuit
1252 2085 1420 2150 cuiusdam

314 2185 459 2253 mulieris
480 2187 595 2252 Emme
615 2187 745 2252 nomine
766 2195 806 2252 ut
827 2187 910 2253 illud
932 2188 1018 2274 quod
1041 2189 1072 2252 ei
1094 2189 1261 2254 descendit
1282 2189 1322 2254 de
1338 2189 1420 2254 Wil-

314 2289 411 2354 lelmo
426 2291 563 2355 Talebet
578 2299 670 2378 petre
685 2315 751 2370 suo,
767 2300 802 2358 et
820 2292 998 2378 Episcopus
1013 2292 1199 2357 Willelmus
1217 2293 1421 2378 predecessor

316 2391 409 2456 suus⁴
434 2393 571 2458 eundem
595 2401 716 2458 terrem
738 2417 812 2459 cum
835 2394 906 2480 ipse
928 2395 1046 2458 Emme
1067 2393 1174 2458 dedit⁶
1196 2393 1324 2459 cuidam
1346 2395 1420 2459 Ade

316 2495 400 2562 Octo
423 2495 484 2560 teli
506 2495 602 2560 modo
624 2496 710 2582 quod
736 2497 764 2561 si
789 2519 862 2561 eum
886 2496 1110 2582 desponsasset
1139 2497 1275 2562 heberet
1300 2505 1420 2562 terrem

316 2621 391 2664 cum
428 2621 475 2676 ee,
510 2599 561 2664 sin
596 2609 708 2665 eutem
745 2600 846 2664 nichil
882 2600 959 2665 inde
996 2601 1132 2665 heberet
1168 2610 1204 2666 et
1239 2601 1309 2687 ipse
1345 2601 1420 2666 Ade

317 2724 380 2766 non
408 2701 617 2786 desponssuit
646 2725 728 2780 eem,
751 2710 802 2768 set
825 2703 930 2788 ipsum
955 2702 1052 2766 simul
1075 2725 1150 2768 curn
1175 2711 1262 2768 tens
1284 2703 1422 2769 tradidit

316 2807 380 2893 ipsi
394 2807 583 2894 Reginsldo‚
598 2808 684 2873 unde
700 2809 832 2874 uidetur
846 2809 878 2872 ei
898 2808 984 2894 quod
1005 2831 1046 2872 ex
1067 2831 1131 2894 quo
1152 2808 1240 2874 idem
1262 2809 1336 2874 Ada
1357 2831 1422 2873 nou

316 2910 525 2996 desponssuit
548 2933 621 2976 eum
650 2911 737 2998 quod
765 2911 893 2976 nullum
923 2911 1061 2976 liberum
1091 2919 1316 2977 tenementum
1345 2913 1421 2979 inde

316 3014 435 3080 hebere
464 3015 573 3100 possit.
619 3015 736 3080 Postea
764 3015 842 3101 quie
869 3038 934 3080 non
963 3015 1088 3101 placuit
1111 3015 1218 3081 eidem
1241 3015 1422 3102 Regineldo

316 3119 507 3204 desponsare
537 3117 642 3203 ipsum
666 3118 815 3182 Emmam
844 3117 986 3182 reddidit
1010 3139 1082 3181 eam
1112 3118 1209 3183 simul
1235 3141 1310 3183 cum
1335 3127 1423 3184 term

317 3223 463 3308 predicto
478 3221 658 3308 Episcopo⁸.

383 3326 427 3389 Et
455 3323 656 3410 Reginnldus
678 3323 772 3388 uenit
801 3333 836 3389 et
864 3324 1011 3390 defendit
1039 3325 1220 3414 ingressum
1249 3327 1358 3403 telem,
1387 3335 1423 3392 et

317 3426 397 3492 dicit
422 3426 509 3512 quod
530 3448 645 3491 reuera
664 3427 823 3512 placitum
844 3428 910 3492 fuit
931 3427 967 3492 in
988 3429 1079 3494 curis
1099 3429 1192 3496 Dom
1215 3431 1315 3517 Regis
1336 3431 1423 3496 inter

317 3530 425 3616 ipsum
447 3537 482 3596 et
505 3531 698 3616 Episcopum
721 3531 924 3596 Willelmum
946 3531 987 3597 de
1013 3533 1127 3599 eodem
1153 3543 1349 3612 tenemento,
1374 3535 1423 3601 ita

318 3632 405 3718 quod
433 3632 622 3698 mrumieuit
644 3632 806 3718 quendem
836 3634 969 3700 assisam
998 3659 1083 3702 noue
1113 3637 1280 3704 disseisine
1309 3661 1423 3704 uersus

199 3777 203 3784 ι
318 3737 459 3802 eundem
482 3737 677 3824 Episcopum
699 3745 734 3802 et
754 3737 789 3802 in
809 3739 898 3804 curie
919 3740 1012 3806 Dom.
1028 3741 1137 3828 Regis,
1152 3744 1302 3828 potencie
1320 3745 1423 3830 ipsius

319 3840 469 3927 Episcopi
483 3862 660 3926 oppressus,
676 3841 769 3906 uenit
791 3850 826 3906 et
843 3843 980 3908 retruxit
1000 3866 1033 3909 se
1055 3845 1096 3909 de
1115 3847 1230 3910 eedem
1250 3847 1357 3924 assisa,
1372 3857 1425 3912 set

318 3952 433 4030 postes
459 3943 546 4008 idem
575 3943 755 4032 Episcopus
780 3946 964 4032 penitentis
992 3948 1111 4013 duetus
1135 3949 1228 4014 uenit
1251 3959 1423 4036 postquam

350 4147 455 4198 1since
476 4147 522 4198 the
540 4147 592 4199 lest
613 4151 703 4199 return
725 4149 753 4200 ol
775 4149 845 4214 Ring
927 4151 1071 4201 ⁴Willism
1093 4153 1122 4202 ol
1143 4153 1173 4204 st
1191 4152 1287 4216 Msry’s
1309 4152 1423 4212 (thurch,

317 4213 389 4264 John
401 4214 468 4262 from
479 4213 591 4263 Irelnnd.
897 4217 1069 4268 llus-1221.

350 4279 362 4310 ²
379 4277 433 4328 The
449 4281 581 4330 tenement
597 4277 650 4329 uad
664 4279 728 4330 been
745 4279 844 4330 cleared
927 4281 938 4314 ⁸
955 4284 1033 4342 dedit,
1045 4281 1164 4346 supplied
1174 4283 1208 4346 by
1219 4285 1368 4333 annotator.

321 4344 350 4393 of
359 4343 394 4392 its
404 4357 474 4406 orop.
928 4345 1084 4410 ⁶Probably
1094 4347 1424 4410 Emmewusthebishop’s

351 4409 362 4442 ¹
378 4407 505 4470 Begineld
529 4407 581 4458 liud
608 4408 712 4472 already
734 4409 844 4472 brought
895 4411 973 4472 werd,
987 4411 1040 4461 end
1052 4411 1085 4462 he
1096 4413 1260 4474 ssgusrdieu
1270 4413 1423 4476 inohirulry

318 4473 360 4523 his
372 4473 430 4523 urit
440 4473 526 4523 before
538 4473 582 4524 the
594 4473 658 4524 offer
668 4489 721 4524 was
732 4473 816 4526 mede.
895 4475 972 4527 could
984 4477 1030 4527 nell
1041 4477 1089 4528 her
1102 4477 1236 4539 marriage.
