3260 5218
365 467 598 525 monimum,
621 467 686 515 nn.
711 453 804 526 1219,
826 465 889 515 ne.
914 452 1007 514 3-4.
1198 450 1239 512 53

156 661 208 722 per
219 645 405 702 uttomutum
420 658 519 700 suum
534 642 568 698 et
583 633 662 698 dicit
676 633 762 720 quod
776 627 876 698 assisa
889 655 953 697 non
968 633 1066 698 debet
1080 633 1156 699 inde
1171 633 1241 700 fieri

155 741 224 827 quia
244 739 367 804 eeclesia
386 761 452 802 non
473 745 577 814 uacat,
591 737 690 801 immo
710 737 797 800 idem
817 735 928 800 Abbas
948 745 998 800 est
1015 737 1091 801 inde
1106 760 1241 823 persone

42 875 44 882 ,
156 857 186 911 et
212 846 371 910 institutus
404 844 447 908 nd
482 843 756 928 presenteeionem
776 841 780 926 Ι
801 843 936 906 Roberti
965 843 1006 907 de
1037 844 1179 908 Suttona
1207 852 1242 909 et

154 949 223 1011 inde
237 949 349 1034 profert
366 956 490 1012 cartam
504 947 662 1010 Willelmi
681 946 913 1010 Iondoniensis
935 947 1075 1033 episcopi
1097 971 1160 1033 que
1183 949 1243 1012 hoc

156 1063 295 1130 testatur,
318 1063 348 1117 et
372 1053 453 1117 dicit
479 1052 565 1138 quod
591 1053 654 1114 fuit
683 1050 759 1114 inde
785 1073 921 1137 persone
946 1052 1011 1116 iam
1037 1075 1095 1138 per
1117 1061 1243 1138 septem

155 1181 246 1223 annos
260 1167 316 1223 ete.

214 1261 256 1324 Et
281 1261 437 1325 Walterus
462 1260 523 1324 hoo
548 1259 700 1346 cognouit
722 1266 756 1323 et
778 1258 864 1344 quod
892 1260 1057 1346 predictus
1082 1261 1245 1326 Robertus

157 1362 308 1427 ecclesiam
327 1363 417 1427 illam
439 1361 532 1426 dedit
551 1361 636 1426 sicut
657 1361 840 1447 predictum
856 1370 914 1440 eet,
930 1369 964 1426 et
979 1363 1064 1449 quod
1084 1363 1144 1428 hoc
1167 1364 1244 1428 fecit

157 1475 315 1551 antequam
333 1467 403 1552 ipse
423 1466 539 1530 hebuit
559 1474 678 1530 terram
696 1467 731 1530 in
746 1488 811 1552 qua
825 1467 959 1531 ecclesia
972 1467 1036 1532 sita
1050 1477 1108 1545 est,
1123 1476 1157 1532 et
1171 1468 1245 1533 ideo

157 1569 224 1633 inde
242 1571 306 1635 sine
323 1571 375 1635 die
397 1579 432 1635 et
446 1569 545 1635 assisa
558 1578 724 1634 remaneat
739 1578 774 1634 et
788 1569 952 1635 Walterus
966 1572 1132 1658 perquirat
1145 1573 1245 1638 breue

159 1673 238 1737 eliud
252 1673 316 1738 etc¹

109 1837 114 1849 ,
214 1777 330 1842 'Assiea
355 1778 449 1842 uenit
479 1778 684 1863 recognitum
713 1777 741 1840 ei
770 1777 933 1842 Aluredus
961 1778 1002 1842 de
1032 1779 1125 1844 Esee³
1153 1789 1247 1865 peter

160 1879 301 1944 Beetricie
320 1881 429 1945 uxoris
448 1879 580 1944 Redulfi
600 1881 631 1944 le
651 1879 774 1944 Taillur
796 1879 859 1943 fuit
880 1880 1010 1945 seisitus
1032 1881 1065 1945 in
1088 1882 1247 1948 dominico

160 2003 209 2045 sno
222 1991 257 2046 ut
271 1983 307 2047 de
322 1983 415 2048 feodo
430 1983 471 2047 de
485 1981 621 2046 dimidie
640 1982 770 2068 uirgdta
784 1990 869 2046 terre
888 2005 963 2046 eum
983 1985 1191 2068 pertinenciis
1213 1985 1248 2050 in

161 2086 274 2150 Icham⁴
296 2088 348 2152 die
375 2095 436 2152 ete.
461 2095 495 2150 et
524 2087 552 2150 si
575 2095 635 2150 ete.
662 2109 759 2171 quam
786 2091 904 2150 terrum
929 2087 1065 2150 Matillis
1093 2087 1134 2152 de
1164 2089 1248 2152 Albo

162 2189 337 2254 llonneterio
355 2198 457 2266 tenet,
481 2211 543 2274 que
563 2188 656 2252 uenit
679 2196 713 2252 et
735 2187 815 2252 dicit
837 2187 923 2274 quod
945 2189 1044 2253 assisa,
1065 2213 1129 2254 non
1151 2190 1250 2256 debet

162 2291 226 2356 inde
240 2293 312 2370 fieri,
327 2293 405 2379 quia
419 2293 490 2377 ipsa
504 2292 604 2356 nichil
618 2292 737 2355 clamat
754 2290 790 2354 in
809 2299 896 2355 terre
914 2291 972 2356 illa
994 2291 1057 2356 nisi
1079 2292 1189 2357 dotem
1210 2315 1250 2357 ex

163 2393 233 2458 dono
254 2397 409 2460 Willelmi
428 2395 489 2458 lilii
509 2395 663 2458 Rennulfi
684 2393 847 2480 quondam
867 2395 930 2458 uiri
950 2395 1001 2458 sui
1016 2404 1050 2459 et
1064 2395 1140 2460 inde
1155 2404 1251 2460 uocet

162 2496 197 2560 ed
209 2507 382 2562 warantum
396 2497 599 2562 Willelmum
614 2496 718 2560 filium
734 2505 768 2560 et
783 2496 934 2560 heredem
946 2497 1083 2582 predicti
1094 2497 1252 2562 Willelmi

164 2601 210 2684 qui
222 2601 280 2666 iter
292 2603 329 2666 in
343 2610 464 2666 terrem
480 2601 503 2666 J
504 2600 677 2666 eiuselem⁵
692 2609 726 2665 et
740 2601 826 2686 petit
840 2601 927 2688 quod
941 2602 1060 2668 hebeat
1075 2604 1251 2668 terminum

163 2725 242 2769 suum
255 2705 557 2791 crucesignatorum.

216 2807 255 2872 Et
280 2807 442 2872 Redulfus
468 2815 502 2871 et
523 2829 604 2871 uxor
626 2806 696 2870 eius
719 2805 899 2871 defendunt
922 2807 1008 2893 quod
1030 2831 1095 2872 non
1124 2808 1254 2873 tenent⁰

164 2917 265 2976 terrem
280 2912 372 2976 illem
387 2911 422 2975 in
437 2910 547 2974 dotem
562 2910 640 2996 quie
653 2910 818 2996 predictus
832 2911 1016 2976 Willelmus
1030 2912 1083 2976 uir
1096 2935 1174 2977 suus
1189 2935 1253 2976 non

166 3016 255 3080 tenuit
277 3025 398 3079 terrum
419 3014 508 3078 illam
528 3013 581 3077 die
601 3035 667 3098 qua
686 3036 758 3078 eam
778 3015 994 3099 desponsauit,
1010 3015 1087 3100 quie
1106 3015 1162 3079 diu
1180 3023 1254 3101 post

165 3139 195 3182 eu
209 3119 293 3205 oepit
313 3127 433 3182 terrem
453 3117 543 3181 illem
563 3117 603 3181 de
618 3117 757 3203 quodam
772 3117 936 3182 Willelmo
951 3119 1018 3183 filio
1033 3118 1206 3184 Reinbaldi
1221 3128 1255 3183 et

165 3220 248 3285 elium
263 3222 445 3306 ingressum
460 3242 525 3284 non
539 3219 639 3284 habet
653 3220 688 3284 in
704 3228 822 3284 terrem
837 3221 934 3285 illem.

215 3327 257 3390 Et
279 3326 358 3412 quia
379 3325 450 3411 ipse
474 3324 574 3388 nichil
600 3325 719 3389 clamet
744 3323 807 3388 nisi
832 3323 942 3388 dotem
968 3347 1027 3389 neo
1051 3331 1160 3410 potest
1184 3325 1255 3389 eine

164 3438 290 3495 natanto
319 3453 378 3494 suo
407 3429 447 3494 de
477 3428 553 3493 dote
582 3429 782 3514 respondere,
813 3428 1060 3495 consideratum
1090 3438 1139 3494 est
1169 3429 1255 3514 quod

163 3554 261 3618 pacem
276 3533 397 3598 habeat
412 3533 714 3618 crucesignatomm,
729 3541 763 3597 et
778 3533 937 3597 Radulfus
952 3541 986 3598 et
1001 3557 1082 3598 uxor
1096 3535 1166 3598 eius
1180 3533 1256 3598 inde

163 3639 217 3704 sine
241 3639 296 3703 die
316 3660 419 3723 usque
439 3637 482 3702 ed
501 3637 681 3702 aduentum
696 3637 861 3716 Willelmi,
877 3645 911 3702 et
926 3645 1005 3703 tunc
1019 3660 1256 3703 resnmmonea-

163 3751 204 3808 tur
217 3753 278 3809 eto.
295 3751 330 3807 et
345 3743 432 3807 idem
447 3742 571 3806 dietum
587 3750 637 3806 est
651 3741 854 3806 iuratoribus.

92 3845 123 3908 60.
213 3847 395 3912 'Waltems
419 3846 460 3911 de
481 3847 581 3932 Percy
595 3845 680 3932 petit
701 3869 812 3911 uersus
833 3846 975 3910 Priorem
994 3847 1025 3912 S.
1043 3846 1201 3912 Leonnrdi
1215 3845 1256 3911 de
1342 3869 1373 3900 or·

163 3950 294 4016 Eboraco
309 3950 333 4034 j.
350 3957 533 4014 carucatam
553 3958 637 4014 terre
658 3973 732 4014 cum
755 3949 963 4035 pertinenciis
986 3949 1021 4014 in
1045 3951 1194 4015 Mertone
1218 3957 1257 4014 ut

161 4051 200 4120 ius
214 4077 312 4120 suum
328 4061 363 4117 et
377 4061 416 4117 ut
430 4052 520 4118 illem
535 4052 621 4118 unde
636 4054 748 4140 Agnes
762 4062 867 4118 mater
881 4076 941 4119 sue
960 4053 1024 4119 fuit
1038 4053 1149 4119 seisita
1163 4062 1202 4118 ut
1216 4053 1256 4119 de

184 4223 258 4274 ¹520
276 4223 345 4272 (lese
364 4223 405 4280 89,
424 4221 454 4271 in
476 4220 561 4270 which
581 4221 680 4271 Wnlter
761 4221 887 4282 ⁴1ka
901 4221 932 4270 Β.

160 4285 678 4415 usnemun

182 4421 193 4450 ²
209 4421 239 4470 h.
252 4433 290 4468 m.
303 4419 348 4477 11;
365 4417 397 4467 B.
409 4431 445 4466 m.
459 4417 498 4465 10.
762 4415 772 4450 ⁷
789 4417 848 4466 Rot.
862 4417 891 4465 A.
904 4432 938 4466 m.
952 4417 991 4466 11.

181 4485 194 4520 ³
207 4487 284 4542 Here.
296 4484 326 4544 Δ,
341 4483 372 4532 Β.
