3196 5226
347 429 410 493 160
650 442 886 504 1211111112.
911 428 1088 502 1222111.
1115 430 1143 492 6.

345 613 398 680 221
428 636 466 679 22
495 611 643 698 amplius,
670 611 773 676 222122
797 610 861 674 11112
890 631 970 674 uxor
999 609 1144 674 eiusdem
1170 609 1327 675 Willelmi
1357 617 1451 675 extra

345 718 477 782 domum
499 717 523 781 1
524 715 659 781 21122212
679 714 719 778 de
741 712 893 778 Draicote
914 713 1015 798 patris
1030 712 1081 776 sui
1096 713 1149 778 cui
1163 713 1250 778 idem
1265 713 1451 777 Willelmus

345 823 449 907 ipsam
471 843 603 885 uxorem
626 817 830 884 commiserat
852 815 1096 881 custodiendam
1118 823 1153 881 et
1175 816 1312 881 inuenta
1332 817 1397 881 fuit
1415 816 1450 880 in

345 949 411 990 1122
426 925 563 988 21211212
578 921 652 987 222.ι
667 921 716 986 ita
730 920 816 1007 quod
831 920 963 1006 quidam
978 919 1162 984 Willelmus
1184 921 1283 984 frater
1303 920 1450 985 eiusdem

346 1027 503 1093 Willelmi
524 1025 694 1092 bastardus
716 1026 802 1112 fugit
824 1025 859 1088 in
881 1025 1048 1090 ecclesiam
1064 1047 1121 1109 pro
1136 1032 1239 1090 morte
1254 1025 1312 1089 illa
1325 1035 1361 1089 22
1376 1046 1450 1110 cog·

345 1133 438 1198 nouit
467 1141 604 1197 mortem
634 1139 668 1196 22
697 1130 861 1195 2111212212
891 1152 1027 1216 regnum
1054 1137 1088 1193 et
1114 1129 1279 1194 Walterus
1307 1127 1450 1215 armiger

346 1235 490 1301 euisdem
505 1233 662 1298 Willelmi
684 1233 812 1296 Trusssl
834 1231 891 1317 qui
913 1238 1086 1296 recesserat
1102 1231 1141 1295 de
1157 1230 1270 1295 eodem
1285 1231 1451 1294 Willelmo
1523 1220 1526 1224 ⁵

347 1339 476 1425 quando
499 1338 563 1402 iter
585 1337 731 1422 arripuit,
753 1336 839 1422 fugit
863 1358 920 1421 pro
944 1335 1057 1400 eadem
1084 1345 1186 1398 122122
1211 1343 1245 1399 22
1267 1334 1453 1398 Willelmus

346 1441 516 1507 bastardus
539 1440 691 1526 cognouit
713 1440 799 1525 quod
820 1439 889 1524 ipse
910 1446 945 1503 et
963 1438 1127 1524 predictus
1141 1438 1307 1502 Walterus
1328 1437 1451 1502 occide·

347 1555 425 1610 runt
448 1568 520 1610 eam
543 1553 577 1609 et
600 1545 683 1608 bene
705 1543 819 1608 dicunt
841 1543 927 1629 quod
951 1565 1117 1628 nunquam
1143 1542 1340 1606 audiuerunt
1365 1541 1452 1628 quod

347 1650 434 1715 idem
450 1650 634 1714 Willehnus
656 1648 785 1712 Trussel
805 1649 972 1735 utlagatus
988 1655 1072 1712 esset
1088 1655 1122 1712 22
1137 1647 1220 1712 bene
1236 1646 1350 1711 dicunt
1364 1646 1453 1732 quod

347 1755 494 1841 predicta
508 1754 614 1818 Alicia
628 1763 663 1818 et
677 1753 734 1818 alii
748 1762 826 1818 sunt
841 1753 978 1838 proximi
993 1752 1135 1818 heredes.

414 1857 662 1924 Consideratum
697 1866 748 1923 est
777 1857 863 1944 quod
892 1857 955 1943 ipsi
990 1865 1263 1942 recuperauerunt
1299 1855 1452 1920 seisinam

349 1985 441 2028 suam
465 1973 500 2028 et
523 1964 684 2028 Robertus
706 1963 741 2028 in
763 1961 980 2027 misericordia
1001 1970 1036 2026 et
1051 1961 1235 2024 Willelmus
1257 1959 1389 2045 quietus
1410 1959 1453 2024 de

350 2067 562 2133 1212221222
584 2068 746 2133 Robertus
768 2067 866 2132 122122
888 2066 1085 2132 escambium
1108 2066 1195 2130 dicto
1218 2063 1320 2128 Priori
1340 2071 1401 2128 222.
1417 2072 1454 2128 22

349 2171 427 2256 quia
449 2171 536 2236 idem
559 2171 723 2236 Robertus
745 2171 869 2235 nullam
892 2178 1010 2234 2211212
1034 2170 1134 2234 1121122
1154 2166 1454 2232 inillocomitatu¹

348 2283 538 2360 preceptum
568 2283 618 2339 222
648 2275 831 2340 uicecomiti
857 2275 942 2361 quod
969 2283 1088 2340 terram
1113 2274 1293 2360 predictam
1318 2273 1454 2337 extendi

350 2377 447 2442 122122
469 2386 503 2442 22
525 2377 703 2462 appreciari
726 2377 761 2441 in
786 2377 954 2442 dominicis
977 2377 1158 2440 redditibus
1184 2385 1219 2440 et
1242 2376 1277 2440 in
1303 2375 1455 2439 omnibus

350 2477 422 2541 aliis
436 2477 532 2542 rebus
547 2487 606 2542 222.
623 2486 658 2542 22
678 2477 952 2563 appreciaciouem
973 2477 1062 2542 illam
1081 2477 1161 2542 scire
1177 2477 1274 2542 122122
1289 2499 1310 2540 2
1324 2477 1375 2540 die
1391 2484 1453 2542 etc

350 2587 385 2643 et
410 2587 489 2644 2222
515 2579 634 2645 habeat
660 2581 759 2646 breue
786 2580 826 2644 de
852 2580 1000 2644 habendo
1020 2579 1218 2644 escambium
1238 2580 1273 2643 12
1294 2579 1452 2644 comitatu

351 2683 540 2750 Leircestrie
552 2684 624 2750 222.8
657 2685 711 2750 Ad
722 2685 809 2749 diem
824 2685 917 2749 illum
932 2685 1022 2748 misit
1036 2683 1215 2749 uiceeomes
1231 2684 1454 2748 extensionem

351 2811 414 2873 que
441 2788 515 2852 talis
543 2797 593 2853 est
619 2810 677 2874 per
701 2789 876 2874 particulas
902 2789 988 2853 facta
1011 2788 1134 2853 scilicet
1160 2788 1237 2873 lxvj.
1259 2788 1313 2852 sol.
1332 2788 1358 2873 j.
1380 2786 1453 2851 den.

351 2899 486 2976 excepto
512 2891 608 2956 blado
633 2891 668 2955 in
694 2901 780 2955 terra
806 2899 840 2956 et
866 2891 939 2956 ideo
968 2892 1158 2956 mandatum
1188 2901 1239 2957 est
1268 2891 1456 2957 uicecomiti

351 2993 540 3060 Leircestrie
560 2995 646 3081 quod
666 2995 696 3061 ei
719 2996 792 3081 lxvj.
809 2996 863 3061 sol.
879 3005 963 3061 terre
978 2996 1002 3082 j.
1019 2997 1089 3062 den.
1106 2998 1225 3062 habere
1246 2995 1359 3062 faeiat⁴
1373 2996 1456 3083 quid

351 3105 386 3162 et
401 3098 458 3162 ubi
473 3107 507 3163 et
518 3121 577 3184 per
587 3121 667 3184 quas
679 3100 852 3185 particulas
864 3100 1025 3164 2122112111
1037 3101 1126 3166 111212
1138 3101 1359 3187 assignauerat
1371 3101 1456 3166 scire

351 3199 448 3264 122122
463 3223 484 3265 2
497 3200 551 3265 die
566 3209 625 3266 etc.
663 3201 706 3265 Et
722 3203 822 3288 Hugo
837 3202 877 3266 de
893 3202 1103 3268 Ohaucumba
1117 3212 1301 3269 attornatus
1316 3204 1456 3268 Roberti

352 3327 416 3368 non
431 3305 524 3370 uenit
544 3313 604 3371 etc.
620 3314 654 3370 et
674 3307 790 3371 habuit
810 3306 897 3372 diem
918 3307 952 3372 in
973 3309 1075 3374 banco
1096 3317 1130 3374 et
1151 3309 1224 3374 ideo
1246 3308 1458 3374 athachietur

352 3407 438 3493 quod
452 3407 510 3472 212ὖ
525 3415 584 3473 ete
935 3445 936 3448 ¹

296 3569 302 3584 ,
416 3509 603 3596 ‘Philippus
632 3511 672 3576 de
702 3511 794 3577 Bello
824 3513 936 3578 Monte
966 3515 1052 3600 petit
1083 3537 1194 3580 uersus
1223 3515 1387 3580 Abbatem
1412 3515 1457 3581 de

244 3631 304 3660 ⁸³⁰²
353 3613 471 3678 Forda'
486 3616 573 3700 quod
592 3616 690 3681 122122
712 3617 742 3681 21
762 3627 883 3683 2222212
898 3620 941 3684 211
955 3619 1160 3684 hundredum
1175 3643 1271 3684 suum
1286 3619 1327 3685 de
1344 3620 1458 3685 Shira-

214 3750 242 3778 on
352 3717 443 3782 welle
463 3717 504 3783 de
526 3719 677 3784 maneriis
692 3721 732 3785 de
748 3721 889 3786 Lintona
904 3731 938 3787 22
959 3723 999 3787 de
1024 3722 1219 3789 Ointebiria⁸
1242 3723 1326 3788 212112
1350 3725 1457 3790 122212

353 3819 451 3885 debet
466 3829 500 3886 et
515 3823 604 3899 solet,
613 3823 700 3888 unde
715 3823 802 3888 idem
817 3823 988 3912 Philippus
1003 3825 1145 3891 ostendit
1161 3825 1247 3912 quod
1258 3825 1299 3890 de
1311 3827 1459 3891 21222112

353 3922 393 3988 dc
408 3923 549 3990 Lintona
563 3925 661 3992 debet
676 3949 760 3992 unus
775 3929 870 3992 homo
884 3929 976 4016 sequi
990 3952 1048 4015 pro
1064 3938 1135 3994 tota
1148 3931 1228 3994 uilla
1247 3929 1457 3994 hundredum

385 4067 542 4132 ¹aaportato
558 4071 616 4133 ficit
641 4085 719 4135 usquc
741 4065 775 4121 ud
801 4087 878 4122 uuum
928 4072 1064 4132 Saueomb,
1081 4073 1110 4122 12
1126 4073 1396 4138 Northamptonshire,
1413 4089 1460 4126 see

353 4137 493 4194 marterum,
505 4135 534 4186 Β.
928 4137 1040 4190 Monast.
1054 4140 1104 4188 121.
1117 4139 1140 4198 6,
1151 4154 1177 4203 p.
1189 4141 1247 4190 126.

386 4199 440 4249 111
451 4216 512 4250 cora.
527 4201 606 4251 Warr.
617 4200 649 4249 B.
960 4202 971 4234 ⁶
987 4204 1016 4254 B.
1028 4218 1062 4254 m.
1077 4206 1101 4254 6.

385 4264 442 4314 ”de
460 4267 570 4315 babendo
586 4268 706 4316 2222111212
723 4281 766 4316 uto
782 4275 828 4316 etc.
845 4267 876 4316 B.
960 4267 970 4300 ⁷
987 4270 1017 4317 de
1040 4271 1067 4318 12
1085 4271 1170 4330 Ford',
1190 4269 1220 4317 B.
1238 4269 1307 4319 Ford
1323 4269 1409 4332 Abbey
1426 4269 1458 4320 in

289 4363 293 4372 ·
354 4329 437 4380 which
447 4330 496 4380 1122
507 4346 542 4380 no
553 4346 623 4381 more
635 4332 664 4381 21
673 4331 726 4381 21112
737 4347 803 4382 ease.
927 4333 1095 4391 Devonshire,
1107 4333 1220 4385 Monast.
1235 4335 1283 4385 121
1296 4336 1320 4390 t,
1331 4350 1357 4398 p.
1370 4335 1427 4387 376.

385 4397 396 4428 ⁴
413 4395 511 4459 Supply
522 4403 554 4446 22.
960 4399 971 4432 ⁸
990 4401 1133 4462 02212221,
1146 4400 1175 4448 Β.

384 4461 395 4492 ⁸
411 4460 462 4510 For
475 4461 519 4510 the
534 4460 621 4524 priory
637 4463 666 4510 21
680 4461 835 4518 0112222212,
849 4478 878 4510 21
