3260 5218
137 1265 368 1352 [¹PLACITA
411 1269 542 1337 APUD
579 1269 1039 1336 WESTMONASTERIUM
1069 1269 1130 1334 DE
1160 1269 1261 1332 TER-

221 1371 351 1438 MINO
397 1375 436 1440 S.
472 1374 734 1438 TRINITATIS
770 1373 901 1437 ANNO
940 1373 1083 1437 REGNI
1125 1371 1261 1436 REGIS

221 1475 440 1545 HENRICI
464 1478 578 1543 FILII
602 1478 736 1542 REGIS
760 1477 996 1542 IOHANNIS
1023 1475 1261 1558 SECUNDO]

73 2117 80 2130 .
207 2065 330 2133 assisa
364 2071 456 2136 uenit
480 2071 684 2158 recognitum
706 2071 778 2157 quis
800 2071 977 2136 aduocatos
1003 2081 1147 2158 tempore
1178 2071 1265 2157 pacis
1277 2089 1304 2139 [11
1325 2088 1395 2130 Wnrr·

142 2176 359 2254 presentauit
374 2177 526 2240 ultimam
537 2200 705 2262 personam
720 2199 782 2262 que
798 2186 926 2241 mortua
937 2185 986 2242 est
996 2177 1038 2242 ad
1049 2177 1215 2242 ecclesiam
1225 2177 1265 2240 de

144 2274 294 2362 Burlega
326 2302 392 2364 que
421 2289 520 2344 uacat
549 2288 609 2344 etc.
634 2279 727 2344 cuius
749 2280 998 2345 aduocacionem
1028 2281 1196 2344 Iohannes
1225 2279 1265 2344 de

146 2377 295 2466 Burlega
326 2383 448 2446 clamat
478 2406 591 2446 uersus
620 2382 761 2446 Priorem
792 2383 832 2448 de
863 2382 1012 2447 Wittona
1035 2382 1091 2468 qui
1114 2381 1207 2446 uenit
1231 2391 1266 2446 et

145 2479 227 2544 dicit·
243 2485 339 2568 quod
354 2486 454 2550 assisa
468 2509 532 2549 non
548 2487 645 2551 debet
660 2487 736 2552 inde
752 2487 822 2551 lieri
838 2486 915 2572 quia
930 2487 1065 2550 ecclesia
1084 2508 1149 2549 non
1169 2495 1266 2549 uacat

147 2583 251 2648 immo
266 2587 343 2672 ipse
359 2597 408 2653 est
423 2589 499 2654 inde
515 2613 650 2675 persona
664 2613 722 2676 per
742 2591 862 2654 donum
883 2591 1041 2655 Willelmi
1061 2590 1101 2654 de
1125 2589 1266 2675 Burlega

148 2688 255 2771 patris
287 2690 393 2775 ipsius
421 2689 581 2756 Johannis
610 2715 669 2778 per
697 2699 820 2757 cartam
850 2691 951 2778 ipsius
982 2683 1151 2756 Willelmi
1168 2713 1265 2776 quam

149 2791 277 2874 profert
306 2803 342 2858 et
364 2816 427 2879 que
450 2803 591 2858 testatur
612 2795 697 2880 quod
719 2795 788 2880 ipse
811 2794 839 2858 si
859 2795 937 2880 quid
957 2794 1036 2858 iuris
1054 2803 1113 2858 eut
1132 2794 1267 2858 dominii

151 2892 273 2958 habuit
290 2895 327 2958 in
343 2896 467 2981 capella
481 2897 521 2960 de
537 2897 678 2983 Burlega
691 2897 774 2962 illud
788 2897 921 2962 ecclesie
938 2897 977 2961 de
994 2897 1144 2961 Wittona
1158 2905 1265 2961 totum

152 2993 186 3057 in
208 3004 410 3082 perpetuam
433 2998 639 3063 elemosinam
659 3007 694 3063 et
717 2999 882 3063 monachis
904 2999 1016 3063 Sancti
1038 2999 1127 3062 Petri
1142 2997 1267 3064 Castel-

153 3095 250 3162 lionis
276 3099 402 3163 dimisit
425 3109 460 3164 et
482 3101 660 3166 concessit².

220 3201 272 3265 Et
286 3202 310 3266 J
310 3203 452 3268 ohannes
469 3204 562 3268 uenit
577 3213 611 3268 et
626 3204 771 3269 defendit
787 3213 908 3268 cartam
924 3213 959 3268 et
973 3204 1116 3290 sigillum
1133 3211 1167 3268 et
1188 3203 1268 3268 dicit

154 3307 244 3390 quod
261 3315 357 3392 pater
370 3330 447 3372 suus
461 3331 628 3394 nunquam
648 3309 738 3372 illam
754 3308 830 3372 fecit
846 3316 906 3372 etc.

221 3411 271 3475 Et
294 3411 385 3475 Prior
406 3412 499 3476 uenit
521 3422 555 3477 et
579 3413 658 3477 dicit
684 3412 770 3498 quod
793 3420 887 3497 pater
912 3434 990 3476 suns
1019 3411 1109 3475 illam
1135 3411 1211 3476 fecit
1234 3421 1269 3476 ct

156 3514 305 3601 sigillum
331 3538 425 3580 suum
452 3516 529 3581 feeit
552 3525 587 3582 et
610 3518 685 3582 inde
708 3527 843 3603 poneret
867 3540 901 3582 se
927 3539 1025 3603 super
1045 3526 1146 3580 testes
1166 3515 1268 3580 nomi-

157 3629 255 3683 natos
284 3619 319 3681 in
349 3627 438 3683 carta
466 3629 516 3684 set
545 3619 665 3684 mortui
695 3628 772 3684 sunt
802 3628 836 3684 et
866 3619 946 3684 dicit
975 3619 1061 3705 quod
1090 3619 1202 3683 Abbas
1228 3618 1268 3683 de

158 3721 323 3808 Bordlega
352 3721 451 3786 habet
481 3731 585 3787 cartas
614 3723 653 3787 de
684 3723 754 3809 ipso
783 3723 948 3786 Willelmo
973 3722 1131 3808 sigillatas
1155 3722 1267 3787 eodem

158 3825 268 3913 sigillo
288 3833 323 3889 et
340 3825 487 3912 Rogems
504 3825 544 3889 de
567 3827 754 3890 Sherlecota
777 3825 927 3890 similiter
946 3835 980 3890 et
1000 3825 1161 3890 Gerardua
1183 3825 1269 3888 filius

158 3929 320 3994 Willelmi
335 3929 442 3994 clerici
456 3929 516 3993 filii
531 3929 668 4015 predicti
683 3929 840 3994 Willelmi
855 3929 1006 3994 similiter
1022 3928 1123 3994 habet
1144 3937 1267 3993 cartam

158 4041 222 4098 etc.

194 4206 204 4238 ¹
215 4207 252 4254 Aa
258 4206 396 4268 explained
406 4207 434 4256 in
444 4206 489 4257 the
501 4207 689 4266 Introduction,
740 4221 812 4258 cases
823 4207 889 4255 lrom
902 4203 1004 4268 Trinity
1015 4209 1081 4256 term
1094 4205 1167 4253 1218.

161 4270 206 4321 the
217 4271 320 4320 outaide
331 4271 404 4322 cheat
415 4272 442 4321 01
457 4271 501 4322 the
512 4273 569 4322 111111
580 4273 653 4335 quire
663 4274 691 4322 01
773 4272 784 4302 ²
801 4273 914 4322 Monast.
931 4270 966 4321 vi.
979 4273 1035 4322 994.
1072 4269 1126 4319 The
1141 4268 1229 4331 priory
1241 4268 1271 4318 01

161 4335 206 4386 the
215 4336 263 4386 MS
275 4336 299 4385 is
310 4336 429 4399 missing,
440 4337 493 4387 and
501 4337 545 4387 the
556 4337 623 4388 book
634 4353 691 4387 now
741 4337 849 4386 Wotton
866 4335 970 4385 Wawen
992 4349 1045 4384 was
1067 4349 1082 4384 a
1104 4335 1152 4383 cell
1175 4335 1203 4382 01
1226 4333 1270 4382 the

161 4401 691 4465 0001011000,011100111100111000-
742 4403 830 4464 Abbey
846 4401 875 4450 01
895 4400 1036 4450 0001011100
1057 4415 1086 4448 01
1105 4397 1222 4448 Conehea
1242 4398 1270 4446 in

163 4467 214 4528 ing,
233 4465 297 4514 with
316 4467 385 4516 what
404 4482 473 4516 seem
492 4467 591 4530 plainly
611 4471 638 4517 10
662 4469 692 4516 be
743 4465 901 4528 Normandy.

250 4567 283 4613 11.
1164 4551 1180 4608 1

131 4605 193 4742 lt
