3314 5238
345 451 408 520 les
550 469 785 532 memmae,
807 469 872 519 an.
897 455 991 530 1231,
1013 469 1076 519 aa
1103 457 1238 520 15—16.

344 637 565 704 extensionem
580 639 708 716 factam,
723 645 758 703 et
773 637 860 724 quod
874 637 924 703 ita
938 637 982 704 sit
996 647 1124 724 ponunt
1139 662 1173 704 se
1188 661 1286 726 super
1300 639 1454 726 patriam,

344 750 379 808 ct
401 742 584 808 Willelmus
610 742 767 808 similiter.
813 741 857 806 Et
884 741 957 806 ideo
979 750 1170 828 preceptum
1197 751 1247 808 est
1270 743 1457 809 uicecomiti

342 847 429 935 quod
465 848 500 912 in
529 848 625 934 pleno
654 848 811 912 comitatu
842 847 1018 935 diligenter
1055 847 1203 935 inquirat
1232 849 1290 934 qui
1322 850 1457 914 luerunt

343 961 527 1018 extensores
550 961 709 1018 terrarum
733 961 767 1018 et
789 959 1052 1018 tenementorum
1075 974 1140 1038 que
1163 951 1296 1016 fuemnt
1317 951 1457 1038 predicti

343 1057 501 1122 Willelmi
524 1057 565 1123 de
588 1057 748 1122 Draitcna
769 1056 811 1122 ad
833 1055 1045 1143 particionem
1072 1057 1253 1123 faciendam
1275 1058 1362 1124 inter
1382 1080 1456 1144 pre-

343 1159 446 1224 dictos
460 1159 662 1224 Willelmum
684 1169 719 1225 et
739 1161 903 1248 Agnetem
917 1159 1106 1225 Jeruasium
1128 1169 1162 1225 et
1182 1161 1322 1226 Aliciam
1344 1170 1379 1226 et
1396 1183 1456 1247 per

343 1287 454 1330 eorum
469 1273 708 1330 sacramentum
723 1273 757 1329 et
769 1287 827 1350 per
838 1271 1077 1330 sacramentum
1088 1263 1142 1350 xij.
1154 1264 1212 1350 qui
1222 1287 1282 1330 nec
1292 1265 1456 1351 predictos

343 1369 545 1434 Willelmum
568 1378 602 1434 et
623 1370 703 1434 alios
725 1370 834 1457 aliqua
856 1370 1017 1435 affinitate
1039 1369 1166 1456 aliquid
1189 1371 1358 1458 attingent
1380 1370 1455 1436 dili-

342 1480 458 1558 genter
482 1471 627 1557 inquirat
653 1471 681 1536 si
704 1471 843 1558 predicti
868 1473 1038 1548 Jeruaeius
1067 1481 1102 1537 et
1127 1472 1235 1538 Alicia
1260 1473 1393 1538 fuerunt
1418 1473 1454 1538 in

343 1579 461 1644 seisina
483 1579 523 1644 dc
550 1579 696 1666 predicto
719 1579 849 1645 redditu
873 1602 930 1666 per
952 1579 1063 1644 literas
1086 1578 1188 1665 ipsius
1213 1579 1372 1644 Willelmi
1397 1601 1453 1665 pa·

343 1691 451 1749 tentes
471 1691 646 1770 antequam
668 1683 778 1769 aliqua
792 1684 886 1748 fieret
907 1683 1068 1748 intereos
1088 1681 1225 1768 particio
1247 1682 1287 1748 de
1308 1682 1455 1769 predicta

266 1845 271 1857 .
343 1786 524 1854 hereditate
544 1788 548 1876 Ι
568 1789 623 1854 uel
639 1788 666 1853 si
681 1787 768 1853 idem
784 1788 969 1854 Willelmus
983 1787 1047 1852 fuit
1068 1787 1145 1853 inde
1166 1787 1201 1852 in
1216 1787 1334 1853 seisina
1354 1795 1393 1853 ut
1413 1787 1454 1853 de

342 1892 521 1978 perquisito
544 1915 602 1958 suo
624 1891 664 1958 de
687 1891 837 1957 Johanne
861 1891 902 1956 de
927 1891 1083 1956 Dunham
1107 1891 1177 1956 sine
1200 1891 1319 1957 seisina
1344 1891 1455 1977 aliqua

342 2019 441 2082 quam
470 1995 558 2060 idem
581 1994 751 2060 Jeruasius
780 2003 815 2059 ct
841 1993 951 2060 Alicia
979 1993 1055 2059 inde
1086 1993 1253 2071 haberent,
1275 2001 1310 2058 et
1340 1993 1454 2058 ueniat

341 2099 513 2186 inquisicio
534 2122 556 2164 a
574 2098 628 2164 die
649 2105 708 2162 etc.
755 2097 799 2162 Et
814 2105 1004 2183 preceptum
1021 2105 1071 2162 est
1086 2097 1251 2162 Willelmo
1266 2097 1297 2162 le
1313 2097 1455 2183 Enueys’

341 2203 428 2290 quod
443 2203 563 2268 habeat
577 2201 621 2267 ad
634 2201 720 2267 diem
735 2201 829 2266 illum
845 2209 950 2266 cartas
964 2223 1028 2288 que
1043 2209 1187 2288 tangunt
1206 2223 1340 2266 uxorem
1358 2223 1450 2266 suam

343 2315 378 2372 ct
393 2329 527 2372 uxorem
542 2307 565 2372 J
566 2306 693 2372 eruasii„

408 2409 504 2475 Lecia
526 2432 589 2496 que
613 2409 677 2474 luit
703 2431 784 2474 uxor
806 2409 965 2474 Willelmi
990 2409 1051 2474 filii
1073 2407 1237 2474 Rcscelini
1263 2409 1453 2476 athachiata

247 2523 284 2553 ⁰·
342 2513 405 2578 fuit
427 2513 470 2578 ad
494 2511 755 2600 respondendum
784 2512 929 2577 Jchanni
957 2512 1024 2576 lilio
1053 2512 1216 2578 Roscelini
1242 2536 1342 2599 quare
1372 2515 1452 2579 fecit

342 2626 473 2682 uastum
503 2626 538 2682 et
567 2617 792 2682 uendicionem
822 2616 863 2682 de
893 2617 988 2682 terris
1017 2617 1167 2682 domibus
1196 2617 1300 2682 boscis
1330 2627 1365 2683 et
1394 2619 1452 2683 ho-

341 2720 484 2786 minibus
499 2742 579 2807 quos
594 2729 686 2786 tenet
700 2720 735 2785 in
750 2721 860 2786 dotem
876 2720 916 2786 de
939 2720 1122 2786 hereditate
1137 2721 1276 2807 predicti
1290 2722 1314 2786 J
1314 2722 1452 2788 ohannis

340 2823 376 2888 in
390 2823 520 2910 Aldeby
534 2823 576 2889 ad
599 2823 913 2890 exhereditecionem
938 2822 1041 2910 ipsius
1061 2823 1084 2888 J
1086 2823 1222 2888 ohannis
1245 2832 1357 2889 contra
1378 2847 1452 2911 pro-

342 2929 537 2995 hibicionem
552 2929 647 2994 Dom.
663 2927 772 3015 Regis,
787 2936 821 2992 et
841 2929 884 2994 ad
903 2928 1162 3015 respondendum
1183 2928 1290 2994 eidem
1305 2929 1329 2994 J
1329 2929 1451 2996 ehanni

341 3033 382 3098 de
397 3033 658 3099 emensuracione
674 3032 759 3097 dctis
774 3032 876 3118 ipsius
891 3032 986 3107 Lccie
1001 3033 1036 3098 in
1050 3033 1200 3120 Audeby,
1211 3041 1246 3098 et
1260 3033 1348 3099 unde
1363 3033 1451 3100 idem

341 3138 507 3204 Johannes
522 3138 670 3225 queritur
684 3137 770 3224 quod
790 3136 937 3224 predicta
958 3136 1057 3202 Lecia
1077 3137 1254 3224 prostrauit
1274 3140 1449 3225 quamdam

340 3242 508 3330 grangiam
523 3241 624 3328 precii
639 3264 711 3304 xxx.
727 3240 781 3305 sol.
798 3239 939 3305 atillam
954 3238 1105 3304 uendidit
1122 3247 1158 3304 et
1177 3238 1329 3306 similiter
1349 3265 1449 3308 unam

339 3346 539 3412 bercheriam
561 3346 661 3432 precii
685 3371 734 3423 xx,
761 3347 824 3423 sol,
848 3353 883 3411 et
908 3353 1057 3432 preterea
1081 3344 1169 3431 quod
1192 3345 1263 3432 ipsa
1287 3346 1451 3415 destruxit

339 3447 420 3514 duos
456 3447 594 3513 uillanos
623 3449 743 3514 diuites
779 3449 828 3513 ita
856 3447 942 3534 quod
972 3469 1131 3533 pauperes
1167 3448 1277 3513 effecti
1305 3459 1382 3516 sunt
1413 3461 1451 3517 et

339 3551 559 3618 mendicantes
589 3559 623 3617 ct
652 3552 739 3638 quod
768 3553 879 3618 exules
908 3559 986 3616 sunt
996 3551 1015 3630 ¹,
1044 3552 1137 3622 item.
1156 3552 1243 3638 quod
1272 3553 1446 3640 gardinum

338 3655 532 3741 exstirpauit
568 3663 603 3720 et
640 3655 785 3741 pomaria
813 3654 971 3741 asportari
1000 3653 1078 3720 fecit
1108 3677 1182 3719 cum
1212 3655 1382 3734 radicibus,
1412 3669 1448 3726 et

338 3771 486 3850 preterea
513 3763 600 3849 quod
629 3763 761 3828 boscum
791 3764 965 3828 assartauit
994 3772 1029 3828 et
1058 3771 1172 3850 postea
1200 3765 1294 3850 pauit
1323 3765 1447 3832 aciones

338 3891 411 3934 cum
427 3868 546 3934 aner-iis
561 3867 627 3933 suis
642 3868 691 3934 ita
705 3868 792 3955 quod
812 3869 911 3934 nichil
934 3869 1059 3935 ualebit
1079 3893 1139 3934 nec
1159 3893 1300 3937 crescere
1315 3873 1446 3958 poterit.

339 3971 382 4036 Et
411 3972 452 4037 de
481 3971 744 4039 emensuracicne
774 3971 859 4037 dotis
885 3973 1033 4059 queritur
1062 3973 1149 4060 quod
1177 3975 1252 4061 plus
1281 3975 1381 4042 habet
1410 3977 1446 4043 in

336 4076 482 4161 predicto
511 4078 654 4144 manerio
684 4099 782 4164 quam
812 4078 854 4142 ad
883 4077 987 4163 ipsam
1017 4078 1161 4165 pertinet
1189 4079 1387 4159 habendum,
1410 4093 1446 4148 et

336 4187 483 4265 preterea
504 4179 591 4266 quod
614 4181 786 4268 occupauit
809 4181 849 4245 xl.
877 4203 966 4246 acras
988 4181 1074 4246 unde
1098 4181 1150 4246 uir
1178 4205 1258 4247 suus
1286 4206 1351 4248 non
1380 4186 1446 4251 fuit

334 4284 464 4351 saisitus
492 4285 546 4350 die
568 4307 632 4371 quo
654 4309 726 4351 eam
748 4285 959 4373 desponsauit
981 4295 1016 4352 ct
1038 4310 1118 4373 quos
1139 4287 1335 4374 perquisiuit
1356 4297 1446 4374 post-

230 4410 232 4414 ’
366 4436 458 4486 ¹rss
478 4449 536 4486 aaa
558 4435 582 4484 rs
604 4435 672 4486 ris.
693 4437 769 4496 aar,
788 4439 844 4499 us,
863 4435 916 4488 aar
938 4435 1082 4499 seemingly
1100 4452 1152 4488 was
1171 4435 1233 4488 seu
1254 4437 1321 4500 goos
1341 4437 1392 4490 aa
1410 4439 1447 4505 ey

334 4503 433 4554 Finsux
444 4501 473 4552 0.
485 4501 510 4552 J.
521 4501 550 4551 in
563 4501 602 4552 16.
614 4503 683 4552 Hen.
694 4516 740 4551 vn.
