3212 5230
325 432 558 495 monimum,
579 433 643 482 aa.
669 419 761 494 1230,
783 431 847 480 aa.
871 417 1004 480 14-15.
1151 416 1214 480 369

131 605 272 672 iudicium
306 603 390 690 qnod
425 601 527 670 breue
564 623 629 666 non
665 599 755 665 misit
791 619 850 665 nec
879 599 1003 686 aliquid
1032 598 1108 666 inde
1137 599 1215 666 fecit

130 719 182 774 etc

46 829 92 892 459,
186 811 304 876 ¹Assisa
321 809 414 874 uenit
433 807 640 894 recognitura
653 806 681 872 si
695 805 880 871 Willelmus
894 806 934 871 de
950 806 1100 872 Mertona
1113 807 1214 874 laicus
1264 813 1337 855 m

129 915 236 982 iniuste
264 924 320 980 etc
342 911 522 979 disscisiuit
543 911 727 976 Johannem
758 910 798 976 de
821 911 955 976 Henred
980 910 1021 976 de
1043 933 1215 980 communa

128 1024 245 1102 pastura
259 1037 313 1080 sue
328 1015 363 1078 in
378 1012 514 1078 Henred
528 1034 592 1098 que
607 1011 751 1098 pertinet
768 1011 810 1076 ad
831 1011 969 1076 liberum
989 1019 1213 1077 tenementum

127 1141 211 1184 auum
224 1119 258 1184 in
270 1117 382 1184 eadem
397 1117 478 1182 uilla
491 1125 565 1204 post
579 1116 716 1202 primam
731 1115 969 1181 coronacionem
985 1124 1045 1182 etc.

184 1223 225 1287 Et
244 1222 425 1288 Willelmus
446 1221 539 1286 uenit
553 1229 588 1285 et
607 1220 687 1286 dicit
707 1219 794 1306 quod
815 1220 914 1286 assisa
935 1242 1000 1284 non
1019 1219 1117 1286 debet
1139 1221 1214 1286 inde

127 1325 188 1390 fieri
201 1325 272 1412 quia
289 1325 457 1412 predictus
476 1324 642 1390 Johannes
662 1323 741 1388 alias
761 1323 840 1388 tulit
860 1345 958 1410 super
978 1346 1054 1389 eum
1076 1347 1214 1410 paruum

127 1429 214 1495 breue
228 1429 266 1496 de
284 1451 373 1494 noua
391 1426 575 1494 disseisina¹
589 1449 695 1493 coram
716 1427 906 1492 uicecomite
927 1429 1038 1493 Bercln
1059 1429 1108 1494 ita
1129 1429 1215 1516 quod

127 1533 288 1598 uioecomes
309 1532 389 1597 fecit
407 1531 654 1618 inquisicionem
674 1554 702 1596 v.
723 1529 964 1595 hundredorum
983 1531 1026 1596 ad
1047 1531 1108 1597 hoc
1127 1554 1213 1598 sum·

128 1636 305 1701 monitorum
321 1644 445 1722 etpost
459 1635 703 1722 inquisicionem
719 1635 808 1700 illam
829 1635 922 1700 uenit
942 1635 1029 1700 idem
1049 1637 1072 1702 J
1073 1637 1215 1702 ohannes

128 1749 156 1804 et
168 1740 294 1806 retraxit
309 1762 354 1818 se,
369 1739 456 1806 unde
471 1739 604 1804 uidetur
623 1740 654 1804 ei
675 1738 761 1824 quod
781 1761 845 1804 non
866 1739 964 1804 debet
985 1739 1016 1804 ei
1036 1763 1133 1827 super
1154 1740 1214 1806 hoc
1226 1763 1346 1812 soaquoa

1225 1820 1268 1850 non
1277 1811 1324 1850 ladt
1330 1809 1377 1859 qun

127 1843 308 1930 respondere
1225 1857 1353 1951 pamm

183 1949 253 2013 Post
271 1947 367 2012 uenit
381 1947 564 2012 Willclmua
584 1956 619 2012 et
633 1946 713 2012 dicit
728 1946 814 2034 quod
833 1948 933 2013 assisa
946 1970 1011 2012 non
1025 1947 1124 2014 debet
1138 1948 1213 2014 inde
1226 1961 1368 2036 ”ffllfm

128 2049 188 2114 fieri
205 2059 237 2116 et
254 2050 340 2137 quod
362 2049 433 2136 ipse
454 2072 529 2114 eum
549 2050 584 2114 in
606 2050 695 2114 nullo
717 2049 894 2115 disseisiuit
913 2052 991 2138 quia
1011 2074 1125 2118 reuera
1145 2053 1214 2140 ipse
1227 2047 1344 2130 bflf'ffl

128 2152 237 2218 leuauit
247 2163 281 2219 et
293 2155 373 2219 lecit
384 2154 547 2240 quandam
561 2153 694 2218 domum
709 2176 806 2240 super
820 2162 938 2220 terram
949 2177 1042 2220 suam
1053 2157 1214 2244 propriam
1227 2137 1355 2233 wll-

128 2264 157 2318 et
180 2279 271 2342 super
299 2265 525 2322 tenementum
554 2279 650 2322 snum
679 2257 844 2343 proprium
874 2279 972 2344 quam
1001 2266 1121 2324 terram
1144 2259 1213 2346 ipse
1226 2231 1378 2365 aaliz&

128 2367 221 2443 potest
248 2359 413 2426 includere
443 2367 478 2424 et
499 2360 642 2425 excolere
664 2381 723 2446 pro
744 2360 914 2426 uoluntate
936 2383 1003 2438 sua,
1026 2361 1112 2428 unde
1134 2362 1214 2428 dicit
1226 2377 1320 2460 33¹2
1323 2375 1354 2458 't
1355 2429 1376 2457 m

129 2461 202 2546 quod
214 2461 319 2547 ipsum
334 2484 399 2526 non
414 2459 590 2526 disseisiuit
605 2469 665 2526 etc
1226 2469 1309 2554 mu.
1316 2465 1347 2505 m.

183 2566 344 2631 duratores
358 2566 474 2631 dicunt
493 2565 579 2652 quod
599 2565 782 2630 Willelmus
802 2566 927 2632 leuauit
947 2567 1120 2654 quamdam
1141 2566 1212 2633 ber·

129 2667 237 2734 leriam
264 2669 305 2736 ad
334 2669 442 2756 capud
465 2667 489 2754 j.
512 2691 584 2734 acra
613 2691 711 2756 quam
740 2670 808 2756 ipse
838 2669 938 2736 habet
966 2693 1064 2757 prope
1093 2679 1213 2736 terram

128 2769 217 2856 ipsius
233 2770 238 2858 Ι
256 2772 280 2837 J
280 2771 416 2838 ohannis
427 2779 462 2836 et
472 2771 559 2836 intra
573 2779 692 2837 terram
706 2771 808 2858 ipsius
822 2780 857 2836 et
871 2771 957 2859 quod
972 2773 1108 2859 placiam
1123 2773 1213 2837 illam
1265 2777 1298 2829 [⁶²
1307 2779 1337 2830 ἢ]

130 2875 178 2940 ubi
190 2875 299 2942 domus
313 2877 401 2941 facta
414 2885 465 2940 est
479 2883 587 2962 posset
601 2876 688 2941 idem
703 2875 886 2942 Willelmus
901 2876 1043 2940 excolere
1061 2884 1096 2941 ct
1115 2875 1215 2940 nichil

129 2978 196 3044 lecit
208 2979 290 3046 idem
305 2979 490 3046 Willelmus
505 2978 568 3044 nisi
583 2978 671 3044 illam
687 2979 868 3044 berkeriam
882 2980 1114 3067 propterquod
1128 2979 1215 3044 idem

128 3080 278 3150 lohannes
297 3083 433 3150 deberet
452 3083 605 3170 conqueri
623 3091 658 3148 et
678 3083 772 3149 dicit‘
787 3083 873 3170 quod
893 3083 1007 3148 domus
1026 3085 1084 3148 illa
1104 3084 1215 3170 pocius

128 3185 225 3251 leuata
242 3195 291 3252 est
310 3187 354 3252 ad
374 3195 607 3252 nocumentum
628 3187 808 3252 tenementi
823 3187 924 3272 ipsius
938 3187 1097 3253 Johaunis
1116 3210 1215 3274 quam

129 3287 168 3352 ibi
186 3289 226 3354 sit
243 3291 353 3377 aliqua
373 3289 542 3354 disseisina
564 3297 703 3374 pastura.
749 3289 792 3354 Et
813 3289 886 3354 ideo
907 3289 1021 3354 dicunt
1043 3289 1129 3376 quod
1150 3312 1215 3354 non

128 3392 286 3460 dissaisiuit
301 3417 377 3460 eum
393 3393 434 3458 de
448 3393 558 3479 aliqua
571 3401 711 3480 pastura
756 3393 801 3458 Et
815 3393 888 3458 ideo
900 3391 1147 3460 consideratum
1163 3401 1214 3458 est

128 3497 202 3580 quod
215 3496 396 3561 Willelmus
409 3517 475 3560 non
492 3494 667 3560 disseisiuit
688 3517 763 3560 eum
784 3504 819 3560 et
840 3495 913 3560 ideo
933 3495 1117 3562 Willelmus
1138 3495 1214 3560 inde

129 3598 186 3662 sine
199 3599 248 3664 die
263 3608 324 3665 etc

43 3705 90 3772 470.
181 3701 343 3766 ‘Johanna
357 3723 421 3788 que
436 3701 501 3766 fuit
515 3724 597 3767 uxor
610 3701 746 3768 Martini
760 3702 801 3768 de
822 3703 915 3770 Olera
935 3726 994 3790 per
1012 3711 1213 3769 attornatum
1272 3735 1287 3764 ιι

127 3825 209 3869 suum
222 3807 305 3892 petit
320 3828 434 3872 uersus
449 3806 652 3872 Gilebertum
667 3807 707 3872 de
723 3807 755 3873 la
770 3807 858 3874 More
874 3808 1007 3874 terciam
1018 3817 1144 3895 partem
1159 3808 1212 3894 xij.

127 3929 178 3974 aar.
192 3918 271 3976 term
286 3933 361 3976 cum
377 3917 457 3996 pert
473 3910 508 3976 iu
524 3911 616 3978 Olore
631 3920 670 3976 ut
685 3911 794 3978 dotem
809 3935 901 3979 suam
916 3922 976 3980 etc.

181 4013 223 4078 Et
241 4014 428 4080 Gilebertus
446 4015 540 4080 uenit
559 4023 594 4080 et
614 4037 672 4101 per
686 4015 853 4082 licenciam
868 4017 899 4082 ei
913 4017 1021 4084 reddit
1035 4017 1213 4103 predictam

155 4197 204 4249 ¹A.
215 4215 249 4252 m.
260 4203 300 4252 21.
690 4202 849 4265 distinguish
873 4203 986 4254 between
1014 4203 1140 4254 nuisance
1161 4201 1214 4254 and

154 4263 209 4314 'Aa
219 4271 243 4316 to
255 4267 307 4318 this
317 4267 387 4318 little
401 4266 523 4318 ricontial
538 4267 597 4318 urit
612 4269 641 4319 ol
689 4268 819 4320 dimainn.
852 4270 987 4332 Berlrarr'u,
1001 4268 1169 4332 asheeplold.

128 4330 200 4445 ”isicia
208 4331 324 4383 (lisam
340 4333 355 4382 1
374 4331 431 4382 find
450 4333 561 4396 nothing
576 4333 638 4386 else-
721 4334 733 4432 2
747 4335 820 4449 gorg
837 4335 933 4450 ‘illm

129 4405 165 4489 ’τ
179 4431 462 4522 sincerarum.
490 4461 639 4526 majoma
771 4435 778 4448 '
819 4435 826 4448 '
871 4434 878 4448 ‘

202 4576 233 4624 u
949 4563 1127 4624 -24
