3360 5236
360 427 424 494 570
656 442 798 502 nissen,
820 441 883 490 nn.
911 429 1004 504 1233,
1026 442 1090 492 ns„
1116 425 1164 494 17.

357 637 448 678 suern
472 620 510 678 ut
529 611 658 678 audiuit
675 611 748 689 dici,
764 619 798 678 et
813 611 906 678 Doru
923 611 994 678 Rex
1016 611 1103 678 idem
1126 611 1307 678 manerium
1329 609 1468 676 tradidit

357 718 463 784 eidem
479 717 646 782 Gileberto
661 716 841 782 tenendum
855 716 896 782 de
911 716 1011 782 bullio
1025 717 1106 794 suo',
1118 725 1153 782 et
1168 715 1375 802 postmodum
1389 715 1470 801 quia

356 821 443 886 idem
474 820 660 885 Gilebertus
689 819 754 884 fuit
783 819 824 884 de
854 819 978 884 familis
1006 842 1066 886 sua
1094 819 1187 886 dedit
1215 819 1303 884 idem
1332 819 1405 884 Rex
1435 816 1468 880 ei

356 923 536 988 manerium
558 922 640 988 illud
663 921 841 986 tenendum
863 921 904 987 de
927 922 1020 986 Dom
1037 923 1127 1008 Rege
1148 930 1183 987 et
1204 921 1378 988 heredibus
1399 919 1470 984 suis

355 1047 413 1110 per
427 1033 550 1090 cartam
565 1045 657 1088 suam
672 1045 771 1109 quam
785 1026 906 1110 profert
921 1033 1034 1110 etque
1050 1025 1110 1090 hoc
1130 1031 1272 1089 testatur
1291 1023 1377 1109 quod
1396 1021 1469 1107 ipse

355 1129 426 1193 Rex
448 1128 540 1194 dedit
562 1129 667 1194 eidem
692 1127 859 1193 Gileberto
881 1137 916 1192 et
938 1137 1028 1192 carta
1049 1151 1110 1194 sua
1132 1128 1337 1194 confirmauit
1361 1134 1469 1191 totam

355 1240 474 1296 terram
489 1255 563 1298 eum
579 1240 659 1318 pert.
676 1255 739 1318 que
755 1231 819 1296 fuit
834 1232 965 1297 Raduifi
978 1233 1155 1300 Camerarii
1166 1232 1207 1298 de
1220 1227 1470 1298 Taunkaruilla¹

355 1335 389 1400 in
412 1334 661 1423 Huppehauene
684 1345 719 1402 et
741 1358 839 1422 quam
861 1335 949 1402 idem
973 1337 1159 1402 Gilebertus
1181 1337 1271 1423 prius
1291 1335 1408 1401 habuit
1425 1335 1468 1398 de

355 1440 454 1506 bellio
475 1439 578 1526 ipsius
598 1440 699 1526 Regis
719 1439 902 1506 habendam
919 1449 978 1506 ete.
994 1440 1035 1506 de
1051 1441 1121 1526 ipso
1136 1441 1227 1528 Rege
1242 1449 1277 1506 et
1292 1438 1469 1506 heredibus

356 1545 422 1610 suis
437 1567 511 1610 eum
526 1544 677 1610 omnibus
691 1553 772 1629 pert.
789 1543 876 1609 suis⁸
891 1544 1056 1630 predictus
1077 1544 1238 1610 Radulfus
1252 1545 1342 1610 illam
1357 1543 1470 1608 tenuit

356 1647 392 1712 in
406 1669 505 1712 manu
520 1669 580 1712 sue
593 1646 695 1712 donec
710 1669 783 1712 eam
797 1645 975 1712 reddiderit
995 1647 1168 1713 heredibus
1182 1647 1320 1732 predicti
1334 1644 1470 1712 Redulfi

356 1773 416 1836 per
443 1751 648 1816 uoluntatem
674 1773 767 1816 suam
793 1750 847 1816 uel
873 1773 932 1836 per
955 1773 1070 1836 pacem
1078 1750 1097 1816 ⁴.
1143 1751 1240 1818 Teste
1268 1751 1358 1838 Rege
1383 1756 1469 1836 aput

357 1853 682 1919 Westmonasterium
697 1863 782 1918 xxv0.
798 1853 851 1918 die
865 1852 889 1919 J
890 1877 941 1918 an.
956 1877 1041 1920 anno
1055 1854 1148 1941 regni
1156 1855 1175 1920 ⁶.

423 1961 467 2026 Et
493 1960 679 2026 Gilebertus
704 1959 906 2044 aeqrrietauit
931 1959 1016 2046 Regi
1045 1958 1175 2024 feodum
1200 1981 1297 2024 suum
1322 1957 1410 2044 quod
1435 1957 1470 2022 ei

357 2062 472 2128 debuit
487 2063 552 2127 fere
567 2062 608 2126 de
623 2062 749 2127 duobus
763 2061 885 2126 annis⁶.

424 2166 468 2230 Et
483 2166 598 2230 Petrus
613 2185 744 2250 presens
758 2171 808 2228 est
822 2172 857 2230 et
872 2163 952 2228 dicit
972 2163 1059 2249 quod
1080 2185 1258 2250 numquam
1280 2163 1356 2228 inde
1378 2185 1469 2228 sum-

358 2269 502 2334 monitus
516 2267 580 2334 fuit
594 2290 654 2333 nec
668 2267 750 2332 illud
764 2268 867 2354 gratis
881 2267 1023 2334 reddidit
1038 2291 1098 2334 nee
1113 2268 1196 2356 Regi
1212 2291 1272 2334 nec
1286 2267 1351 2345 ulii,
1365 2268 1468 2332 immo

358 2397 417 2461 per
437 2374 587 2438 timorem
609 2380 644 2438 et
664 2372 768 2436 minas
783 2371 814 2436 ei
829 2372 937 2436 illatas
952 2372 993 2436 ab
1009 2373 1051 2437 Η.
1067 2371 1107 2437 de
1124 2372 1233 2460 Burgo
1248 2371 1346 2436 tune*
1360 2372 1467 2436 Justi-

357 2476 454 2542 eisrio
477 2475 598 2562 Anglie
621 2483 656 2542 et
678 2475 745 2540 suis
767 2475 824 2560 qui
846 2474 895 2540 ilii
916 2474 1033 2540 minati
1053 2475 1186 2539 fuerunt
1205 2473 1293 2560 quod
1307 2473 1370 2540 nisi
1384 2473 1469 2538 illud

357 2578 507 2644 redderet
528 2579 622 2642 illum
644 2577 679 2642 in
702 2577 762 2642 tali
784 2578 852 2642 loeo
872 2585 1007 2663 poneret
1028 2577 1115 2664 quod
1128 2599 1192 2642 non
1208 2577 1335 2642 uideret
1349 2599 1468 2640 manus

357 2705 417 2748 nee
432 2683 539 2768 pedes,
554 2681 641 2746 unde
656 2681 736 2748 dicit
752 2681 838 2767 quod
856 2681 977 2746 iniuste
997 2690 1031 2746 et
1053 2682 1123 2748 sine
1145 2682 1265 2748 iudicio
1286 2682 1468 2748 dimeisitus

357 2793 416 2863 est,
438 2793 473 2850 et
494 2784 580 2871 petit
604 2784 704 2848 talem
730 2784 881 2849 seisinam
903 2785 1033 2870 qualem
1059 2785 1149 2870 prius
1175 2785 1300 2864 habuit,
1322 2795 1357 2850 et
1382 2786 1468 2851 hene

357 2889 437 2956 dicit
461 2889 548 2976 quod
571 2889 665 2954 Dom.
683 2889 714 2954 J.
736 2889 806 2954 Rex
829 2889 911 2954 illud
934 2891 964 2954 ei
986 2889 1078 2954 dedit
1099 2913 1157 2976 pro
1179 2890 1330 2978 homagio
1351 2913 1409 2956 suo
1432 2899 1468 2954 et

357 2995 451 3060 Dum.
466 2993 537 3057 Rex
552 2991 609 3078 qui
623 3013 711 3057 nunc
726 2999 776 3056 est
791 2991 867 3056 inde
881 2992 969 3077 oepit
984 2991 1172 3078 homagium
1187 3015 1291 3058 suum

423 3097 466 3162 Et
482 3094 668 3161 Gilebertus
682 3095 767 3180 petit
782 3094 845 3159 sibi
858 3094 988 3159 allocari
1002 3095 1088 3180 quod
1103 3094 1190 3162 idem
1211 3096 1328 3160 Petrus
1349 3117 1467 3182 eogno-

357 3201 408 3266 uit
437 3199 523 3287 quod
552 3199 694 3264 reddidit
724 3199 905 3265 manerium
931 3199 1014 3264 illud
1039 3207 1074 3264 et
1098 3199 1186 3285 petit
1209 3207 1248 3265 ut
1273 3199 1366 3265 Doni
1394 3201 1466 3264 Rex

358 3305 544 3370 warentizet
566 3304 598 3369 ei
619 3312 741 3370 cartam
762 3303 852 3368 illam
871 3311 905 3368 et
920 3303 1041 3368 donum
1056 3327 1153 3368 suum
1168 3305 1246 3391 quia
1259 3327 1324 3370 non
1338 3315 1467 3383 epnstet

357 3409 389 3476 ei
404 3431 462 3474 nec
477 3407 519 3473 ed
534 3431 609 3473 eum
624 3407 768 3493 pertinet
783 3406 824 3472 de
839 3407 874 3472 ui
889 3407 944 3472 uel
959 3407 1056 3472 minis
1071 3407 1102 3472 ei
1113 3407 1228 3474 illatis·
1241 3409 1320 3495 quia
1333 3417 1465 3474 tantum

391 3656 401 3690 ¹
417 3655 450 3706 In
462 3657 533 3705 1228.
568 3655 661 3705 Basset
677 3653 701 3704 is
717 3658 745 3704 ιο
761 3653 825 3704 hold
839 3654 888 3720 the
933 3668 1012 3718 pense
1022 3653 1072 3704 has
1084 3653 1149 3704 been
1160 3653 1236 3704 mede
1247 3653 1311 3704 with
1322 3653 1422 3705 Frsnee
1433 3669 1464 3703 or

359 3735 452 3772 maner
472 3719 566 3782 during
588 3720 632 3771 the
654 3719 739 3782 king's
761 3720 886 3782 pleasure
933 3721 973 3768 tor
984 3733 1055 3769 some
1066 3719 1141 3769 other
1151 3733 1253 3770 reason.

360 3787 418 3836 sot.
428 3786 466 3835 Gi.
477 3787 507 3835 12
516 3787 584 3834 Hen.
595 3787 618 3834 3.
628 3800 662 3835 m.
676 3785 707 3834 10
717 3784 886 3848 (ιωρῐὶοωὰ).
966 3783 977 3816 ⁸
994 3784 1034 3832 No
1045 3799 1107 3846 year
1118 3783 1276 3836 mentioned.

361 3851 486 3901 'I'hedate
501 3851 530 3899 οι
545 3851 589 3900 the
605 3850 764 3911 subsequent
780 3849 887 3911 grnntl
966 3847 1058 3898 ⁶This
1080 3849 1166 3899 deuse
1190 3853 1263 3898 must
1290 3848 1322 3898 be
1348 3849 1409 3911 part
1435 3849 1466 3898 of

358 3917 427 3968 here
437 3919 485 3966 not
496 3915 652 3966 discovered.
934 3913 1050 3964 Bssset's
1071 3914 1129 3976 ples
1151 3913 1204 3963 and
1226 3928 1309 3964 seems
1332 3917 1360 3963 ιο
1384 3927 1463 3964 mean

392 3979 487 4030 ’Who
506 3979 583 4044 being
600 3995 616 4030 a
632 3979 749 4029 Norman
766 3977 887 4028 forfeited
934 3977 1129 4028 thiar-Basset
1139 3977 1264 4028 hsdbeen
1280 3979 1309 4028 in
1325 3977 1420 4042 reeeipt
1435 3979 1466 4028 oi

359 4045 403 4096 his
418 4045 480 4098 land
496 4045 525 4094 in
541 4045 633 4095 John's
649 4044 730 4106 reign.
765 4043 824 4092 Bot.
846 4043 885 4092 cl.
934 4058 951 4092 a
970 4043 1057 4105 selsry
1074 4045 1197 4106 (seudum,
1214 4043 1263 4104 fee)
1281 4044 1309 4092 oi
1325 4045 1379 4094 ,¹:20
1395 4045 1463 4094 irem

359 4111 411 4162 vol.
435 4112 458 4169 1,
480 4125 523 4174 pp.
543 4111 567 4168 4,
585 4111 609 4168 5,
627 4111 642 4160 9
659 4109 683 4168 b,
702 4109 742 4158 11.
776 4107 885 4170 Upavon
934 4107 980 4157 the
994 4107 1154 4170 Exehequer.
1190 4107 1466 4158 Intonsiderationoi

359 4191 413 4226 was
434 4175 569 4226 enunsted
590 4178 618 4224 ιο
639 4173 713 4224 Peter
732 4171 764 4224 de
781 4172 887 4236 hisulay
934 4171 979 4222 the
990 4173 1069 4222 abore
1079 4171 1200 4235 grenthe
1211 4172 1326 4223 released
1339 4173 1384 4222 the
1399 4171 1463 4234 iring

361 4244 392 4292 13
402 4241 461 4292 om
475 4241 547 4290 1204.
935 4237 975 4286 tor
986 4241 1036 4287 two
1046 4252 1129 4300 years.
1163 4237 1219 4287 ‘she
1229 4238 1405 4300 paymentsoi
1418 4237 1463 4288 the

392 4305 519 4382 ⁸Supply
529 4307 594 4355 deut
606 4301 761 4354 orthelike.
935 4301 1403 4366 stipendeanbetrseedinltot.01.

392 4371 404 4404 ⁴
422 4371 497 4422 Unul
509 4369 552 4420 the
563 4367 626 4430 king
636 4367 705 4418 shall
715 4371 811 4418 restore
822 4367 843 4416 it
859 4369 886 4416 ιο
967 4367 978 4400 ⁷
994 4365 1047 4418 But
1053 4382 1112 4416 now
1118 4365 1251 4430 disgraeed
1257 4367 1461 4431 andaprisoner.

360 4435 446 4499 Ralph
458 4435 486 4484 oi
502 4433 686 4485 Tankerville's
698 4431 767 4482 heirs
777 4431 885 4483 because
968 4430 1095 4496 ⁸Supply
1108 4435 1260 4495 respondere.
