3260 5218
337 429 378 490 24
519 442 650 492 merus
671 441 745 490 nnn
767 441 917 502 remur,
939 441 1004 490 nn.
1030 427 1124 504 1219,
1149 439 1210 489 nn
1235 425 1263 488 3.

336 621 394 677 etc
414 613 498 677 sieut
519 611 660 677 deducte
682 612 745 678 fuit
769 621 828 678 etc.
849 621 883 678 et
905 611 947 678 ed
967 611 1183 678 audiendum¹
1203 633 1299 677 suum
1319 609 1360 676 de
1388 609 1466 674 hoc

336 716 422 802 quod
437 715 519 781 illud
534 739 597 780 non
619 716 803 782 habuerunt
823 717 907 782 sicut
927 725 986 782 etc
1010 724 1045 782 et
1065 716 1243 782 uicecomes
1262 713 1466 780 otthachiet

337 819 518 883 Robertum
532 817 618 904 quod
633 817 676 882 sit
691 827 750 883 etc
767 817 939 884 auditurus
957 817 1124 884 recordum
1147 826 1207 883 ete
1229 825 1264 882 et
1285 817 1466 882 Radulfus

337 921 430 1008 ponit
445 921 513 986 loco
527 943 585 985 suo
599 921 802 986 Willelmum
816 922 857 988 de
873 923 1023 988 Mortona
1037 931 1096 987 eto

403 1025 534 1088 Hsmon
563 1023 593 1087 le
622 1024 769 1109 Quneyfe
798 1034 833 1090 et
862 1025 999 1090 Mstillis
1027 1047 1109 1090 uxor
1143 1024 1214 1090 eius
1249 1022 1464 1090 stthsohiati

337 1127 470 1190 fuerunt
491 1125 533 1190 od
555 1126 791 1192 ostendendum
813 1149 912 1213 quere
934 1129 1081 1192 fecerunt
1102 1136 1235 1192 uastum
1255 1135 1290 1192 et
1310 1128 1460 1192 exilium

239 1265 277 1294 ο.
337 1231 377 1296 de
392 1231 487 1296 bosco
501 1229 542 1295 de
557 1229 708 1294 Hethills
721 1231 807 1316 quod
828 1239 943 1296 tenent
965 1231 1000 1296 in
1022 1231 1133 1296 dotem
1153 1231 1257 1317 ipsius
1276 1230 1461 1296 Matillidis

337 1333 377 1397 de
393 1331 573 1396 hereditate
588 1331 717 1396 Alberti
731 1331 772 1396 de
793 1333 927 1398 Neuilla
946 1333 989 1398 ed
1009 1333 1323 1400 exhereditooionem
1344 1334 1459 1420 ipsius

336 1435 465 1500 Alberti
487 1444 598 1502 contre
619 1436 872 1522 prohibicionem
893 1436 1017 1502 domini
1040 1437 1140 1522 Regis
1163 1445 1222 1502 ete
1247 1436 1334 1502 unde
1356 1437 1455 1502 idem

337 1537 492 1602 Albertus
513 1538 655 1602 ostendit
677 1538 764 1624 quod
785 1547 858 1624 post
880 1561 993 1624 paoem
1016 1539 1135 1604 factem
1159 1547 1193 1603 et
1219 1540 1359 1604 iurotsm
1383 1549 1453 1605 etc.

337 1641 514 1727 extirpenit
543 1642 612 1728 ipse
642 1642 769 1707 arbores
798 1643 883 1708 circa
910 1642 1043 1708 domum
1071 1651 1106 1708 et
1135 1643 1268 1708 boscum
1294 1643 1455 1726 uendidit

338 1754 372 1809 ot
398 1745 490 1810 dedit
513 1755 548 1810 et
576 1747 721 1811 uastauit
751 1747 799 1812 ita
828 1747 914 1832 quod
940 1755 1071 1813 uastum
1097 1747 1174 1812 fecit
1199 1747 1241 1812 ed
1264 1747 1452 1814 uslencism

338 1850 356 1912 l.
373 1873 551 1916 morcarum
567 1861 601 1915 et
616 1851 692 1916 inde
707 1851 855 1938 producit
871 1861 992 1916 sectam
1007 1861 1067 1917 etc.

403 1953 447 2018 Et
462 1953 524 2040 ipsi
538 1963 700 2018 uenerunt
714 1963 749 2018 et
763 1961 883 2039 petunt
897 1954 1006 2018 uisum
1020 1953 1061 2018 do
1076 1954 1171 2018 bosco
1190 1953 1277 2018 unde
1298 1954 1449 2018 feoenrnt

338 2063 476 2122 uastum
521 2057 565 2122 Et
579 2058 652 2122 ideo
666 2057 904 2122 consideratum
918 2057 1074 2143 estquod
1095 2057 1238 2122 hebesnt
1258 2057 1365 2122 uisum
1385 2079 1449 2143 per

337 2159 391 2225 xii
416 2159 536 2246 legulos
560 2169 595 2224 et
623 2160 778 2225 discretos
806 2159 953 2224 homines
981 2159 1022 2223 de
1052 2159 1180 2224 uisneto
1210 2159 1267 2224 illo
1295 2167 1330 2223 et
1359 2160 1447 2246 quod

337 2263 403 2326 sint
426 2285 532 2328 coram
554 2263 739 2327 iusticisriis
760 2286 781 2327 a
809 2262 861 2327 dic
886 2261 916 2327 S
941 2261 1014 2327 Joh
1038 2261 1073 2325 in
1095 2270 1162 2325 tres
1183 2261 1380 2348 septimanas
1402 2263 1448 2327 ed

338 2364 578 2429 testificandum
608 2365 694 2451 quod
717 2372 848 2429 uastum
871 2372 906 2429 et
931 2363 1018 2450 quod
1046 2364 1181 2428 exilium
1206 2365 1270 2451 ipsi
1298 2365 1448 2431 fecerunt

338 2467 378 2531 de
394 2468 539 2552 predicto
553 2469 648 2534 bosco
663 2469 749 2534 idem
764 2469 833 2534 dies
847 2469 944 2534 datus
959 2477 993 2532 et
1008 2467 1162 2554 portibus

271 2624 278 2636 .
404 2571 558 2637 ³Brinnus
572 2572 658 2638 filius
673 2573 771 2638 Alani
786 2573 906 2660 optulit
921 2595 955 2637 ss
970 2579 1086 2658 quarto
1105 2571 1158 2636 die
1174 2593 1287 2636 uersus
1302 2571 1445 2636 Priorem

243 2669 257 2695 ¹¹
339 2673 379 2737 de
402 2674 551 2739 Buttole‘
570 2675 628 2761 qui
649 2698 683 2740 se
706 2675 881 2740 essoniouit
903 2675 943 2739 de
966 2674 1051 2738 melo
1073 2673 1151 2738 lecti
1172 2695 1285 2738 uersus
1307 2695 1383 2738 eum
1404 2673 1446 2738 de

337 2777 550 2842 eduocecione
572 2779 704 2844 ecclesie
726 2777 767 2843 de
789 2777 896 2842 Biker’
920 2785 954 2841 et
978 2776 1068 2840 Prior
1093 2798 1158 2840 non
1182 2777 1276 2840 uenit
1299 2785 1359 2841 etc.
1385 2798 1446 2841 nec

337 2881 458 2946 milites
483 2882 540 2968 qui
564 2883 710 2947 lecerunt
734 2881 841 2946 uisum
869 2879 909 2944 de
935 2901 974 2943 eo
1003 2887 1053 2943 set
1077 2901 1111 2944 se
1141 2879 1385 2944 essenisuerunt
1411 2887 1446 2944 et

337 2984 460 3049 habent
479 2985 566 3050 diem
589 3007 647 3071 per
668 2985 879 3049 essonietores
900 3005 973 3048 suos
995 2983 1079 3048 sicut
1101 2991 1194 3068 potet
1215 2983 1251 3046 in
1273 2981 1389 3046 esson’⁵
1411 2991 1446 3046 et

338 3088 530 3154 Godefn'dus
564 3089 757 3154 senescallus
795 3089 825 3153 S.
856 3088 1014 3152 Aldrethe
1051 3087 1267 3154 summonitus
1303 3087 1368 3151 fuit
1403 3087 1446 3152 sd

253 3236 256 3244 ·
338 3192 535 3257 audiendum
562 3193 718 3258 iudicium
736 3196 743 3278 Ι
762 3192 803 3257 de
833 3192 894 3258 hoc
923 3191 1009 3278 quod
1031 3215 1096 3256 non
1120 3191 1339 3256 ottheohiauit
1360 3191 1447 3277 ipsos

338 3303 477 3379 quotuor
496 3296 617 3360 milites
639 3297 723 3360 sicut
745 3295 777 3360 ei
798 3303 987 3381 preceptum
1010 3295 1118 3380 sepius
1140 3295 1213 3374 fuit,
1233 3303 1267 3358 et
1289 3295 1358 3380 ipse
1381 3316 1446 3358 non

339 3396 432 3460 uenit
454 3407 512 3461 etc
538 3406 572 3461 et
594 3397 666 3462 ideo
688 3397 723 3461 in
745 3396 962 3462 misericordis
983 3418 1041 3482 pro
1062 3395 1185 3461 defelte
1205 3406 1239 3461 et
1262 3419 1320 3482 pm
1342 3405 1445 3461 trans-

340 3500 509 3585 gressione.

406 3601 517 3666 Assisa
545 3603 638 3667 uenit
667 3603 871 3688 recognitum
899 3602 927 3666 si
957 3601 1132 3668 Gaufridus
1160 3601 1201 3666 de
1232 3601 1447 3681 Querendona

223 3753 293 3786 res.
342 3708 522 3772 auunculus
548 3707 697 3772 Geuhr'di
722 3708 762 3772 de
791 3707 963 3773 Olemdonu
987 3708 1050 3772 fuit
1074 3707 1203 3772 scisitus
1226 3708 1261 3772 in
1286 3707 1447 3772 dominico

341 3831 399 3874 suo
425 3817 462 3874 ut
488 3809 529 3874 de
552 3809 645 3874 feodo
673 3811 723 3873 et⁶
751 3808 887 3874 dimidie
915 3810 992 3875 hide
1021 3819 1105 3874 terre
1134 3833 1209 3874 oum
1238 3811 1448 3896 pertinenciis

374 3979 382 4009 ¹
401 3979 500 4042 Supply
513 3981 645 4029 iudicium.
917 3981 991 4029 3-4.

373 4043 465 4092 *This
491 4047 553 4093 note
580 4044 603 4094 is
633 4043 776 4094 concerned
803 4043 866 4094 with
948 4043 1190 4094 ⁸Seesboszase
1201 4045 1241 4093 20.

341 4108 406 4158 cnse
428 4111 468 4167 27,
486 4107 571 4158 which
592 4123 700 4172 appears
720 4113 748 4158 st
766 4125 782 4158 s
800 4110 867 4159 later
948 4109 1070 4172 ⁴Butley
1078 4109 1449 4173 Abbey‚loundedbyBenull

341 4177 412 4234 stege
422 4187 457 4222 on
468 4172 513 4222 the
523 4173 572 4222 roll
583 4175 612 4223 ol
626 4173 704 4224 Mich.
718 4178 784 4223 term
795 4175 862 4226 AB.
917 4173 1041 4224 Glsnrill.
1075 4173 1235 4224 Monostvi.
1248 4176 1305 4223 380.

342 4239 421 4296 e-4;
438 4253 480 4287 ses
496 4237 663 4300 belemensis
680 4239 721 4288 56.
755 4239 809 4288 The
824 4239 865 4288 ds·
949 4239 1043 4288 ¹⁵inter
1070 4241 1168 4288 aronio
1196 4239 1237 4302 (l).
1270 4239 1307 4288 As
1337 4254 1447 4301 appears

342 4302 473 4352 lendsnt’s
489 4317 566 4351 neme
583 4302 677 4352 should
693 4303 724 4352 be
737 4303 824 4352 Hnmo
835 4303 866 4353 de
917 4317 1013 4364 among
1029 4303 1074 4352 the
1089 4303 1198 4360 essoins,
1213 4304 1302 4352 record
1318 4305 1348 4354 of
1362 4304 1447 4354 which

343 4368 480 4428 l’Enveyse
502 4382 531 4415 or
553 4367 597 4416 the
613 4367 672 4416 like.
706 4369 827 4426 Brsctom
846 4369 863 4420 f.
918 4369 941 4417 is
952 4368 1012 4430 kept
1024 4384 1058 4417 on
1069 4383 1085 4417 s
1097 4373 1213 4431 seperate
1224 4369 1281 4417 roll.

342 4433 399 4490 316,
411 4432 474 4480 cites
486 4431 538 4482 this
549 4447 607 4482 cess
618 4433 685 4482 from
702 4432 779 4481 llich.
792 4436 821 4485 Δ.
833 4433 863 4483 R.
951 4433 961 4466 ⁶
979 4435 1050 4482 Cor-r.
1063 4435 1101 4482 de.
