3260 5218
334 476 467 526 nssmn
490 477 564 526 sno
585 475 734 538 ramnr,
757 474 823 524 sn.
849 461 942 538 1219,
965 473 1030 524 aa.
1054 463 1081 524 3.
1219 461 1258 522 21

154 641 279 728 quiade
294 651 369 707 tam
390 642 566 730 longinquo
586 649 731 727 tempore
751 639 815 704 fuit
835 638 982 726 predicta
1001 637 1135 704 ecclesia
1154 637 1264 702 seisita

153 745 190 810 de
205 754 290 810 terra
304 746 367 812 illa
381 755 417 812 et
431 747 519 834 quod
534 746 610 811 lecit
625 745 756 810 domino
770 745 835 810 tale
856 744 1030 810 seminium
1045 753 1098 810 stc.
1114 741 1263 807 nesciunt

153 851 306 916 iuratores
330 851 516 916 discernere
538 851 565 916 si
587 850 630 915 sit
652 850 770 914 laicum
796 849 925 913 feodum
947 847 1085 934 predicti
1106 845 1263 912 Willelmi

153 977 191 1018 an
212 955 316 1020 libera
339 955 518 1020 elemosina
540 954 706 1040 pertinens
732 953 773 1018 ad
797 953 963 1017 ecclesiam
987 951 1174 1037 predictam.
1218 949 1263 1016 Et

153 1059 220 1122 ideo
251 1059 545 1124 considerauerunt
573 1057 742 1123 iusticiarii
770 1057 962 1122 itinerantes
991 1055 1077 1141 quod
1106 1055 1263 1120 iuratores

154 1162 339 1227 recederent
355 1163 426 1228 sine
444 1163 497 1227 die
518 1169 552 1226 et
571 1161 657 1248 quod
676 1169 785 1247 partes
804 1169 911 1226 essent
933 1160 1021 1246 apud
1044 1160 1262 1224 Westmonas·

155 1266 269 1330 terium
285 1266 330 1331 ad
346 1266 547 1331 audiendum
561 1265 608 1330 ibi
622 1266 698 1330 inde
712 1264 869 1330 iudicium
884 1289 989 1332 suum.
1033 1265 1131 1330 Misso
1151 1271 1262 1328 autem

155 1371 210 1437 hoc
223 1373 359 1437 recordo
374 1372 463 1458 apud
474 1370 799 1436 westmonasterium
814 1371 875 1435 sub
890 1370 1004 1456 sigillis
1014 1369 1263 1434 iusticiariorum

155 1477 382 1540 itinerantium
408 1498 467 1562 per
490 1483 680 1562 preceptum
706 1475 829 1540 domini
854 1475 938 1562 regis
967 1475 1001 1538 in
1032 1481 1092 1540 oct.
1120 1473 1152 1539 S.
1176 1472 1262 1539 Trin.

156 1579 360 1665 presentibus
374 1579 523 1664 partibus
542 1579 619 1665 quia
637 1579 794 1642 iuratores
813 1578 927 1643 dicunt
946 1577 1033 1665 quod
1052 1577 1186 1644 ecclesia
1204 1600 1264 1664 per

156 1691 220 1746 tam
233 1704 397 1768 magnum
411 1689 541 1766 tempus
555 1681 665 1745 saisita
676 1681 739 1745 fnit
751 1681 791 1745 de
808 1689 893 1745 terra
904 1681 960 1746 illa
972 1690 1006 1746 et
1016 1682 1166 1746 nesciunt
1177 1681 1204 1745 si
1219 1681 1262 1746 sit

157 1783 253 1848 libera
278 1783 458 1847 elemosina
480 1805 538 1870 per
560 1783 732 1848 seruicium
757 1783 941 1868 predictum
967 1784 1053 1870 quod
1078 1784 1164 1862 lecit,
1187 1806 1261 1848 cum

157 1885 285 1970 quidem
299 1886 412 1971 plures
427 1893 511 1950 terre
527 1885 601 1950 date
616 1885 683 1950 sint
697 1886 732 1950 in
747 1887 954 1951 elemosinam
969 1889 1110 1952 ecclesiis
1125 1909 1262 1974 quarum

159 1989 294 2075 quedam
308 1990 388 2055 date
408 1997 486 2054 sunt
504 1990 540 2054 in
559 1991 694 2055 liberam
713 2012 828 2076 puram
849 1999 883 2055 et
902 2000 1094 2077 perpetuam
1116 1993 1261 2058 elemosi-

158 2115 238 2168 nam,
266 2093 325 2157 ille
355 2093 478 2158 scilicet
507 2116 570 2180 que
598 2094 726 2158 nullum
761 2095 885 2158 faciunt
918 2095 1100 2172 seminium,
1129 2095 1191 2160 alie
1227 2095 1261 2160 in

160 2196 287 2260 liberam
301 2197 511 2261 elemosinam
521 2205 660 2276 tantum,
672 2196 793 2261 scilicet
804 2197 858 2260 ille
875 2219 937 2282 que
952 2197 1076 2261 faciunt
1091 2197 1263 2262 seruicium

160 2299 241 2384 quod
269 2299 313 2364 ad
344 2307 464 2364 terram
499 2300 588 2364 illam
624 2301 776 2386 pertinet,
807 2302 1054 2367 consideratum
1091 2311 1141 2367 est
1177 2303 1264 2388 quod

160 2401 312 2467 Priorissa
335 2404 541 2488 recuperauit
563 2404 714 2468 saisinam
736 2413 883 2469 suamet
907 2405 1091 2471 Willelmus
1112 2406 1147 2470 in
1169 2406 1264 2470 mise·

160 2503 291 2570 ricordia
305 2529 373 2570 non
393 2506 543 2571 obstante
563 2507 698 2571 seruicio
720 2507 807 2593 quod
828 2515 915 2573 terra
936 2507 993 2573 illa
1013 2508 1111 2574 debet
1134 2517 1172 2573 ut
1192 2531 1264 2598 pre-

162 2605 281 2672 dictum
296 2608 372 2674 est'.

112 2763 118 2776 .
221 2711 389 2777 Walterus
414 2711 454 2776 de
480 2710 595 2797 Percy'
619 2712 704 2798 petit
733 2733 846 2777 uersus
875 2713 1069 2799 Magistrum
1098 2713 1266 2800 hospitalis
1367 2737 1384 2767 r·

163 2813 271 2880 Sancti
296 2815 459 2880 Leonardi
483 2815 523 2880 de
553 2816 696 2881 Eboraco
720 2815 745 2903 j.
772 2825 954 2882 carucatam
983 2825 1068 2881 terre
1093 2839 1168 2881 cum
1194 2839 1265 2902 per-

162 2915 308 2983 tinenciis
323 2918 359 2982 in
375 2919 524 2982 Martona
538 2925 576 2982 ut
591 2918 642 2982 ius
656 2940 752 2982 suum
768 2925 829 2983 etc.
844 2925 879 2982 et
898 2927 937 2982 ut
956 2919 1028 2982 illas
1047 2918 1134 2983 unde
1154 2919 1266 3004 Agnes

163 3020 199 3084 de
218 3021 484 3087 Flamnamuilla³
499 3030 603 3087 mater
622 3045 681 3087 sna
698 3023 761 3086 fuit
781 3023 891 3087 saisita
910 3031 949 3087 ut
969 3022 1009 3087 de
1030 3022 1123 3086 feodo
1143 3030 1177 3086 et
1195 3022 1265 3086 iure

163 3132 304 3211 ternpore
319 3125 420 3212 Regis
435 3126 458 3190 J
458 3124 593 3189 ohannis
607 3124 762 3210 capiendo
777 3124 853 3189 inde
868 3133 927 3191 etc.
944 3133 978 3188 et
998 3125 1038 3189 de
1058 3125 1115 3188 illa
1128 3124 1215 3189 unde
1230 3124 1265 3187 in

164 3249 255 3313 quam
278 3227 368 3292 idem
391 3228 547 3314 Magister
565 3250 630 3292 non
649 3227 766 3292 habuit
785 3229 965 3314 ingressum
985 3227 1048 3292 nisi
1065 3249 1124 3313 per
1142 3227 1165 3292 J
1166 3227 1264 3291 ohan-

165 3353 233 3395 nem
255 3333 289 3396 le
316 3331 440 3409 Birkin,
462 3329 623 3417 quondam
649 3331 757 3396 uirum
779 3331 881 3417 ipsius
902 3331 1042 3417 Agnetis
1063 3331 1117 3396 cui
1138 3331 1208 3416 ipsa
1229 3331 1265 3395 in

164 3433 228 3498 uita
241 3458 304 3500 sua
318 3435 533 3500 contradicere
548 3459 613 3500 non
627 3436 735 3522 potuit
756 3443 790 3500 et
810 3435 885 3500 inde
905 3435 1053 3521 producit
1068 3443 1189 3500 sectam
1204 3441 1263 3498 etc.

164 3537 233 3601 etsi
247 3537 311 3601 hoc
325 3560 391 3601 non
405 3537 523 3602 sufficit
538 3539 631 3603 offert
645 3561 764 3625 ponere
779 3561 813 3602 se
828 3561 925 3624 super
938 3537 1086 3602 iuratam.

221 3641 267 3704 Et
294 3641 452 3727 Magister
476 3643 568 3705 uenit
593 3651 627 3706 et
653 3643 797 3707 defendit
823 3643 874 3707 ius
900 3665 995 3707 suum
1019 3651 1053 3706 et
1076 3642 1155 3706 dicit
1179 3640 1265 3727 quod

164 3741 236 3808 alias
256 3745 358 3830 petiit
377 3745 484 3810 uisum
504 3745 545 3810 de
565 3755 651 3811 terra
670 3747 727 3812 illa
745 3755 780 3812 et
799 3747 943 3812 nondum
966 3747 1082 3812 habuit
1102 3746 1210 3810 uisum
1230 3755 1265 3810 et

193 3959 202 3991 ¹
217 3960 274 4011 The
284 3960 438 4011 distinction
449 3962 561 4012 between
573 3977 589 4013 a
600 3961 648 4025 gns
659 3965 687 4013 tn
737 3963 794 4013 hnll
808 3963 837 4013 in
852 3964 921 4014 their
931 3963 1070 4014 Yorlrshire
1084 3977 1143 4026 syre
1154 3961 1184 4012 A.
1194 3962 1224 4014 R.
1239 3964 1262 4012 3.

166 4025 299 4076 liberasset
309 4035 455 4090 perpetuom
464 4029 622 4078 elemosinam
633 4027 686 4078 and
737 4029 763 4077 It
774 4028 797 4078 is
808 4044 824 4078 s
835 4028 944 4078 diffioun
959 4029 1078 4091 question
1090 4027 1205 4077 whether
1220 4027 1263 4076 the

165 4091 233 4152 sgilt
243 4095 274 4141 ia
285 4093 391 4140 liberam
398 4107 491 4154 puram
503 4100 527 4142 et
540 4099 687 4156 perpetuam
736 4092 794 4142 heir
805 4095 833 4144 ol
845 4094 966 4144 husband
982 4094 1034 4143 and
1046 4094 1104 4142 wile
1120 4107 1169 4142 can
1185 4092 1264 4142 claim

166 4157 325 4214 camanum,
341 4156 365 4206 is
381 4157 460 4206 taken
479 4157 512 4220 by
527 4157 649 4217 Bracton,
664 4157 682 4208 f.
736 4157 779 4206 his
789 4159 913 4208 mother’s
924 4157 985 4207 land
994 4157 1095 4218 against
1106 4157 1149 4206 his
1158 4157 1264 4206 lather’s

167 4221 193 4270 27
201 4221 223 4270 b.
737 4223 877 4282 leoffment,
890 4223 930 4271 lor
941 4222 994 4272 this
1008 4223 1142 4271 leoffment
1156 4221 1189 4270 he
1202 4235 1264 4283 may

193 4285 284 4336 ²Writ
302 4287 331 4335 ol
351 4289 428 4350 entry
445 4301 489 4336 sur
506 4289 548 4336 cui
570 4289 600 4336 io
620 4289 686 4336 uita.
737 4289 848 4338 bavato
864 4291 985 4337 narrant.
1020 4289 1084 4336 Cass
1101 4289 1133 4336 60
1148 4285 1264 4349 displays

168 4348 223 4400 This
233 4366 315 4402 seems
333 4355 361 4400 to
378 4351 410 4400 be
426 4350 471 4400 the
486 4365 544 4400 case
557 4351 687 4402 discussed
738 4353 792 4404 this
803 4353 888 4403 action
900 4356 928 4402 st
939 4367 955 4402 a
967 4352 1123 4414 subsequent
1135 4355 1213 4413 stage.

168 4415 192 4463 in
202 4416 242 4464 Br.
259 4417 277 4466 l.
294 4419 344 4466 32¹2
361 4431 391 4466 as
404 4416 502 4479 having
516 4431 588 4466 coma
604 4417 689 4468 before
772 4419 783 4452 ⁸
799 4417 971 4468 Ftanmnilla‘l

168 4478 205 4530 tte
222 4481 321 4545 Bishop
343 4482 373 4531 ol
386 4481 505 4532 Durham
527 4482 580 4532 and
603 4483 688 4534 Putes-
