3308 5226
418 465 649 528 incussum,
672 465 737 516 an.
761 451 855 527 1224,
877 465 940 516 aa
963 454 1057 517 8-9.
1225 453 1288 520 687

187 631 266 706 suus
285 661 343 727 per
362 661 460 726 quem
482 640 593 706 dotem
614 640 700 726 petit
722 639 870 706 uocatur¹
895 640 1063 705 Robertus.
1110 641 1154 705 Et
1176 641 1293 708 Emma

188 767 253 808 non
278 744 387 831 potuit
413 744 474 810 hoc
502 743 649 810 dedicere
675 753 710 810 et
735 745 809 810 ideo
832 745 960 811 Simon¹
985 745 1061 810 inde
1084 745 1153 810 sine
1179 745 1232 812 dio
1258 755 1292 812 et

189 847 307 912 Emma
320 867 444 934 pauper
458 855 493 912 et
506 848 673 934 perquirat
687 848 749 914 sibi
764 871 822 935 per
836 847 926 913 aliud
943 848 1042 914 breue
1057 849 1085 913 si
1099 849 1247 914 uoluerit.
1268 847 1272 936 Ι
1352 852 1407 904 [¹⁸2¹

189 1162 383 1230 PLAOITA
422 1163 547 1230 APUD
587 1161 1051 1228 WESTMONASTERIUM
1091 1162 1152 1226 DE
1192 1163 1295 1228 TER·

276 1269 396 1334 MINO
427 1269 458 1334 S.
489 1267 742 1334 MIOHAELIS
772 1267 904 1332 ANNO
934 1267 1070 1334 REGIS
1099 1267 1294 1334 HENRIOI

277 1373 460 1439 OCTAUO
490 1371 758 1439 INCIPIENTE
789 1371 887 1436 NON
891 1371 948 1438 0⁸.

133 1641 139 1653 .
255 1585 464 1651 ‘Godefridus
479 1585 566 1649 filius
586 1585 722 1649 Roberti
737 1593 772 1649 et
789 1586 887 1650 Iueta
900 1586 968 1650 filia
983 1586 1102 1673 Rogeri
1117 1609 1175 1673 per
1189 1586 1293 1672 ipsam

191 1687 321 1752 Iuetam
337 1687 476 1773 positam
491 1694 551 1752 etc.
566 1693 686 1772 petunt
707 1708 819 1750 uersus
839 1687 1018 1751 Robertum
1034 1687 1176 1752 Pikerun
1191 1675 1293 1753 unum

191 1791 394 1877 mesuagium
410 1813 484 1854 cum
499 1797 581 1876 pert.
596 1789 631 1853 in
646 1789 887 1874 Dunnestaplia
901 1798 939 1854 ut
954 1791 1005 1855 ius
1020 1813 1130 1856 eorum
1146 1791 1194 1856 ita
1208 1792 1294 1878 quod

191 1893 278 1960 idem
305 1894 468 1960 Robertus
493 1893 625 1958 uocauit
650 1891 727 1958 inde
752 1893 794 1958 ad
821 1903 1000 1960 warantum
1030 1893 1163 1960 Petrum
1189 1895 1294 1960 filium

191 1998 215 2062 J
216 1997 336 2074 ordeni,
347 1996 404 2082 qui
415 1995 508 2060 uenit
520 2002 554 2060 et
566 1995 630 2060 fuit
640 1995 725 2060 infra
739 2003 862 2060 etatem
877 2003 911 2060 et
926 1995 1042 2060 habuit
1055 1997 1137 2062 illud
1152 2021 1192 2062 ex
1203 1998 1294 2063 dono.

192 2103 237 2168 Et
258 2101 330 2167 ideo
352 2100 590 2166 consideratum
612 2100 676 2165 fuit
696 2099 782 2186 quod
802 2102 1016 2186 responderet.
1061 2103 1105 2167 Et
1119 2103 1188 2188 ipse
1203 2104 1296 2168 uenit

191 2216 226 2272 et
244 2207 376 2272 uocauit
395 2207 472 2272 inde
491 2205 533 2270 ad
549 2213 729 2270 warantum
752 2204 932 2270 Robertum
954 2205 1058 2270 filiurn
1079 2205 1215 2272 Jordani
1237 2207 1297 2272 filii

192 2309 336 2388 Jordan,
351 2309 408 2396 qui
422 2309 516 2374 uenit
531 2317 565 2373 et
580 2308 644 2372 fuit
658 2307 742 2372 infra
759 2316 882 2372 etatem
897 2316 932 2373 et
946 2309 1043 2394 petiit
1058 2317 1180 2376 etatem
1195 2333 1296 2378 suam.

192 2415 237 2479 Et
252 2415 349 2479 Iueta
363 2436 420 2500 pro
440 2435 474 2478 se
495 2419 529 2477 et
549 2435 607 2498 pro
630 2412 803 2478 Godefrido
826 2420 886 2478 etc.
902 2412 981 2478 dicit
1004 2413 1089 2500 quod
1111 2437 1175 2478 non
1198 2415 1296 2480 debet

191 2525 314 2582 etatem
337 2515 501 2602 expectari
521 2515 598 2600 quia
615 2513 638 2580 J
639 2514 778 2579 ordanus
793 2523 886 2600 pater
900 2537 977 2580 suus
992 2539 1056 2580 non
1072 2517 1153 2582 obiit
1167 2519 1296 2584 saisitus

192 2630 231 2686 ut
245 2622 286 2687 de
302 2621 403 2698 feodo,
411 2621 511 2684 immo
526 2619 608 2684 illud
623 2619 739 2684 habuit
750 2619 785 2682 in
797 2619 931 2684 uadium
946 2641 1049 2706 usque
1064 2621 1105 2686 ad
1120 2623 1297 2688 terminum

191 2751 264 2792 xxx.
289 2747 446 2791 annorum
471 2733 505 2790 et
528 2724 604 2790 inde
624 2725 745 2810 profert
765 2731 888 2788 cartam
908 2724 1053 2789 eiusdem
1074 2725 1210 2791 Jordani
1232 2750 1296 2813 que

192 2831 252 2895 hoc
276 2827 363 2894 idem
386 2835 528 2892 testatur
550 2835 585 2891 et
611 2826 797 2892 continetur
819 2826 854 2890 in
877 2835 967 2891 carta
992 2827 1049 2891 illa
1073 2828 1298 2918 cirographata

192 2931 279 3018 quod
293 2930 419 3018 preter³
433 2930 610 2995 terminum
626 2929 718 2993 illum
734 2927 833 2993 debet
853 2929 950 2994 Iueta
963 2930 1147 3016 acquietare
1162 2932 1296 2996 uadium

191 3059 287 3104 suum
302 3034 439 3101 saltem⁰
453 3042 578 3120 septem
593 3055 724 3100 marcas.
769 3033 813 3097 Et
827 3041 935 3098 custos
956 3034 1091 3098 Roberti
1111 3035 1170 3099 hoc
1189 3043 1296 3100 totum

191 3142 354 3231 cognoscit
380 3147 414 3206 et
435 3139 521 3226 petit
544 3137 629 3225 quod
652 3137 790 3202 reddant
813 3137 961 3202 denarios
984 3137 1055 3202 illos
1079 3146 1113 3202 et
1137 3139 1296 3224 accipiant

192 3255 320 3333 partem
335 3265 428 3310 suam
444 3265 506 3329 que
522 3263 576 3307 eos
590 3239 773 3328 contingit⁷.

136 3407 143 3422 ,
257 3346 426 3412 ⁸Warinus
445 3345 486 3409 de
506 3344 618 3409 Monte
641 3342 771 3409 Canisio
793 3343 879 3428 petit
900 3363 1012 3408 uersus
1032 3343 1233 3410 Willelmum
1255 3344 1296 3412 de
1375 3371 1388 3400 ο

176 3449 420 3516 'Francheuilla
443 3455 575 3512 centum
601 3446 754 3511 solidatas
778 3453 863 3510 terre
887 3445 922 3510 in
944 3447 1159 3535 Wineferling
1181 3457 1221 3514 ut
1245 3450 1296 3515 ius

192 3577 289 3620 suum
303 3561 338 3619 et
353 3561 392 3618 ut
403 3552 475 3617 illas
486 3573 550 3638 que
561 3551 603 3616 ad
615 3571 690 3616 eum
705 3549 826 3615 debent
840 3551 961 3616 reuerti
976 3571 1034 3637 per
1048 3552 1297 3618 conuencionam

193 3659 280 3723 inter
294 3679 348 3722 eos
362 3657 481 3721 factam
502 3655 579 3742 quia
598 3655 685 3720 idem
700 3655 853 3720 Warinus
871 3663 990 3718 terram
1005 3653 1095 3718 illam
1110 3655 1140 3719 oi
1155 3656 1297 3744 assigna

193 3761 245 3826 uit
274 3768 309 3825 et
336 3757 493 3824 concessit
529 3759 703 3824 tenendam
737 3779 904 3844 quousque
933 3757 964 3821 ei
992 3757 1186 3843 assignasset
1218 3760 1298 3826 alibi

225 3908 667 4024 iffliiiisff'aaamma
769 3907 984 4021 maumam?
995 3907 1295 4021 mmmm

225 3989 395 4089 ,qupoaffi
410 4041 477 4089 term
498 4036 641 4086 A=Tcwer
659 4008 719 4088 iton
769 3987 851 4086 debetq
850 3985 1002 4114 contigua
1013 4038 1107 4085 reuerti
1123 4039 1158 4086 od
1174 3989 1296 4100 ipiariameli

194 4101 720 4220 §utcu-‘tununensis
768 4101 1296 4244 sustentatricem

194 4233 441 4348 lat‘erAmemqr‘qneg
509 4299 525 4346 2
770 4247 889 4344 seicpeqpm
909 4245 987 4291 mm,
1005 4237 1108 4344 ‘caecum
1124 4233 1187 4310 Rot.
1205 4233 1296 4347 hoggqt

227 4313 401 4427 *obripui
413 4311 496 4422 aff·
527 4333 534 4347 '
770 4295 1010 4410 issimi.
1061 4309 1222 4397 amasae
1286 4335 1294 4350 ’

228 4429 239 4461 ⁸
255 4431 324 4480 Oorr.
339 4431 444 4488 scilicet,
456 4429 486 4486 Δ,
497 4427 529 4478 Β.
802 4423 813 4456 ⁸
829 4425 858 4476 Δ.
873 4440 908 4474 m.
921 4426 951 4484 5;
969 4425 998 4476 Β.
1014 4439 1048 4476 m.
1064 4425 1087 4474 1.

228 4496 238 4528 ⁷
256 4495 296 4544 On
320 4493 373 4544 this
395 4494 493 4543 follows
515 4493 543 4542 in
566 4493 596 4554 A,
617 4493 656 4543 B:
685 4495 720 4541 Et
