3308 5226
426 477 663 538 moniminas,
685 475 750 526 nn.
773 463 868 539 1224,
889 475 954 528 aa
976 465 1071 530 8-9.
1239 461 1303 531 713

265 646 309 711 Et
324 645 463 712 Brianus
478 645 571 711 uenit
586 652 621 710 et
635 645 715 710 dicit
730 645 816 732 quod
831 653 925 712 tenet
943 653 1064 712 terram
1084 645 1174 711 illam
1194 653 1234 712 ut
1253 645 1305 712 ius

196 773 295 816 suum
310 773 350 816 ex
364 750 449 816 dono
463 747 602 836 predicti
617 749 763 816 Huberti
777 749 835 836 qui
853 749 961 816 adhuc
975 750 1074 816 uiuus
1088 758 1139 815 est
1153 757 1189 815 et
1207 771 1306 816 senus

198 862 233 920 et
247 854 368 922 iturus¹
382 855 423 922 de
444 856 512 921 loco
530 855 567 920 in
587 855 702 930 locum,
718 853 800 919 etsi
823 853 911 920 idem
933 854 1105 920 Hubertus
1126 855 1200 920 uult
1219 853 1307 920 eliis·
1327 923 1328 926 ,

197 955 328 1042 aliquod
356 955 408 1022 iue
436 963 566 1044 peteret
594 977 708 1020 uersus
733 976 810 1020 eum
836 955 906 1041 ipse
931 954 1072 1020 libenter
1099 954 1307 1042 responderet

196 1058 238 1123 de
253 1059 331 1124 iure

263 1163 308 1227 Et
319 1162 502 1228 willelmus
516 1161 595 1228 Brid
609 1163 668 1250 qui
682 1163 827 1250 loquitur
840 1184 898 1250 pro
913 1161 1007 1227 Dom.
1019 1161 1110 1249 Rege
1125 1161 1206 1228 dicit
1221 1162 1307 1250 quod

197 1267 369 1334 Hubertus
382 1269 491 1334 tenuit
506 1276 627 1334 terram
642 1267 733 1333 illam
747 1267 845 1333 simul
865 1289 940 1333 cum
955 1266 1028 1332 aliis
1042 1266 1137 1333 terris
1151 1266 1192 1332 de
1213 1267 1308 1334 Dom.

197 1375 288 1462 Rege
302 1373 338 1438 in
352 1373 468 1460 capite,
483 1380 518 1439 et
537 1372 617 1459 quia
636 1371 725 1438 idem
745 1372 917 1437 Hubertus
936 1379 987 1437 est
1007 1372 1170 1458 impotens
1188 1372 1241 1438 sui
1259 1372 1309 1438 ita

197 1477 284 1565 qnod
298 1477 408 1542 amisit
422 1476 611 1542 memoriam
626 1497 720 1540 suam
734 1475 902 1562 prohibuit
916 1475 1010 1540 Dom.
1024 1475 1095 1539 Rex
1110 1497 1168 1560 per
1182 1475 1308 1542 litterae

197 1603 272 1647 suas
285 1579 470 1646 uiceccmiti
485 1579 709 1666 Notingeham
725 1575 812 1664 quod
825 1599 891 1641 non
904 1576 1111 1663 permitteret
1122 1577 1209 1663 quod
1219 1577 1306 1643 idem

199 1685 370 1750 Hubertus
384 1684 477 1750 daret
488 1684 542 1748 uel
554 1682 713 1748 uenderet
723 1681 778 1746 uel
792 1681 857 1746 alio
870 1679 966 1746 modo
981 1680 1139 1746 alienaret
1152 1682 1308 1768 quicquid

198 1787 239 1854 de
254 1787 348 1852 terris
362 1786 429 1852 suis
443 1793 479 1852 ct
493 1785 553 1851 hoc
568 1784 700 1851 clamari
715 1785 836 1850 laceret
849 1805 908 1870 per
922 1791 1026 1848 totam
1040 1783 1195 1850 balliuam
1216 1807 1307 1850 suam

198 1891 285 1978 quod
298 1891 409 1956 nullus
423 1889 464 1955 de
479 1889 575 1956 terris
589 1889 657 1955 suis
671 1897 796 1955 emeret
815 1887 858 1954 od
878 1887 1166 1954 exheredationem
1181 1888 1309 1954 heredis

198 1993 258 2073 sui,
273 2001 308 2058 et
322 1993 456 2058 interim
470 1992 642 2058 mandauit
656 1993 752 2058 Dom.
767 1991 839 2056 Rex
860 1990 1046 2056 uicecomiti
1060 1991 1147 2078 quod
1161 1991 1310 2058 mitteret

198 2105 338 2183 quatuor
356 2097 478 2162 milites
497 2095 539 2162 ed
559 2095 700 2162 eundem
720 2095 910 2161 Hubertum
932 2095 974 2161 ad
996 2094 1175 2160 uidendum
1197 2104 1309 2161 utrum

198 2201 268 2288 ipse
289 2223 367 2266 sane
388 2200 509 2266 mentis
531 2209 618 2266 esset
639 2208 674 2266 et
695 2199 746 2266 sui
768 2222 899 2286 compos
921 2207 956 2264 et
978 2199 1154 2264 ueritatem
1179 2199 1227 2264 rei
1251 2221 1311 2286 per

199 2301 328 2368 eosdem
343 2302 467 2368 milites
481 2303 562 2368 scire
583 2303 704 2368 feceret
724 2303 818 2368 Dom.
833 2302 918 2390 Regi
932 2301 968 2366 in
983 2302 1055 2368 Oct.
1072 2303 1103 2368 S.
1120 2302 1205 2367 'Prin
1221 2302 1309 2389 apud

199 2406 466 2472 Norhamtonem.
526 2405 571 2470 Et
596 2405 684 2471 idem
707 2405 892 2471 Willelmus
917 2405 1040 2491 profert
1065 2404 1193 2470 litteras
1214 2405 1308 2472 Dom.

198 2510 298 2597 Regis
321 2533 385 2597 que
410 2510 471 2576 hoc
495 2510 582 2576 idem
607 2518 780 2588 testentur,
806 2509 894 2575 unde
920 2509 1001 2574 dicit
1028 2507 1114 2596 quod
1136 2515 1308 2596 postquam

118 2651 120 2660 ν
198 2615 307 2681 littere
322 2615 378 2680 ille
393 2621 556 2680 uenerunt
570 2615 611 2680 ad
626 2614 852 2680 uicecomitem
873 2621 908 2679 et
931 2621 1104 2700 postquem
1124 2612 1246 2678 milites
1266 2613 1309 2680 ed

198 2741 274 2784 enm
297 2719 388 2784 missi
412 2720 546 2784 filerunt
565 2719 674 2806 posuit
689 2741 723 2784 se
746 2719 834 2784 idem
858 2719 998 2784 Brianns
1021 2719 1056 2783 in
1076 2727 1195 2784 terram
1219 2719 1309 2784 illam

198 2830 233 2887 et
268 2844 366 2909 super
396 2820 632 2887 defensionem⁸
660 2822 755 2888 Dom.
785 2821 886 2909 Regis
914 2821 1037 2908 pluries
1067 2821 1099 2887 ei
1129 2821 1248 2885 factam
1274 2829 1309 2886 et

198 2933 370 3012 postquem
393 2925 481 2990 idem
506 2925 677 2991 Hubertus
700 2947 765 2990 non
785 2925 849 2990 fuit
869 2947 946 2990 sane
967 2924 1088 2990 mentis
1107 2945 1167 2988 nec
1181 2945 1310 3010 compos

198 3027 272 3093 sui⁴.

142 3177 149 3192 .
262 3131 432 3198 lYsobella
455 3153 519 3218 que
538 3131 603 3196 fuit
622 3154 703 3198 uxor
722 3131 874 3197 Nicholai
893 3131 934 3198 de
955 3131 1082 3218 Kinilly
1096 3131 1182 3218 petit
1196 3153 1310 3198 uersus
1382 3141 1397 3170 ‘¹

198 3235 331 3300 tratrem
366 3235 532 3322 Rogerum
566 3235 762 3323 Magistrum
796 3236 923 3302 Domus
955 3235 1020 3301 Dei
1048 3235 1090 3301 de
1119 3236 1309 3304 Portesmue

198 3338 333 3404 terciam
353 3345 481 3424 partem
500 3337 526 3424 j.
545 3338 682 3426 mesagii
695 3361 770 3404 cum
785 3347 866 3425 pert.
882 3339 917 3404 in
932 3339 1103 3405 Wintonia
1116 3346 1152 3404 et
1173 3339 1308 3405 terciam

199 3449 325 3526 partem
344 3441 369 3527 j.
384 3441 521 3528 mesagii
540 3464 625 3506 cnm.
641 3450 722 3528 pert.
738 3443 773 3507 in
795 3443 985 3508 Portesmue
1007 3443 1043 3508 in
1064 3465 1144 3508 com.
1162 3443 1256 3508 Suth
1273 3451 1309 3508 et

199 3545 332 3612 terciam
358 3553 485 3632 partem
508 3545 532 3632 j.
555 3546 638 3633 uirg.
662 3553 748 3612 terre
770 3569 844 3613 oum
870 3555 951 3634 pert.
977 3547 1013 3612 in
1038 3546 1249 3614 Bradeiordia
1273 3548 1309 3613 in

199 3671 277 3714 com.
294 3649 385 3715 Wilt.
401 3657 441 3714 ut
455 3649 566 3714 dotem
580 3673 673 3716 suam
688 3660 748 3716 etc

245 3754 309 3818 'Et
338 3753 495 3840 Magister
523 3754 617 3819 uenit
645 3763 680 3820 et
705 3755 786 3820 dicit
812 3754 898 3841 quod
923 3753 995 3841 ipsa
1018 3777 1084 3819 non
1108 3754 1208 3820 debat
1233 3755 1308 3820 inde

198 3856 308 3922 dotem
323 3855 442 3922 habere
457 3856 536 3942 qnia
549 3857 584 3921 in
603 3857 701 3943 plena
720 3858 861 3923 sanitate
883 3857 1029 3922 eiusdem
1053 3857 1206 3923 Nicholai
1225 3857 1308 3922 cele·

198 3961 329 4026 bratum
344 3959 409 4024 luit
429 3959 610 4024 diuorcium
630 3959 718 4025 inter
736 3960 844 4047 ipsum
861 3960 1057 4026 Nicholanm
1072 3968 1107 4026 et
1121 3960 1307 4026 Ysobellam

199 4085 304 4128 coram
320 4062 414 4127 Dom.
431 4061 669 4127 Sarrisbiriensi
685 4062 851 4149 Episcopo,
864 4063 914 4128 ita
928 4063 1014 4149 quod
1033 4063 1069 4128 in
1089 4063 1145 4128 illc
1165 4061 1308 4129 diuorcio

199 4167 291 4233 dedit
310 4167 379 4254 ipse
400 4165 431 4232 ei
451 4166 581 4232 nomine
596 4166 682 4233 dotis
695 4167 781 4253 iiij¹¹.
796 4189 919 4234 marcas
934 4167 1021 4233 unde
1036 4167 1149 4234 statim
1164 4167 1308 4236 reddidit

315 4368 414 4418 ¹Corr.
426 4367 558 4424 itinerum,
570 4367 600 4416 A.
925 4367 1054 4419 ‘SeaBr.
1067 4369 1085 4418 1.
1099 4369 1163 4423 111).

315 4433 326 4464 ²
342 4434 414 4484 0οη.
426 4433 467 4482 uel
475 4433 542 4481 aliua
554 4433 668 4483 notauit
680 4435 748 4494 aliie,
763 4431 793 4482 Δ.
926 4432 936 4465 ⁶
952 4435 983 4484 Α.
993 4447 1028 4484 m.
1042 4436 1074 4485 18
1080 4433 1106 4485 (1.

315 4498 326 4532 ³
343 4499 469 4562 Defensio,
483 4496 650 4560 prohibition.
