3260 5218
451 467 607 530 rursum,
628 468 692 518 nn.
717 456 809 530 1218,
833 467 895 518 sn.
920 457 947 518 2.
1234 457 1252 518 5

147 657 248 701 omnes
283 645 393 702 terras
429 637 503 702 illas
540 638 672 702 extendi
709 645 743 702 et
772 637 950 724 appreciari
984 637 1081 728 faciat
1116 647 1185 702 tam
1219 639 1253 702 in

146 739 306 804 dominicis
332 763 437 825 quam
464 741 500 805 in
523 742 667 806 seruiciis
691 741 873 806 redditibus
899 741 1075 828 vilcnagiis,
1100 742 1134 806 in
1161 743 1254 807 bosco

145 853 175 908 et
195 845 290 929 plano
312 854 350 909 et
374 845 411 909 in
434 847 585 910 omnibus
607 847 703 910 rebus
725 845 766 910 ad
788 854 891 910 terres
912 845 985 910 illes
1007 846 1255 931 pertinentibus

145 955 176 1010 et
195 947 341 1031 precium
362 948 511 1012 omnium
527 957 685 1012 terrarum
700 948 828 1011 illerum
844 947 889 1012 sio
903 948 1160 1033 apprecietarum
1176 949 1255 1012 scire

144 1049 234 1112 faciat
265 1059 328 1114 etc.
362 1050 537 1115 euidenter
565 1059 599 1114 et
629 1050 782 1114 distincte
811 1071 869 1134 per
901 1049 1011 1114 literas
1040 1059 1100 1115 etc.
1130 1059 1164 1116 et
1198 1074 1257 1136 per

144 1159 277 1236 quatuor
306 1153 468 1217 discretos
497 1153 643 1217 homines
680 1177 720 1218 ex
750 1153 815 1217 illis
844 1153 902 1239 qui
939 1155 1172 1239 appreciacioni
1207 1157 1256 1220 illi

143 1255 362 1320 interfuerunt
404 1266 465 1322 etc.
509 1266 544 1322 et
582 1257 669 1322 idem
708 1259 809 1322 breue
850 1258 927 1322 fiet¹
969 1259 1010 1322 ad
1050 1259 1256 1325 uicecomites

144 1359 332 1425 Herefordie
373 1370 409 1425 et
443 1360 677 1448 Kontebrigie²
709 1369 744 1425 et
777 1361 819 1426 ad
853 1361 939 1426 diem
972 1362 1066 1426 illum
1095 1373 1256 1429 uenerunt

144 1463 346 1527 extensiones
371 1473 406 1528 et
429 1463 563 1527 liberate
586 1473 662 1527 sunt
686 1463 853 1548 Stephano
876 1464 916 1528 de
938 1464 1104 1550 Segreue³.
1149 1467 1256 1531 Datus

144 1574 188 1630 cst
204 1566 250 1630 cis
265 1567 338 1632 dies
354 1591 377 1632 a
391 1569 444 1632 die
460 1569 491 1633 S.
508 1568 604 1632 Mioh.
620 1568 655 1631 in
670 1591 773 1632 unum
788 1589 933 1632 mensem
949 1577 983 1632 et
998 1569 1129 1633 interim

205 1669 319 1734 assisa
349 1669 445 1734 uenit
474 1670 677 1757 recognitum
702 1669 775 1756 quis
798 1670 974 1734 aduocatus
999 1679 1144 1756 tempore
1168 1671 1256 1758 pacis
1270 1692 1383 1733 eunome

145 1776 346 1858 presentauit
366 1775 518 1839 nltimam
538 1797 787 1860 personamque
808 1783 938 1839 mortua
957 1783 1007 1839 est
1026 1776 1068 1840 ed
1088 1776 1255 1841 ecclesiam

146 1877 182 1940 de
216 1878 297 1962 Cyle
335 1903 400 1965 que
437 1888 532 1944 uacet
573 1889 633 1944 etc.
667 1880 759 1943 cuius
792 1879 1038 1944 aduocacionem
1072 1879 1256 1944 Willelmus

147 1979 280 2046 Briwere
304 1983 428 2047 clamat
450 2005 562 2047 uersus
584 1983 726 2047 Priorem
751 1983 782 2046 S.
802 1982 954 2046 Nicholai
973 1983 1012 2048 de
1035 1984 1166 2048 Exonia
1212 1986 1255 2049 Et
1270 1993 1326 2032 ΝΜ*
1334 1993 1361 2032 ‘¹⁸
1369 1995 1402 2033 ‘12-

148 2084 233 2148 Prior
251 2109 319 2148 non
340 2087 435 2150 uenit
455 2095 514 2151 etc.
534 2096 567 2151 et
588 2087 707 2151 fecerat
727 2086 882 2151 defaltam
903 2110 923 2151 a
944 2087 996 2151 die
1017 2088 1139 2153 Pasche
1155 2089 1189 2152 in
1206 2107 1255 2152 xv
1265 2040 1415 2180 ffllffi?

149 2188 229 2266 dies3
255 2199 289 2254 et
310 2191 564 2255 resummonitus
580 2191 643 2255 fuit
659 2191 745 2276 quod
765 2200 849 2256 esset
869 2191 903 2254 in
919 2199 978 2256 oct.
996 2192 1028 2256 S.
1044 2191 1129 2257 Trin.
1145 2199 1205 2257 eto.
1221 2202 1255 2257 et
1269 2179 1408 2274 lllffl'ffl

148 2295 221 2353 tunc
249 2313 284 2354 se
317 2291 494 2356 essoniauit
520 2293 610 2356 Prior
635 2301 669 2356 et
695 2293 811 2357 hebuit
836 2293 922 2358 diem
946 2316 1005 2378 per
1028 2294 1255 2360 essoniatorem
1269 2273 1360 2312 “ww

147 2413 237 2454 suum
262 2415 283 2456 a
312 2393 365 2458 die
393 2394 424 2458 S.
447 2394 521 2458 Joh.
544 2395 578 2458 in
605 2403 670 2459 tres
697 2396 896 2480 septimanos
918 2405 952 2461 et
975 2405 1054 2462 tunc
1076 2421 1141 2462 non
1163 2399 1255 2463 uenit

147 2501 204 2558 etc.
247 2495 311 2559 Set
337 2495 450 2560 Abbas
475 2497 516 2560 de
543 2498 634 2562 Bello
661 2499 754 2562 uenit
778 2507 812 2563 et
836 2499 916 2563 dicit
942 2500 1028 2585 quod
1052 2500 1139 2566 idem
1166 2501 1257 2566 Prior

148 2619 208 2660 non
236 2607 348 2684 potest
377 2599 453 2664 inde
483 2600 637 2684 placitare
668 2602 745 2687 quia
772 2603 842 2688 ipse
869 2613 977 2689 potest
1003 2628 1078 2670 eum
1105 2629 1254 2673 amouere

148 2704 271 2786 quando
300 2703 332 2768 ei
357 2704 525 2789 placuerit,
549 2713 583 2769 et
609 2727 674 2769 non
699 2715 808 2792 potest
834 2708 984 2773 ecclesias
1009 2711 1150 2775 conferre
1179 2735 1253 2776 cum

149 2807 338 2872 uocauerint
353 2807 422 2872 sine
438 2831 486 2884 ee,
500 2817 550 2872 set
565 2809 645 2873 dicit
660 2810 746 2895 quod
760 2811 829 2896 ipse
845 2819 895 2876 est
910 2812 1001 2876 Prior
1014 2821 1048 2876 et
1063 2813 1147 2878 sicut
1165 2815 1255 2880 Prior

149 2908 285 2975 intrauit
301 2911 336 2974 iu
351 2934 548 2996 responsum,
563 2921 613 2976 set
628 2913 762 2997 ponitur
775 2913 810 2977 in
829 2923 1012 3000 respectum
1027 2939 1129 3002 usque
1144 2917 1178 2980 in
1193 2927 1254 2984 oct.

151 3012 179 3077 S.
202 3014 300 3080 Mich.
324 3037 419 3100 prece
442 3016 587 3100 parcium
612 3025 646 3080 et
672 3039 730 3101 pro
756 3017 884 3082 defectu
911 3020 1147 3106 recognitorum
1177 3023 1255 3108 quia

150 3125 275 3182 tantum
299 3119 363 3182 duo
385 3127 547 3183 uenerunt
570 3128 629 3184 etc.
646 3127 680 3184 et
702 3119 735 3182 ix
753 3142 788 3184 se
809 3121 1052 3186 ossoniauerunt
1073 3131 1130 3188 etc.
1148 3124 1253 3188 etalii

150 3231 308 3302 ponantur
333 3243 392 3305 per
417 3221 565 3286 meliores
587 3221 710 3308 plegios
731 3231 766 3286 et
788 3223 886 3308 primi
905 3233 964 3288 etc.
981 3233 1015 3289 et
1036 3225 1103 3290 loco
1118 3227 1253 3292 Roberti

150 3319 186 3384 de
206 3322 374 3386 Norfolcia
400 3323 531 3387 Osberti
553 3323 594 3387 de
618 3323 781 3388 Bathonia
806 3333 865 3388 etc.
891 3325 948 3410 qui
973 3335 1167 3391 amouentur
1192 3339 1252 3394 etc.

150 3435 242 3508 ponat
259 3425 439 3490 uicecomes
454 3435 514 3491 etc.

208 3531 252 3595 Et
282 3529 326 3594 ad
355 3530 441 3594 diem
470 3531 563 3595 illum
593 3531 680 3596 dicat
709 3533 809 3597 abbas
835 3542 948 3598 contra
972 3534 1103 3599 assisam
1130 3535 1158 3600 si
1183 3538 1252 3601 uol-

152 3634 237 3698 uerit.

93 3781 98 3790 .
208 3736 321 3800 Assisa
346 3736 439 3800 uenit
464 3737 669 3824 recognitum
694 3739 766 3824 quis
789 3739 966 3806 aduocatos
992 3751 1138 3829 tempore
1164 3744 1252 3830 pacis
1266 3771 1347 3812 oenoe

152 3834 346 3918 presentauit
368 3835 519 3900 ultimam
541 3859 708 3922 personam
730 3861 792 3924 que
814 3847 943 3904 mortua
963 3849 1012 3905 est
1028 3841 1069 3906 ed
1085 3843 1251 3908 ecclesiam

178 4017 186 4050 ¹
202 4017 318 4080 Perhaps
330 4019 460 4068 corrected
471 4018 528 4068 into
539 4019 592 4068 this
604 4021 670 4071 lrom
720 4026 896 4084 presentment
908 4023 967 4074 that
982 4039 1017 4074 au
1028 4025 1114 4074 essoin
1126 4025 1173 4075 lies
1185 4027 1251 4077 oster

150 4086 262 4133 eteoclem
273 4086 445 4147 breuiasrant.
720 4103 736 4136 a
758 4103 928 4137 resummons.
962 4091 1035 4139 After
1053 4090 1098 4140 tho
1119 4091 1203 4140 essoin
1226 4092 1249 4141 is

178 4149 280 4198 ’From
302 4149 366 4197 here
388 4149 507 4198 onwards
532 4150 616 4200 would
638 4151 670 4200 be
721 4156 777 4201 cast
793 4153 837 4202 the
853 4153 938 4202 Abbot
957 4155 986 4203 of
1001 4156 1087 4204 Battle
1103 4155 1249 4206 intervenos

151 4213 281 4276 postscript
292 4229 328 4262 on
340 4213 386 4263 the
398 4214 455 4263 roll.
656 4242 658 4247 .
721 4233 751 4266 as
772 4217 843 4266 third
869 4223 953 4282 party,
977 4223 1047 4268 creuit
1069 4237 1086 4269 a
1111 4222 1193 4282 latere,
1219 4238 1249 4271 as

178 4279 353 4328 ³Oneofthe
364 4279 479 4340 jocticos.
722 4283 835 4331 Bronton
863 4299 930 4345 says.
976 4285 1030 4333 The
1057 4285 1144 4348 priory
1166 4288 1195 4334 01⁴
1221 4288 1247 4336 S.

178 4345 315 4393 ⁴Bracton
336 4343 365 4410 (f.
383 4343 442 4407 239)
462 4344 525 4392 cites
543 4345 596 4393 this
615 4361 672 4394 case
722 4347 846 4397 Nicholas
861 4349 955 4397 Exeter
966 4363 1017 4398 wne
1029 4366 1044 4398 a
1056 4351 1102 4399 cell
1120 4351 1148 4400 of
1163 4352 1249 4402 Bottle

151 4423 175 4456 rs
191 4409 253 4458 from
271 4409 345 4458 Trin.
364 4408 436 4458 lull.
453 4411 477 4457 2.
512 4409 536 4458 It
556 4425 672 4460 sclerum
723 4413 817 4475 Abbey.
852 4413 1014 4465 Monostiii.
1030 4417 1085 4466 375.

151 4475 293 4537 pecunarity
314 4475 345 4524 of
363 4473 408 4522 thc
427 4473 506 4523 assise
525 4476 553 4523 of
570 4475 672 4524 durrcin
