3276 5234
341 438 404 504 224
514 438 655 524 [Hilory
678 439 744 504 ond
765 439 889 516 Ecstor,
912 455 976 504 11).
1002 443 1095 518 1228,
1118 457 1181 506 111.
1207 439 1269 527 12]

405 621 527 687 Eodem
557 620 656 686 assisa
685 623 777 686 uenit
806 623 1012 708 recognitum
1034 624 1062 690 si
1088 623 1174 690 idem
1206 625 1386 714 Episcopus
1411 636 1446 692 et

339 747 451 790 omnes
470 725 527 790 ciii
549 733 658 811 preter
672 725 837 790 Abbetem
860 726 981 791 iniuste
1001 736 1061 793 etc.
1082 727 1328 795 disseisiuerunt
1347 731 1445 817 Regi-

338 827 471 892 naldum
487 827 528 892 de
543 829 645 892 Kenc‘
661 827 701 892 de
718 827 818 892 libero
834 836 1021 895 tenemento
1035 853 1094 896 suo
1109 831 1144 896 in
1159 831 1266 898 Perua
1286 835 1445 900 Burstede

337 940 410 1016 post
424 932 484 996 ult*
499 940 558 998 etc.

403 1036 447 1100 Et
463 1037 640 1122 Episcopus
660 1036 754 1100 uenit
773 1044 808 1100 et
827 1037 994 1122 respondit
1014 1037 1243 1105 eodemmodo
1263 1063 1327 1126 quo
1346 1042 1445 1128 prius,

337 1147 372 1203 et
397 1139 585 1227 dicitquod
606 1163 671 1205 non
694 1140 793 1205 habeo
815 1140 996 1227 ingressum
1018 1142 1053 1206 in
1077 1143 1214 1208 eundem
1241 1153 1361 1209 terram
1382 1146 1445 1210 uisi

336 1264 395 1328 per
423 1243 641 1330 Reginsldum
671 1243 873 1308 auunculum
902 1266 998 1308 suum
1026 1245 1083 1330 qui
1118 1267 1183 1310 non
1220 1246 1339 1312 habuit
1372 1270 1443 1312 eam

336 1346 399 1410 nisi
417 1369 491 1411 oum
511 1346 658 1432 predicte
678 1346 795 1410 Emms.
813 1347 992 1411 secundum
1012 1347 1099 1433 quod
1117 1349 1299 1434 predictum
1306 1349 1323 1416 ¹.
1369 1351 1444 1416 Fiat

336 1450 443 1514 iurato
456 1450 541 1514 sicut
555 1449 646 1535 prius
661 1456 695 1513 et
711 1449 823 1514 ueniat
838 1450 879 1514 sd
894 1449 1077 1535 predictum
1092 1451 1179 1516 diem
1186 1452 1204 1516 ¹.

401 1553 513 1617 Assiss.
537 1552 631 1616 uenit
652 1551 858 1639 recognitum
879 1552 907 1616 si
930 1552 1102 1640 Philippus
1127 1555 1215 1620 filius
1240 1557 1320 1642 Elye
1345 1558 1444 1622 sister

336 1656 496 1744 Margerie
511 1658 575 1721 fuit
589 1657 718 1722 scisitus
733 1657 768 1720 in
787 1656 948 1722 dominico
969 1680 1027 1722 suo
1047 1666 1106 1723 ebe.
1129 1657 1170 1723 de
1193 1682 1258 1724 uno
1278 1661 1443 1748 mesimgio

335 1767 370 1826 et
398 1747 454 1825 sex
480 1761 561 1826 acris
585 1768 669 1825 terre
693 1783 767 1825 cum
790 1769 871 1847 pert.
896 1761 930 1825 in
957 1761 1076 1849 Wylig'
1100 1762 1153 1828 die
1177 1787 1242 1849 quo
1267 1765 1332 1830 iter
1357 1765 1442 1841 πο),

335 1863 422 1950 quod
457 1863 662 1950 mesuagium
691 1863 838 1950 Rogems
875 1864 905 1928 le
935 1864 1119 1950 Despenser
1155 1873 1248 1930 tenet
1280 1875 1315 1932 et
1344 1889 1442 1952 quom

335 1975 455 2032 terrem
484 1967 653 2054 Wygenus
682 1966 723 2031 de
761 1967 854 2032 Mare
890 1976 991 2034 tenet.
1036 1969 1080 2032 Et
1109 1969 1257 2055 Rogerus
1286 1970 1380 2035 uenit
1408 1979 1443 2035 et

335 2078 431 2135 uocet
456 2069 532 2134 inde
561 2069 604 2134 od
633 2078 814 2134 warantum
843 2071 1026 2156 predictum
1052 2071 1238 2158 Wygonum
1267 2073 1325 2158 qui
1349 2073 1443 2137 uenit

335 2181 370 2237 et
399 2172 595 2250 warocum,
625 2182 660 2238 et
695 2174 776 2238 ulios
804 2174 884 2239 dicit
921 2174 1009 2260 quod
1043 2175 1144 2239 nichil
1181 2175 1257 2240 iude
1286 2177 1443 2241 clamauit
1533 2245 1538 2254 ,

335 2276 398 2341 nisi
421 2277 605 2342 terminum
651 2277 729 2342 Post
751 2278 844 2343 uenit
866 2277 1034 2364 Wygonus
1060 2287 1095 2342 et
1120 2278 1228 2344 reddit
1254 2287 1383 2357 terram,
1406 2289 1442 2344 eb

336 2382 455 2446 habeut
470 2381 620 2446 seisinsm
636 2404 736 2447 susm.

278 2531 284 2544 .
401 2483 583 2548 Randulfus
598 2483 715 2550 Comes
736 2485 860 2551 cestrie
879 2493 915 2550 et
936 2485 1102 2550 Lincoluie
1125 2485 1211 2572 perir
1231 2507 1345 2550 uersus
1360 2485 1440 2551 Wil-

336 2586 470 2650 lelmum
499 2585 643 2650 Priorem
672 2585 713 2651 de
744 2585 866 2651 Pratis⁴
895 2609 923 2651 v.
954 2585 1047 2651 hidss
1076 2594 1161 2651 terre
1191 2609 1265 2652 cum
1294 2596 1375 2673 pert.
1405 2589 1440 2652 iu

336 2687 548 2773 Stiuingtona
574 2695 613 2752 ut
634 2687 686 2752 ius
707 2711 803 2752 suum
830 2697 890 2754 eto.
915 2689 1001 2755 unde
1029 2689 1145 2756 Comes
1173 2691 1334 2756 Romulius
1359 2714 1441 2757 suus

335 2789 429 2855 suus‘
444 2789 507 2854 fuis
530 2790 659 2855 seisitus
680 2790 715 2855 in
736 2791 896 2857 dominico
918 2815 977 2857 suo
996 2801 1056 2858 eto.
1076 2802 1115 2858 ut
1136 2793 1177 2858 de
1200 2794 1292 2858 feodo
1314 2802 1349 2859 et
1371 2795 1441 2860 iuro

335 2903 480 2980 tempore
503 2895 544 2959 R
568 2895 669 2982 Regis
694 2895 749 2960 eui
773 2897 866 2962 Dom.
890 2897 998 2984 Regis,
1020 2897 1177 2984 capiendo
1206 2899 1282 2964 inde
1308 2901 1441 2986 expleta

303 2990 306 2999 ’
334 3000 375 3064 sd
412 2999 593 3064 ualenciem
623 3023 674 3064 xx.
707 3001 761 3065 sol.
792 3010 827 3066 et
857 3001 898 3067 de
929 3001 1074 3088 predicto
1104 3003 1245 3067 Ranulfo
1274 3003 1441 3070 descendit

334 3102 386 3166 ius
407 3110 492 3166 serre
514 3101 602 3166 illius
628 3102 763 3187 Hugoni
784 3103 851 3168 filio
876 3126 935 3168 suo
952 3112 987 3168 et
1009 3103 1148 3181 heredi⁸‚
1171 3113 1206 3170 et
1231 3105 1272 3170 de
1290 3107 1441 3192 'predicto

335 3207 476 3294 Hugone
502 3205 558 3270 isti
581 3206 723 3270 Rsuulfo
746 3214 786 3271 ut
807 3207 875 3271 filio
898 3208 1068 3273 etheredi
1092 3231 1160 3285 suo,
1183 3218 1217 3275 et
1243 3211 1331 3275 unde
1353 3211 1439 3277 idem

334 3309 495 3373 Reuulfus
524 3307 605 3373 dicit
634 3308 721 3394 quod
750 3317 895 3396 tempore
925 3333 989 3396 quo
1019 3311 1119 3398 Hugo
1147 3319 1242 3398 peter
1269 3335 1348 3378 suus
1377 3315 1441 3380 iuis

333 3412 418 3477 infre
442 3420 565 3478 etatem
590 3420 624 3477 et
645 3413 681 3477 iu
703 3413 850 3478 custodis
870 3415 971 3502 Regis
993 3416 1128 3480 Henriei
1153 3439 1228 3482 cum
1254 3419 1348 3482 terris
1374 3421 1440 3486 suis

333 3515 420 3580 unde
443 3516 604 3580 Renulfus
625 3523 720 3602 peter
740 3539 818 3582 suus
840 3517 904 3582 fuit
926 3517 1071 3583 seisitus'
1096 3519 1137 3583 de
1163 3527 1251 3584 rem
1273 3521 1330 3586 illa
1354 3523 1439 3589 sicut

333 3618 375 3682 de
396 3617 477 3695 aliis,
499 3626 534 3682 et
556 3617 643 3704 quod
664 3618 713 3682 ita
734 3619 786 3697 sit,
812 3619 907 3684 offert
930 3621 1024 3686 Dom.
1051 3621 1137 3708 Regi
1159 3645 1211 3688 xx.
1235 3645 1358 3688 morsos
1382 3647 1439 3710 pro

333 3720 483 3785 habenda
518 3720 594 3785 inde
623 3721 833 3807 inquisicione
863 3731 898 3786 et
934 3723 962 3787 si
999 3723 1059 3788 hoo
1088 3745 1153 3788 uon
1189 3725 1309 3791 sufficit
1344 3728 1439 3792 offert

332 3825 544 3892 disracionsre
559 3846 618 3910 per
632 3846 746 3910 corpus
759 3824 928 3890 cuiusdam
944 3825 1038 3891 liberi
1052 3826 1192 3892 hominis
1206 3827 1266 3892 sui.

343 3983 345 3990 Ι
365 4011 374 4043 ¹
392 4009 492 4074 Supply
500 4016 543 4061 est.
910 4012 943 4062 58
955 4011 981 4060 b.

364 4075 376 4108 ⁹
392 4075 447 4125 The
454 4074 550 4124 verdict
557 4073 754 4138 sudiudgmsnt
763 4089 858 4139 appear
941 4077 952 4108 ⁵
969 4077 1017 4126 Ob.
1030 4076 1103 4126 1153.

332 4141 419 4193 above.
941 4141 952 4174 ⁶
969 4141 1018 4191 Ob.
1032 4143 1107 4191 1181.

366 4206 443 4255 ⁸itrr
460 4207 674 4269 perecrinarionis
697 4207 809 4268 arripuit
829 4208 859 4256 in
941 4205 1069 4270 'Supply
1081 4209 1189 4270 fremet
1204 4209 1318 4270 predicte
1335 4225 1359 4260 v.
1378 4213 1436 4262 hide

809 4335 858 4386 s..
908 4273 1436 4338 s

331 4371 444 4450 Monuit.
455 4349 506 4451 iiii
520 4401 544 4461 6,
558 4414 584 4462 p.
593 4401 664 4451 1099.
696 4399 761 4449 This
768 4370 857 4450 iecord
907 4352 990 4450 sior-d
998 4353 1136 4464 carilessly
1142 4401 1253 4452 omitted
1261 4418 1305 4453 ere
1313 4358 1437 4468 iuppmii

331 4467 383 4516 will
401 4465 431 4514 be
449 4464 530 4515 found
548 4465 625 4526 sgsin
644 4465 737 4524 below;
762 4465 816 4516 MS.
839 4465 857 4516 1.
909 4466 976 4515 from
988 4467 1042 4516 MS.
1055 4467 1074 4514 f.
1087 4470 1118 4517 58
1131 4467 1155 4516 b.
