3260 5218
373 438 418 500 88
563 443 694 496 ιιιιιιιι
716 447 789 496 run
811 448 949 512 unsrun,
972 448 1034 499 ιι).
1060 436 1153 513 1220,
1175 450 1237 502 ns
1261 441 1288 502 ι.

373 639 433 692 suo
453 644 511 710 per
530 645 579 690 xic
601 637 701 688 annos
721 631 755 689 et
777 637 943 710 nunquam
966 623 1194 692 dirracionauit
1216 649 1290 692 eum
1310 636 1349 693 ut
1372 628 1478 694 uirum

375 751 413 792 su
438 750 478 796 m.

414 751 485 896 uEt
503 830 576 896 ideo
595 830 832 897 consideratum
852 840 902 897 est
922 833 1008 919 quod
1027 833 1185 900 Ricardus
1202 835 1277 902 inde
1292 836 1362 903 sine
1377 837 1430 904 die
1445 847 1480 907 et

375 933 446 1020 ipsa
459 933 615 1002 similiter.

259 1046 311 1109 99,
440 1034 561 1100 ¹Alicia
572 1059 634 1122 que
650 1036 714 1101 fuit
728 1059 809 1102 uxor
823 1037 933 1103 Dauid
948 1039 1069 1104 Burnel
1085 1039 1170 1125 petit
1185 1063 1297 1106 uersus
1313 1042 1479 1108 Simonem

256 1146 314 1186 ιιι-
365 1137 415 1204 de
435 1139 624 1256 Waybrigia
643 1140 776 1206 terciam
796 1150 923 1228 partem
944 1143 1044 1208 trium
1069 1143 1271 1231 uirgatamm
1295 1154 1380 1212 terre
1404 1170 1479 1212 cum

210 1268 275 1355 3:3⁶
277 1279 351 1354 ἔξει
373 1243 619 1329 pertinenciis'
609 1267 644 1308 m
666 1245 855 1332 Waybrigin
883 1253 922 1310 ut
948 1245 1057 1310 dotem
1080 1268 1171 1310 suam
1194 1254 1253 1314 etc.
1299 1249 1343 1314 Et
1366 1248 1480 1314 Simon

209 1362 231 1400 ιι
217 1363 360 1447 normano
374 1344 465 1410 uenit
480 1353 515 1410 ct
452 1345 609 1410 tdicit
627 1345 713 1432 quod
733 1368 797 1410 non
817 1346 917 1412 debet
937 1347 1046 1412 dotem
1067 1347 1142 1413 inde
1166 1348 1285 1414 habere
1308 1350 1386 1436 quia
1407 1373 1479 1437 pre·

209 1409 352 1540 ιξᾞζςῇιῖ
372 1448 478 1514 dictus
500 1429 665 1514 Dauid
633 1473 685 1514 urr
703 1473 781 1515 suus
799 1473 966 1538 nunquam
989 1452 1052 1516 fuit
1074 1451 1150 1520 inde
1172 1453 1302 1520 seisitus
1322 1454 1364 1520 de
1391 1463 1480 1522 terra

208 1547 250 1586 ullo
238 1549 332 1596 ophelte

209 1594 238 1632 ,¹
239 1594 291 1634 m„
303 1594 360 1635 pm,
372 1551 438 1630 illa,
451 1553 500 1618 ita
514 1554 600 1640 quod
615 1576 686 1620 eum
702 1554 812 1620 dotare
827 1563 944 1641 posset,
959 1555 1037 1642 quia
1051 1555 1217 1641 predictus
1232 1557 1343 1623 Dauid
1362 1558 1480 1624 habuit

209 1643 237 1682 ‘¹⁴
372 1655 447 1722 inde
469 1656 648 1722 custodiam
670 1680 744 1722 cum
766 1657 836 1743 ipso
860 1657 991 1724 Simone
1013 1681 1072 1746 per
1100 1658 1272 1744 capitalem
1301 1659 1479 1738 dominum,

372 1759 421 1824 ita
442 1759 528 1845 quod
550 1759 689 1846 quedam
714 1759 781 1824 filia
800 1759 902 1846 ipsius
916 1760 1026 1826 Dauid
1041 1761 1126 1846 petit
1141 1784 1253 1828 uersus
1267 1785 1343 1828 eum
1358 1771 1479 1828 terram

372 1865 461 1929 illam
485 1872 520 1929 et
543 1863 578 1928 in
602 1871 732 1928 tantum
756 1886 939 1950 processum
963 1873 1013 1930 est
1037 1864 1123 1951 quod
1149 1865 1218 1951 ipse
1243 1865 1352 1952 posuit
1378 1889 1419 1936 se,
1443 1867 1479 1932 in

373 1968 512 2035 iuratum
538 1967 580 2032 ud
601 1969 893 2055 recognoscendum
915 1979 1026 2034 utrum
1049 1969 1117 2055 ipse
1140 1969 1204 2035 fuit
1224 1969 1354 2035 seisitus
1375 1979 1415 2035 ιιι
1437 1971 1478 2036 de

373 2071 464 2136 feodo
488 2071 542 2135 uel
561 2078 600 2134 ut
624 2069 664 2135 de
688 2071 834 2138 custodia
860 2095 934 2137 cum
958 2073 1028 2158 ipso
1053 2073 1193 2140 Simone.
1238 2073 1282 2138 Et
1307 2075 1379 2140 ideo
1403 2098 1477 2140 con·

372 2174 548 2244 sideratum
573 2175 732 2262 estquod
757 2175 828 2262 ipsa
852 2176 959 2242 Alicia
980 2185 1148 2263 exspectet
1176 2200 1342 2266 quousque
1371 2179 1480 2245 iurata

373 2287 469 2366 capta
492 2280 590 2346 fuerit
619 2289 654 2346 et
683 2279 791 2346 iurata
814 2281 947 2367 ponitur
971 2281 1005 2346 in
1032 2290 1214 2369 respectum
1244 2305 1345 2370 usque
1374 2305 1396 2349 a
1424 2285 1478 2350 die

376 2382 513 2450 Pasche‘
527 2393 586 2450 etc.

313 2558 319 2571 ⁸
438 2489 565 2555 ‘Amisa
586 2491 678 2556 uenit
700 2491 905 2578 recognitum
929 2491 1002 2578 quis
1023 2491 1200 2557 aduocatus
1222 2499 1366 2580 tempore
1389 2491 1479 2578 pacis

280 2621 293 2650 ο
374 2592 734 2677 presentauitultimam
746 2615 988 2680 personamque
1000 2593 1241 2658 mortuaestad
1255 2593 1420 2660 ecclesiam
1436 2595 1478 2660 de
1538 2657 1541 2662 Α
1607 2613 1608 2616 ’

375 2695 521 2760 Rucham
536 2719 599 2782 que
615 2705 714 2762 uacat
733 2697 826 2762 cuius
845 2697 1092 2762 aduocacionem
1112 2697 1269 2762 Ricardus
1291 2697 1321 2762 la
1341 2697 1480 2762 Bitallar
1607 2741 1608 2762 2

374 2800 493 2867 clamat
522 2823 635 2866 uersus
664 2800 806 2866 Priorem
836 2801 877 2866 de
907 2801 1082 2866 Westacra.
1126 2801 1192 2882 Qui
1222 2801 1315 2866 uenit
1336 2810 1372 2866 et
1392 2801 1478 2868 bene

374 2902 536 2989 cognoscit
565 2903 651 2990 quod
684 2904 822 2990 quedam
851 2903 985 2968 «Iuliana
1013 2905 1089 2969 auia
1116 2903 1218 2990 ipsius
1247 2903 1377 2969 Ricardi
1405 2925 1478 2990 pre-

374 3006 519 3074 sentauit
533 3006 683 3072 ultimam
703 3029 871 3094 personum
892 3008 1014 3074 scilicet
1034 3009 1206 3095 quemdam
1230 3009 1399 3074 Oliuerum
1421 3009 1479 3096 qui

375 3109 491 3174 ultimo
515 3109 596 3174 obiit
622 3131 764 3195 persona,
785 3119 836 3174 set
860 3119 933 3196 post
959 3111 1233 3196 presentaeionem
1262 3111 1361 3190 illem,
1386 3112 1479 3178 dedit

375 3213 488 3278 eadem
508 3213 642 3278 Juliana
662 3213 768 3280 eidem
788 3214 891 3280 Priori
910 3223 945 3280 et
965 3215 1097 3281 ecclesie
1118 3237 1175 3280 sue
1195 3215 1361 3281 ecclesiam
1378 3217 1478 3296 illam,

375 3325 410 3380 et
424 3315 499 3382 inde
514 3317 635 3402 profert
650 3325 771 3382 cartam
786 3340 878 3382 suam
893 3341 956 3404 que
971 3327 1113 3384 testatur
1127 3318 1212 3404 quod
1227 3319 1297 3405 ipsa
1310 3319 1403 3385 dedit
1417 3321 1478 3386 deo

375 3427 410 3484 et
430 3419 614 3484 eoclesieS.
635 3419 737 3486 Mario
759 3428 794 3486 et
815 3420 959 3486 omnium
981 3431 1164 3487 sanctorum
1186 3422 1227 3488 de
1250 3423 1478 3490 Westacrat
1444 3433 1478 3490 ct
1559 3463 1563 3468 =

212 3561 248 3604 q„
248 3557 348 3599 Μ..
376 3521 535 3586 canonicis
557 3513 617 3587 et'c.
638 3521 804 3588 ecclesiam
827 3523 859 3590 S
875 3523 977 3589 Marie
999 3525 1039 3590 de
1062 3525 1210 3590 Rucham
1232 3549 1306 3590 cunr
1328 3527 1479 3593 omnibus

213 3606 338 3738 liiii?
304 3653 336 3690 ιι.
351 3625 590 3726 pertinenciis
637 3626 762 3692 Profert
784 3626 885 3692 eciam
906 3635 1028 3692 cartam
1042 3627 1202 3693 Johannis
1217 3629 1379 3714 quondam
1394 3631 1478 3695 Nor-

213 3747 245 3794 ιιι
212 3703 354 3832 fficim
320 3755 355 3794 ⁰1>-
327 3709 668 3816 urcensrsEprscopr
678 3753 741 3816 que
756 3729 923 3794 confirmat
934 3729 1055 3796 eisdem
1065 3731 1478 3798 canonicisaduocacionem

212 3838 348 3924 ‘rmum
376 3832 554 3899 eoclesieS.
572 3833 674 3900 Mario
689 3833 729 3898 de
745 3833 900 3922 Rucham,
916 3856 1013 3920 quam
1028 3834 1162 3900 Juliana
1178 3835 1245 3900 filia
1259 3835 1460 3902 Willelmi
1432 3860 1478 3902 ers

213 3936 323 4026 {ww
280 3978 349 4019 „md
375 3936 612 4001 racionabiliter
635 3936 790 4001 concessit
813 3945 928 4002 etet
894 3945 928 4002 et
952 3937 1037 4024 petit
1060 3937 1216 4003 iudicium
1240 3937 1327 4003 curie
1351 3939 1478 4004 desicut

213 3979 287 4066 ‘²³¹3‘
375 4049 448 4126 post
470 4040 743 4156 presentationem
763 4040 864 4126 ipsius
889 4041 1073 4107 Juliane
1045 4065 1092 4107 ars
1117 4042 1362 4109 aduocacionem
1386 4044 1476 4110 illam

375 4143 505 4209 dedit
480 4165 508 4208 ιι
522 4143 621 4208 assisa
634 4142 753 4208 debeat
767 4144 944 4230 procedere.

440 4247 483 4312 Et
513 4246 669 4312 Ricardus
698 4247 859 4335 cognoscit
889 4247 975 4334 quod
1004 4247 1043 4313 de
1074 4255 1177 4315 morte
1212 4249 1313 4336 ipsius
1350 4251 1476 4318 Oliucri

408 4389 573 4442 1Δ.ιιι.9(ἱ.
980 4391 1037 4442 ³A.
1050 4407 1086 4443 m.
1100 4395 1138 4446 10.

407 4457 417 4487 ²
434 4459 461 4506 iu
472 4464 520 4506 trec
531 4459 690 4521 septimanus,
704 4457 734 4506 Δ.
1022 4479 1026 4494 1
