<?xml version="1.0" encoding="UTF-8"?>
<!DOCTYPE html PUBLIC "-//W3C//DTD XHTML 1.0 Transitional//EN"
    "http://www.w3.org/TR/xhtml1/DTD/xhtml1-transitional.dtd">
<html xmlns="http://www.w3.org/1999/xhtml" xml:lang="en" lang="en">
 <head>
  <title>
</title>
<meta http-equiv="Content-Type" content="text/html;charset=utf-8" />
  <meta name='ocr-system' content='tesseract 3.04.00' />
  <meta name='ocr-capabilities' content='ocr_page ocr_carea ocr_par ocr_line ocrx_word'/>
</head>
<body>
  <div class='ocr_page' id='page_1' title='image "./bractonsnoteboo04bracgoog_0012.png"; bbox 0 0 3260 5218; ppageno 0'>
   <div class='ocr_carea' id='block_1_1' title="bbox 338 421 1139 498">
    <p class='ocr_par' dir='ltr' id='par_1_1' title="bbox 338 421 1139 498">
     <span class='ocr_line' id='line_1_1' title="bbox 338 421 1139 498; baseline 0 -12"><span class='ocrx_word' id='word_1_1' title='bbox 338 421 359 486; x_wconf 78' lang='lat'><em>4</em></span> <span class='ocrx_word' id='word_1_2' title='bbox 641 435 881 498; x_wconf 60' lang='grc'><strong>1111111111).</strong></span> <span class='ocrx_word' id='word_1_3' title='bbox 906 423 999 498; x_wconf 80' lang='lat'>1218,</span> <span class='ocrx_word' id='word_1_4' title='bbox 1023 435 1085 486; x_wconf 82' lang='grc'>11.</span> <span class='ocrx_word' id='word_1_5' title='bbox 1110 421 1139 486; x_wconf 84' lang='grc'>2.</span> 
     </span>
    </p>
   </div>
   <div class='ocr_carea' id='block_1_2' title="bbox 180 605 1453 4213">
    <p class='ocr_par' dir='ltr' id='par_1_2' title="bbox 180 605 1453 4213">
     <span class='ocr_line' id='line_1_2' title="bbox 336 605 1446 695; baseline -0.007 -19"><span class='ocrx_word' id='word_1_6' title='bbox 336 610 452 692; x_wconf 62' lang='lat' dir='ltr'>unere]</span> <span class='ocrx_word' id='word_1_7' title='bbox 464 609 608 674; x_wconf 84' lang='lat' dir='ltr'>maneria</span> <span class='ocrx_word' id='word_1_8' title='bbox 618 608 675 673; x_wconf 90' lang='lat' dir='ltr'>illa</span> <span class='ocrx_word' id='word_1_9' title='bbox 686 608 720 674; x_wconf 86' lang='lat' dir='ltr'>in</span> <span class='ocrx_word' id='word_1_10' title='bbox 735 609 841 694; x_wconf 88' lang='lat' dir='ltr'>capite</span> <span class='ocrx_word' id='word_1_11' title='bbox 853 609 893 674; x_wconf 90' lang='lat' dir='ltr'>de</span> <span class='ocrx_word' id='word_1_12' title='bbox 909 609 1038 673; x_wconf 90' lang='lat' dir='ltr'>domino</span> <span class='ocrx_word' id='word_1_13' title='bbox 1054 609 1144 695; x_wconf 85' lang='lat' dir='ltr'>Rege</span> <span class='ocrx_word' id='word_1_14' title='bbox 1160 616 1194 672; x_wconf 84' lang='lat' dir='ltr'>et</span> <span class='ocrx_word' id='word_1_15' title='bbox 1209 607 1243 672; x_wconf 93' lang='lat' dir='ltr'>in</span> <span class='ocrx_word' id='word_1_16' title='bbox 1259 605 1446 672; x_wconf 81' lang='lat' dir='ltr'><strong>narracione</strong></span> 
     </span>
     <span class='ocr_line' id='line_1_3' title="bbox 337 709 1446 798; baseline -0.004 -21"><span class='ocrx_word' id='word_1_17' title='bbox 337 734 396 776; x_wconf 88' lang='lat' dir='ltr'>sua</span> <span class='ocrx_word' id='word_1_18' title='bbox 410 712 524 776; x_wconf 89' lang='lat' dir='ltr'>dicunt</span> <span class='ocrx_word' id='word_1_19' title='bbox 539 712 624 798; x_wconf 90' lang='lat' dir='ltr'>quod</span> <span class='ocrx_word' id='word_1_20' title='bbox 643 711 748 796; x_wconf 79' lang='lat' dir='ltr'>[dota]</span> <span class='ocrx_word' id='word_1_21' title='bbox 765 761 1026 778; x_wconf 92' lang='grc'><strong>............</strong></span> <span class='ocrx_word' id='word_1_22' title='bbox 1044 713 1129 795; x_wconf 85' lang='lat' dir='ltr'>[cam</span> <span class='ocrx_word' id='word_1_23' title='bbox 1149 710 1282 793; x_wconf 72' lang='lat' dir='ltr'>sibilla]</span> <span class='ocrx_word' id='word_1_24' title='bbox 1304 719 1338 774; x_wconf 85' lang='lat' dir='ltr'>et</span> <span class='ocrx_word' id='word_1_25' title='bbox 1359 709 1446 794; x_wconf 85' lang='lat' dir='ltr'>petit</span> 
     </span>
     <span class='ocr_line' id='line_1_4' title="bbox 338 811 1446 900; baseline -0.002 -22"><span class='ocrx_word' id='word_1_26' title='bbox 338 815 398 880; x_wconf 88' lang='lat' dir='ltr'>hoo</span> <span class='ocrx_word' id='word_1_27' title='bbox 413 815 475 880; x_wconf 89' lang='lat' dir='ltr'>sibi</span> <span class='ocrx_word' id='word_1_28' title='bbox 490 815 627 882; x_wconf 85' lang='lat' dir='ltr'>allocari.</span> <span class='ocrx_word' id='word_1_29' title='bbox 674 817 717 880; x_wconf 88' lang='lat' dir='ltr'>Et</span> <span class='ocrx_word' id='word_1_30' title='bbox 732 825 916 880; x_wconf 87' lang='lat' dir='ltr'>attornatus</span> <span class='ocrx_word' id='word_1_31' title='bbox 931 816 1069 900; x_wconf 78' lang='lat' dir='ltr'>predicti</span> <span class='ocrx_word' id='word_1_32' title='bbox 1085 815 1222 881; x_wconf 83' lang='lat' dir='ltr'>Comitis</span> <span class='ocrx_word' id='word_1_33' title='bbox 1237 823 1272 879; x_wconf 90' lang='lat' dir='ltr'>et</span> <span class='ocrx_word' id='word_1_34' title='bbox 1288 815 1346 878; x_wconf 86' lang='lat' dir='ltr'>Ele</span> <span class='ocrx_word' id='word_1_35' title='bbox 1365 811 1446 876; x_wconf 92' lang='lat' dir='ltr'>dicit</span> 
     </span>
     <span class='ocr_line' id='line_1_5' title="bbox 338 919 1445 1006; baseline -0.002 -22"><span class='ocrx_word' id='word_1_36' title='bbox 338 920 424 1005; x_wconf 91' lang='lat' dir='ltr'>quod</span> <span class='ocrx_word' id='word_1_37' title='bbox 439 943 552 984; x_wconf 87' lang='lat' dir='ltr'>reuera</span> <span class='ocrx_word' id='word_1_38' title='bbox 568 969 783 986; x_wconf 92' lang='grc'><strong>..........</strong></span> <span class='ocrx_word' id='word_1_39' title='bbox 800 921 850 1003; x_wconf 87' lang='lat' dir='ltr'>[eo</span> <span class='ocrx_word' id='word_1_40' title='bbox 867 921 1058 1004; x_wconf 81' lang='lat' dir='ltr'>condicione]</span> <span class='ocrx_word' id='word_1_41' title='bbox 1075 921 1250 1006; x_wconf 89' lang='lat' dir='ltr'>quodcum</span> <span class='ocrx_word' id='word_1_42' title='bbox 1271 919 1445 984; x_wconf 87' lang='lat' dir='ltr'>seruicium</span> 
     </span>
     <span class='ocr_line' id='line_1_6' title="bbox 338 1023 1447 1110; baseline 0 -22"><span class='ocrx_word' id='word_1_43' title='bbox 338 1024 431 1089; x_wconf 88' lang='lat' dir='ltr'>fieret</span> <span class='ocrx_word' id='word_1_44' title='bbox 446 1023 539 1088; x_wconf 84' lang='lat' dir='ltr'>fieret</span> <span class='ocrx_word' id='word_1_45' title='bbox 554 1023 684 1088; x_wconf 90' lang='lat' dir='ltr'>domino</span> <span class='ocrx_word' id='word_1_46' title='bbox 699 1024 783 1110; x_wconf 84' lang='lat' dir='ltr'>Regi</span> <span class='ocrx_word' id='word_1_47' title='bbox 803 1033 837 1088; x_wconf 87' lang='lat' dir='ltr'>et</span> <span class='ocrx_word' id='word_1_48' title='bbox 858 1024 918 1088; x_wconf 86' lang='lat' dir='ltr'>hac</span> <span class='ocrx_word' id='word_1_49' title='bbox 937 1025 1064 1089; x_wconf 79' lang='lat' dir='ltr'>racione</span> <span class='ocrx_word' id='word_1_50' title='bbox 1080 1025 1199 1089; x_wconf 89' lang='lat' dir='ltr'>clamat</span> <span class='ocrx_word' id='word_1_51' title='bbox 1218 1033 1329 1089; x_wconf 89' lang='lat' dir='ltr'>tenere</span> <span class='ocrx_word' id='word_1_52' title='bbox 1344 1071 1447 1089; x_wconf 93' lang='grc'><strong>.....</strong></span> 
     </span>
     <span class='ocr_line' id='line_1_7' title="bbox 340 1125 1447 1193; baseline -0.003 -1"><span class='ocrx_word' id='word_1_53' title='bbox 340 1177 509 1193; x_wconf 90' lang='grc'><strong>........</strong></span> <span class='ocrx_word' id='word_1_54' title='bbox 525 1127 598 1191; x_wconf 84' lang='lat' dir='ltr'>illas</span> <span class='ocrx_word' id='word_1_55' title='bbox 620 1127 714 1192; x_wconf 85' lang='lat' dir='ltr'>uillas</span> <span class='ocrx_word' id='word_1_56' title='bbox 736 1135 775 1191; x_wconf 92' lang='lat' dir='ltr'>ut</span> <span class='ocrx_word' id='word_1_57' title='bbox 797 1127 891 1192; x_wconf 87' lang='lat' dir='ltr'>datas</span> <span class='ocrx_word' id='word_1_58' title='bbox 912 1129 1168 1192; x_wconf 81' lang='lat' dir='ltr'>antecessoribus</span> <span class='ocrx_word' id='word_1_59' title='bbox 1194 1127 1303 1192; x_wconf 84' lang='lat' dir='ltr'>uxoris</span> <span class='ocrx_word' id='word_1_60' title='bbox 1328 1149 1385 1191; x_wconf 86' lang='lat' dir='ltr'>sue</span> <span class='ocrx_word' id='word_1_61' title='bbox 1411 1125 1447 1189; x_wconf 91' lang='lat' dir='ltr'>in</span> 
     </span>
     <span class='ocr_line' id='line_1_8' title="bbox 338 1231 1448 1318; baseline -0.002 -21"><span class='ocrx_word' id='word_1_62' title='bbox 338 1231 547 1318; x_wconf 86' lang='lat' dir='ltr'>maritagium</span> <span class='ocrx_word' id='word_1_63' title='bbox 562 1281 917 1298; x_wconf 90' lang='grc'><strong>................</strong></span> <span class='ocrx_word' id='word_1_64' title='bbox 934 1241 968 1296; x_wconf 88' lang='lat' dir='ltr'>et</span> <span class='ocrx_word' id='word_1_65' title='bbox 983 1233 1090 1297; x_wconf 84' lang='lat' dir='ltr'>uariat</span> <span class='ocrx_word' id='word_1_66' title='bbox 1105 1233 1139 1296; x_wconf 90' lang='lat' dir='ltr'>in</span> <span class='ocrx_word' id='word_1_67' title='bbox 1154 1232 1339 1296; x_wconf 78' lang='lat' dir='ltr'>narracione</span> <span class='ocrx_word' id='word_1_68' title='bbox 1354 1253 1412 1294; x_wconf 90' lang='lat' dir='ltr'>sua</span> <span class='ocrx_word' id='word_1_69' title='bbox 1426 1251 1448 1293; x_wconf 86' lang='lat' dir='ltr'>a</span> 
     </span>
     <span class='ocr_line' id='line_1_9' title="bbox 339 1332 1447 1420; baseline -0.003 -22"><span class='ocrx_word' id='word_1_70' title='bbox 339 1333 440 1399; x_wconf 80' lang='lat' dir='ltr'>breui</span> <span class='ocrx_word' id='word_1_71' title='bbox 499 1332 746 1399; x_wconf 83' lang='lat' dir='ltr'>Consideratum</span> <span class='ocrx_word' id='word_1_72' title='bbox 781 1342 831 1397; x_wconf 86' lang='lat' dir='ltr'>est</span> <span class='ocrx_word' id='word_1_73' title='bbox 866 1334 952 1418; x_wconf 90' lang='lat' dir='ltr'>quod</span> <span class='ocrx_word' id='word_1_74' title='bbox 982 1335 1132 1420; x_wconf 87' lang='lat' dir='ltr'>Paganus</span> <span class='ocrx_word' id='word_1_75' title='bbox 1160 1357 1226 1399; x_wconf 91' lang='lat' dir='ltr'>non</span> <span class='ocrx_word' id='word_1_76' title='bbox 1254 1332 1447 1419; x_wconf 87' lang='lat' dir='ltr'>respondeat</span> 
     </span>
     <span class='ocr_line' id='line_1_10' title="bbox 337 1436 1315 1524; baseline -0.003 -21"><span class='ocrx_word' id='word_1_77' title='bbox 337 1483 601 1508; x_wconf 86' lang='grc'><strong>............</strong></span> <span class='ocrx_word' id='word_1_78' title='bbox 618 1437 836 1524; x_wconf 63' lang='grc'><strong>[1111111111]</strong></span> <span class='ocrx_word' id='word_1_79' title='bbox 851 1460 885 1502; x_wconf 90' lang='lat' dir='ltr'>se</span> <span class='ocrx_word' id='word_1_80' title='bbox 900 1437 964 1501; x_wconf 91' lang='lat' dir='ltr'>alio</span> <span class='ocrx_word' id='word_1_81' title='bbox 978 1437 1111 1501; x_wconf 89' lang='lat' dir='ltr'>modo</span> <span class='ocrx_word' id='word_1_82' title='bbox 1087 1461 1115 1501; x_wconf 83' lang='lat' dir='ltr'>sr</span> <span class='ocrx_word' id='word_1_83' title='bbox 1130 1436 1315 1502; x_wconf 45' lang='lat' dir='ltr'>noluerint&amp;</span> 
     </span>
     <span class='ocr_line' id='line_1_11' title="bbox 239 1537 1446 1654; baseline -0.001 -51"><span class='ocrx_word' id='word_1_84' title='bbox 239 1559 268 1620; x_wconf 79' lang='lat'>4</span> <span class='ocrx_word' id='word_1_85' title='bbox 404 1539 523 1604; x_wconf 83' lang='lat' dir='ltr'>Jurata</span> <span class='ocrx_word' id='word_1_86' title='bbox 543 1563 583 1604; x_wconf 86' lang='lat' dir='ltr'>ex</span> <span class='ocrx_word' id='word_1_87' title='bbox 606 1561 761 1604; x_wconf 91' lang='lat' dir='ltr'>consensu</span> <span class='ocrx_word' id='word_1_88' title='bbox 785 1540 951 1653; x_wconf 78' lang='lat' dir='ltr'>[porciam</span> <span class='ocrx_word' id='word_1_89' title='bbox 972 1537 1446 1654; x_wconf 64' lang='grc'><strong>111111110911111111111191</strong></span> 
     </span>
     <span class='ocr_line' id='line_1_12' title="bbox 195 1641 1446 1727; baseline -0.003 -19"><span class='ocrx_word' id='word_1_90' title='bbox 195 1642 309 1692; x_wconf 35' lang='grc'><strong>[0111111]</strong></span> <span class='ocrx_word' id='word_1_91' title='bbox 339 1642 391 1726; x_wconf 82' lang='lat' dir='ltr'>de]</span> <span class='ocrx_word' id='word_1_92' title='bbox 417 1642 567 1707; x_wconf 84' lang='lat' dir='ltr'>Scalariis</span> <span class='ocrx_word' id='word_1_93' title='bbox 590 1641 753 1727; x_wconf 86' lang='lat' dir='ltr'>quondam</span> <span class='ocrx_word' id='word_1_94' title='bbox 777 1641 828 1706; x_wconf 90' lang='lat' dir='ltr'>uir</span> <span class='ocrx_word' id='word_1_95' title='bbox 851 1642 913 1706; x_wconf 85' lang='lat' dir='ltr'>Ale</span> <span class='ocrx_word' id='word_1_96' title='bbox 940 1641 992 1706; x_wconf 91' lang='lat' dir='ltr'>die</span> <span class='ocrx_word' id='word_1_97' title='bbox 1019 1663 1083 1726; x_wconf 89' lang='lat' dir='ltr'>quo</span> <span class='ocrx_word' id='word_1_98' title='bbox 1108 1641 1351 1726; x_wconf 87' lang='lat' dir='ltr'>desponsauit</span> <span class='ocrx_word' id='word_1_99' title='bbox 1342 1663 1446 1727; x_wconf 78' lang='lat' dir='ltr'>ipsam</span> 
     </span>
     <span class='ocr_line' id='line_1_13' title="bbox 338 1742 1449 1830; baseline -0.003 -20"><span class='ocrx_word' id='word_1_100' title='bbox 338 1747 436 1811; x_wconf 89' lang='lat' dir='ltr'>Alam</span> <span class='ocrx_word' id='word_1_101' title='bbox 460 1745 588 1810; x_wconf 88' lang='lat' dir='ltr'>dotauit</span> <span class='ocrx_word' id='word_1_102' title='bbox 613 1745 710 1830; x_wconf 86' lang='lat' dir='ltr'>[eom]</span> <span class='ocrx_word' id='word_1_103' title='bbox 735 1767 793 1830; x_wconf 90' lang='lat' dir='ltr'>per</span> <span class='ocrx_word' id='word_1_104' title='bbox 822 1767 987 1808; x_wconf 84' lang='lat' dir='ltr'>assensum</span> <span class='ocrx_word' id='word_1_105' title='bbox 1018 1753 1052 1808; x_wconf 86' lang='lat' dir='ltr'>et</span> <span class='ocrx_word' id='word_1_106' title='bbox 1080 1745 1287 1828; x_wconf 77' lang='lat' dir='ltr'>[aoltcntatem</span> <span class='ocrx_word' id='word_1_107' title='bbox 1311 1742 1449 1810; x_wconf 71' lang='lat' dir='ltr'>Hearici</span> 
     </span>
     <span class='ocr_line' id='line_1_14' title="bbox 339 1846 1446 1935; baseline -0.005 -19"><span class='ocrx_word' id='word_1_108' title='bbox 339 1851 378 1916; x_wconf 85' lang='lat' dir='ltr'>de</span> <span class='ocrx_word' id='word_1_109' title='bbox 399 1849 558 1916; x_wconf 72' lang='grc'><strong>8111111111</strong></span> <span class='ocrx_word' id='word_1_110' title='bbox 575 1849 686 1935; x_wconf 80' lang='lat' dir='ltr'>patria</span> <span class='ocrx_word' id='word_1_111' title='bbox 706 1871 758 1912; x_wconf 75' lang='lat' dir='ltr'>aar</span> <span class='ocrx_word' id='word_1_112' title='bbox 753 1847 832 1931; x_wconf 88' lang='lat' dir='ltr'>&#39;de]</span> <span class='ocrx_word' id='word_1_113' title='bbox 855 1846 998 1910; x_wconf 87' lang='lat' dir='ltr'>manerio</span> <span class='ocrx_word' id='word_1_114' title='bbox 1020 1846 1061 1910; x_wconf 91' lang='lat' dir='ltr'>de</span> <span class='ocrx_word' id='word_1_115' title='bbox 1084 1847 1254 1911; x_wconf 88' lang='lat' dir='ltr'>Waddona</span> <span class='ocrx_word' id='word_1_116' title='bbox 1275 1869 1349 1911; x_wconf 90' lang='lat' dir='ltr'>cum</span> <span class='ocrx_word' id='word_1_117' title='bbox 1374 1869 1446 1931; x_wconf 89' lang='lat' dir='ltr'>per-</span> 
     </span>
     <span class='ocr_line' id='line_1_15' title="bbox 339 1951 1448 2038; baseline -0.005 -19"><span class='ocrx_word' id='word_1_118' title='bbox 339 1954 490 2019; x_wconf 89' lang='lat' dir='ltr'>tinenciis</span> <span class='ocrx_word' id='word_1_119' title='bbox 518 1953 553 2017; x_wconf 94' lang='lat' dir='ltr'>in</span> <span class='ocrx_word' id='word_1_120' title='bbox 582 1953 739 2017; x_wconf 87' lang='lat' dir='ltr'>comitatu</span> <span class='ocrx_word' id='word_1_121' title='bbox 770 1951 986 2038; x_wconf 86' lang='lat' dir='ltr'>Kantebrigie</span> <span class='ocrx_word' id='word_1_122' title='bbox 1011 1973 1069 2038; x_wconf 89' lang='lat' dir='ltr'>pro</span> <span class='ocrx_word' id='word_1_123' title='bbox 1095 1951 1196 2016; x_wconf 89' lang='lat' dir='ltr'>tercia</span> <span class='ocrx_word' id='word_1_124' title='bbox 1221 1960 1313 2037; x_wconf 83' lang='lat' dir='ltr'>parte</span> <span class='ocrx_word' id='word_1_125' title='bbox 1345 1951 1448 2015; x_wconf 83' lang='lat' dir='ltr'>tocius</span> 
     </span>
     <span class='ocr_line' id='line_1_16' title="bbox 340 2055 1447 2140; baseline -0.005 -17"><span class='ocrx_word' id='word_1_126' title='bbox 340 2058 531 2124; x_wconf 87' lang='lat' dir='ltr'>hereditatis</span> <span class='ocrx_word' id='word_1_127' title='bbox 552 2081 609 2122; x_wconf 88' lang='lat' dir='ltr'>sue</span> <span class='ocrx_word' id='word_1_128' title='bbox 629 2105 937 2124; x_wconf 89' lang='grc'><strong>............</strong></span> <span class='ocrx_word' id='word_1_129' title='bbox 958 2056 1028 2139; x_wconf 87' lang='lat' dir='ltr'>[ud]</span> <span class='ocrx_word' id='word_1_130' title='bbox 1052 2055 1185 2119; x_wconf 77' lang='lat' dir='ltr'>terciam</span> <span class='ocrx_word' id='word_1_131' title='bbox 1209 2057 1350 2140; x_wconf 80' lang='lat' dir='ltr'>[portem</span> <span class='ocrx_word' id='word_1_132' title='bbox 1372 2055 1447 2138; x_wconf 83' lang='lat' dir='ltr'>aon]</span> 
     </span>
     <span class='ocr_line' id='line_1_17' title="bbox 340 2158 1447 2245; baseline -0.005 -18"><span class='ocrx_word' id='word_1_133' title='bbox 340 2163 511 2238; x_wconf 86' lang='lat' dir='ltr'>sufficeret,</span> <span class='ocrx_word' id='word_1_134' title='bbox 533 2160 593 2226; x_wconf 88' lang='lat' dir='ltr'>hoc</span> <span class='ocrx_word' id='word_1_135' title='bbox 615 2159 702 2245; x_wconf 91' lang='lat' dir='ltr'>quod</span> <span class='ocrx_word' id='word_1_136' title='bbox 727 2159 878 2223; x_wconf 87' lang='lat' dir='ltr'>deficeret</span> <span class='ocrx_word' id='word_1_137' title='bbox 902 2158 933 2222; x_wconf 91' lang='lat' dir='ltr'>ei</span> <span class='ocrx_word' id='word_1_138' title='bbox 956 2159 1165 2243; x_wconf 87' lang='lat' dir='ltr'>perficeretur</span> <span class='ocrx_word' id='word_1_139' title='bbox 1187 2159 1266 2223; x_wconf 89' lang='lat' dir='ltr'>alibi</span> <span class='ocrx_word' id='word_1_140' title='bbox 1289 2159 1330 2223; x_wconf 89' lang='lat' dir='ltr'>de</span> <span class='ocrx_word' id='word_1_141' title='bbox 1356 2159 1447 2222; x_wconf 86' lang='lat' dir='ltr'>here-</span> 
     </span>
     <span class='ocr_line' id='line_1_18' title="bbox 340 2261 1448 2350; baseline -0.003 -20"><span class='ocrx_word' id='word_1_142' title='bbox 340 2266 444 2330; x_wconf 86' lang='lat' dir='ltr'>ditate</span> <span class='ocrx_word' id='word_1_143' title='bbox 474 2265 575 2350; x_wconf 92' lang='lat' dir='ltr'>ipsius</span> <span class='ocrx_word' id='word_1_144' title='bbox 605 2263 762 2350; x_wconf 85' lang='lat' dir='ltr'>Hugonis.</span> <span class='ocrx_word' id='word_1_145' title='bbox 788 2261 793 2350; x_wconf 82' lang='grc' dir='ltr'>Ι</span> <span class='ocrx_word' id='word_1_146' title='bbox 815 2263 984 2328; x_wconf 84' lang='lat' dir='ltr'>Juratores</span> <span class='ocrx_word' id='word_1_147' title='bbox 1018 2263 1140 2340; x_wconf 89' lang='lat' dir='ltr'>dicunt,</span> <span class='ocrx_word' id='word_1_148' title='bbox 1170 2263 1256 2350; x_wconf 93' lang='lat' dir='ltr'>quod</span> <span class='ocrx_word' id='word_1_149' title='bbox 1284 2263 1448 2350; x_wconf 88' lang='lat' dir='ltr'>predictus</span> 
     </span>
     <span class='ocr_line' id='line_1_19' title="bbox 341 2366 1448 2456; baseline -0.003 -22"><span class='ocrx_word' id='word_1_150' title='bbox 341 2371 440 2456; x_wconf 86' lang='lat' dir='ltr'>Hugo</span> <span class='ocrx_word' id='word_1_151' title='bbox 469 2369 597 2433; x_wconf 86' lang='lat' dir='ltr'>dotauit</span> <span class='ocrx_word' id='word_1_152' title='bbox 627 2391 699 2432; x_wconf 86' lang='lat' dir='ltr'>eam</span> <span class='ocrx_word' id='word_1_153' title='bbox 729 2390 788 2452; x_wconf 93' lang='lat' dir='ltr'>per</span> <span class='ocrx_word' id='word_1_154' title='bbox 816 2389 981 2432; x_wconf 86' lang='lat' dir='ltr'>assensum</span> <span class='ocrx_word' id='word_1_155' title='bbox 1011 2377 1046 2431; x_wconf 84' lang='lat' dir='ltr'>et</span> <span class='ocrx_word' id='word_1_156' title='bbox 1076 2368 1281 2432; x_wconf 83' lang='lat' dir='ltr'>uoluntatem</span> <span class='ocrx_word' id='word_1_157' title='bbox 1310 2366 1448 2453; x_wconf 90' lang='lat' dir='ltr'>predicti</span> 
     </span>
     <span class='ocr_line' id='line_1_20' title="bbox 341 2470 1449 2558; baseline -0.004 -20"><span class='ocrx_word' id='word_1_158' title='bbox 341 2473 476 2539; x_wconf 89' lang='lat' dir='ltr'>Henrioi</span> <span class='ocrx_word' id='word_1_159' title='bbox 491 2473 593 2558; x_wconf 85' lang='lat' dir='ltr'>patris</span> <span class='ocrx_word' id='word_1_160' title='bbox 610 2473 670 2548; x_wconf 89' lang='lat' dir='ltr'>sui,</span> <span class='ocrx_word' id='word_1_161' title='bbox 685 2472 741 2557; x_wconf 91' lang='lat' dir='ltr'>qui</span> <span class='ocrx_word' id='word_1_162' title='bbox 761 2495 892 2557; x_wconf 88' lang='lat' dir='ltr'>presens</span> <span class='ocrx_word' id='word_1_163' title='bbox 914 2471 977 2537; x_wconf 84' lang='lat' dir='ltr'>fuit</span> <span class='ocrx_word' id='word_1_164' title='bbox 1000 2472 1057 2536; x_wconf 90' lang='lat' dir='ltr'>ubi</span> <span class='ocrx_word' id='word_1_165' title='bbox 1079 2472 1150 2558; x_wconf 90' lang='lat' dir='ltr'>ipsa</span> <span class='ocrx_word' id='word_1_166' title='bbox 1171 2472 1364 2557; x_wconf 88' lang='lat' dir='ltr'>desponsata</span> <span class='ocrx_word' id='word_1_167' title='bbox 1385 2470 1449 2535; x_wconf 86' lang='lat' dir='ltr'>suit</span> 
     </span>
     <span class='ocr_line' id='line_1_21' title="bbox 342 2575 1450 2662; baseline -0.002 -20"><span class='ocrx_word' id='word_1_168' title='bbox 342 2578 382 2642; x_wconf 92' lang='lat' dir='ltr'>de</span> <span class='ocrx_word' id='word_1_169' title='bbox 404 2577 548 2662; x_wconf 86' lang='lat' dir='ltr'>predicto</span> <span class='ocrx_word' id='word_1_170' title='bbox 571 2575 714 2640; x_wconf 90' lang='lat' dir='ltr'>manerio</span> <span class='ocrx_word' id='word_1_171' title='bbox 733 2575 774 2640; x_wconf 92' lang='lat' dir='ltr'>de</span> <span class='ocrx_word' id='word_1_172' title='bbox 794 2575 964 2640; x_wconf 86' lang='lat' dir='ltr'>Waddona</span> <span class='ocrx_word' id='word_1_173' title='bbox 978 2599 1052 2641; x_wconf 89' lang='lat' dir='ltr'>cum</span> <span class='ocrx_word' id='word_1_174' title='bbox 1068 2576 1285 2661; x_wconf 73' lang='lat' dir='ltr'>pertinenciis</span> <span class='ocrx_word' id='word_1_175' title='bbox 1301 2576 1349 2640; x_wconf 88' lang='lat' dir='ltr'>ita</span> <span class='ocrx_word' id='word_1_176' title='bbox 1363 2575 1450 2662; x_wconf 92' lang='lat' dir='ltr'>quod</span> 
     </span>
     <span class='ocr_line' id='line_1_22' title="bbox 341 2677 1449 2764; baseline -0.003 -19"><span class='ocrx_word' id='word_1_177' title='bbox 341 2681 370 2745; x_wconf 88' lang='lat' dir='ltr'>si</span> <span class='ocrx_word' id='word_1_178' title='bbox 391 2679 572 2744; x_wconf 89' lang='lat' dir='ltr'>manerium</span> <span class='ocrx_word' id='word_1_179' title='bbox 594 2677 676 2742; x_wconf 93' lang='lat' dir='ltr'>illud</span> <span class='ocrx_word' id='word_1_180' title='bbox 697 2701 762 2742; x_wconf 88' lang='lat' dir='ltr'>non</span> <span class='ocrx_word' id='word_1_181' title='bbox 783 2678 943 2744; x_wconf 86' lang='lat' dir='ltr'>sufficeret</span> <span class='ocrx_word' id='word_1_182' title='bbox 967 2679 1010 2743; x_wconf 90' lang='lat' dir='ltr'>ad</span> <span class='ocrx_word' id='word_1_183' title='bbox 1035 2679 1169 2744; x_wconf 87' lang='lat' dir='ltr'>terciam</span> <span class='ocrx_word' id='word_1_184' title='bbox 1194 2687 1321 2764; x_wconf 78' lang='lat' dir='ltr'>partem</span> <span class='ocrx_word' id='word_1_185' title='bbox 1344 2679 1449 2743; x_wconf 89' lang='lat' dir='ltr'>tocius</span> 
     </span>
     <span class='ocr_line' id='line_1_23' title="bbox 342 2781 1450 2867; baseline -0.002 -19"><span class='ocrx_word' id='word_1_186' title='bbox 342 2781 534 2848; x_wconf 88' lang='lat' dir='ltr'>hereditatis</span> <span class='ocrx_word' id='word_1_187' title='bbox 554 2804 620 2858; x_wconf 88' lang='lat' dir='ltr'>sue,</span> <span class='ocrx_word' id='word_1_188' title='bbox 640 2781 672 2846; x_wconf 89' lang='lat' dir='ltr'>ei</span> <span class='ocrx_word' id='word_1_189' title='bbox 691 2781 900 2867; x_wconf 88' lang='lat' dir='ltr'>perficeretur</span> <span class='ocrx_word' id='word_1_190' title='bbox 921 2781 961 2846; x_wconf 93' lang='lat' dir='ltr'>de</span> <span class='ocrx_word' id='word_1_191' title='bbox 984 2781 1056 2846; x_wconf 90' lang='lat' dir='ltr'>aliis</span> <span class='ocrx_word' id='word_1_192' title='bbox 1079 2781 1173 2846; x_wconf 87' lang='lat' dir='ltr'>terris</span> <span class='ocrx_word' id='word_1_193' title='bbox 1195 2782 1261 2846; x_wconf 87' lang='lat' dir='ltr'>suis</span> <span class='ocrx_word' id='word_1_194' title='bbox 1282 2804 1384 2867; x_wconf 88' lang='lat' dir='ltr'>usque</span> <span class='ocrx_word' id='word_1_195' title='bbox 1407 2781 1450 2846; x_wconf 88' lang='lat' dir='ltr'>ad</span> 
     </span>
     <span class='ocr_line' id='line_1_24' title="bbox 344 2887 694 2971; baseline -0.003 -19"><span class='ocrx_word' id='word_1_196' title='bbox 344 2887 477 2952; x_wconf 87' lang='lat' dir='ltr'>terciam</span> <span class='ocrx_word' id='word_1_197' title='bbox 492 2894 619 2971; x_wconf 88' lang='lat' dir='ltr'>partem</span> <span class='ocrx_word' id='word_1_198' title='bbox 635 2895 694 2952; x_wconf 89' lang='lat' dir='ltr'>etc.</span> 
     </span>
     <span class='ocr_line' id='line_1_25' title="bbox 409 2989 1450 3076; baseline -0.001 -20"><span class='ocrx_word' id='word_1_199' title='bbox 409 2989 656 3056; x_wconf 84' lang='lat' dir='ltr'>Consideratum</span> <span class='ocrx_word' id='word_1_200' title='bbox 685 2998 736 3054; x_wconf 89' lang='lat' dir='ltr'>est</span> <span class='ocrx_word' id='word_1_201' title='bbox 765 2990 851 3076; x_wconf 94' lang='lat' dir='ltr'>quod</span> <span class='ocrx_word' id='word_1_202' title='bbox 880 2989 951 3076; x_wconf 88' lang='lat' dir='ltr'>ipsa</span> <span class='ocrx_word' id='word_1_203' title='bbox 982 2991 1187 3076; x_wconf 88' lang='lat' dir='ltr'>recuperauit</span> <span class='ocrx_word' id='word_1_204' title='bbox 1221 2989 1372 3055; x_wconf 82' lang='lat' dir='ltr'>saisinam</span> <span class='ocrx_word' id='word_1_205' title='bbox 1409 2989 1450 3056; x_wconf 85' lang='lat' dir='ltr'>de</span> 
     </span>
     <span class='ocr_line' id='line_1_26' title="bbox 180 3092 1451 3186; baseline -0.002 -27"><span class='ocrx_word' id='word_1_206' title='bbox 180 3157 205 3186; x_wconf 61' lang='grc' dir='ltr'><em>ω</em></span> <span class='ocrx_word' id='word_1_207' title='bbox 256 3143 270 3184; x_wconf 41' lang='grc' dir='ltr'>,Ι</span> <span class='ocrx_word' id='word_1_208' title='bbox 343 3093 471 3159; x_wconf 91' lang='lat' dir='ltr'>residuo</span> <span class='ocrx_word' id='word_1_209' title='bbox 500 3093 586 3178; x_wconf 93' lang='lat' dir='ltr'>quod</span> <span class='ocrx_word' id='word_1_210' title='bbox 611 3092 642 3156; x_wconf 91' lang='lat' dir='ltr'>ei</span> <span class='ocrx_word' id='word_1_211' title='bbox 672 3092 801 3156; x_wconf 88' lang='lat' dir='ltr'>deficiat</span> <span class='ocrx_word' id='word_1_212' title='bbox 827 3092 869 3156; x_wconf 91' lang='lat' dir='ltr'>ad</span> <span class='ocrx_word' id='word_1_213' title='bbox 897 3093 1031 3157; x_wconf 88' lang='lat' dir='ltr'>terciam</span> <span class='ocrx_word' id='word_1_214' title='bbox 1057 3101 1183 3178; x_wconf 84' lang='lat' dir='ltr'>partem</span> <span class='ocrx_word' id='word_1_215' title='bbox 1213 3092 1451 3178; x_wconf 88' lang='lat' dir='ltr'>perficiendam,</span> 
     </span>
     <span class='ocr_line' id='line_1_27' title="bbox 344 3195 1450 3281; baseline -0.002 -19"><span class='ocrx_word' id='word_1_216' title='bbox 344 3198 393 3262; x_wconf 88' lang='grc'>111</span> <span class='ocrx_word' id='word_1_217' title='bbox 414 3195 535 3262; x_wconf 86' lang='lat' dir='ltr'>scilicet</span> <span class='ocrx_word' id='word_1_218' title='bbox 558 3195 644 3281; x_wconf 94' lang='lat' dir='ltr'>quod</span> <span class='ocrx_word' id='word_1_219' title='bbox 666 3195 694 3260; x_wconf 90' lang='lat' dir='ltr'>si</span> <span class='ocrx_word' id='word_1_220' title='bbox 716 3197 897 3260; x_wconf 84' lang='lat' dir='ltr'>manerium</span> <span class='ocrx_word' id='word_1_221' title='bbox 917 3197 958 3261; x_wconf 93' lang='lat' dir='ltr'>de</span> <span class='ocrx_word' id='word_1_222' title='bbox 978 3197 1147 3261; x_wconf 91' lang='lat' dir='ltr'>Waddona</span> <span class='ocrx_word' id='word_1_223' title='bbox 1167 3197 1306 3261; x_wconf 88' lang='lat' dir='ltr'>sufficiat</span> <span class='ocrx_word' id='word_1_224' title='bbox 1326 3196 1368 3261; x_wconf 93' lang='lat' dir='ltr'>ad</span> <span class='ocrx_word' id='word_1_225' title='bbox 1385 3204 1450 3261; x_wconf 86' lang='lat' dir='ltr'>ter-</span> 
     </span>
     <span class='ocr_line' id='line_1_28' title="bbox 344 3298 1452 3384; baseline -0.001 -19"><span class='ocrx_word' id='word_1_226' title='bbox 344 3301 427 3366; x_wconf 83' lang='lat' dir='ltr'>ciam</span> <span class='ocrx_word' id='word_1_227' title='bbox 453 3308 580 3384; x_wconf 88' lang='lat' dir='ltr'>partem</span> <span class='ocrx_word' id='word_1_228' title='bbox 606 3298 710 3363; x_wconf 90' lang='lat' dir='ltr'>tocius</span> <span class='ocrx_word' id='word_1_229' title='bbox 731 3299 931 3377; x_wconf 88' lang='lat' dir='ltr'>hereditatis,</span> <span class='ocrx_word' id='word_1_230' title='bbox 953 3299 984 3364; x_wconf 91' lang='lat' dir='ltr'>ei</span> <span class='ocrx_word' id='word_1_231' title='bbox 1006 3309 1180 3377; x_wconf 87' lang='lat' dir='ltr'>remaneat,</span> <span class='ocrx_word' id='word_1_232' title='bbox 1202 3301 1252 3364; x_wconf 89' lang='lat' dir='ltr'>sin</span> <span class='ocrx_word' id='word_1_233' title='bbox 1276 3308 1397 3377; x_wconf 83' lang='lat' dir='ltr'>autem,</span> <span class='ocrx_word' id='word_1_234' title='bbox 1420 3299 1452 3364; x_wconf 88' lang='lat' dir='ltr'>ei</span> 
     </span>
     <span class='ocr_line' id='line_1_29' title="bbox 344 3401 1451 3488; baseline -0.003 -21"><span class='ocrx_word' id='word_1_235' title='bbox 344 3402 539 3488; x_wconf 86' lang='lat' dir='ltr'>perficiatur,</span> <span class='ocrx_word' id='word_1_236' title='bbox 554 3401 582 3466; x_wconf 91' lang='lat' dir='ltr'>si</span> <span class='ocrx_word' id='word_1_237' title='bbox 596 3409 707 3465; x_wconf 88' lang='lat' dir='ltr'>autem</span> <span class='ocrx_word' id='word_1_238' title='bbox 722 3401 796 3486; x_wconf 91' lang='lat' dir='ltr'>plus</span> <span class='ocrx_word' id='word_1_239' title='bbox 810 3401 857 3465; x_wconf 94' lang='lat' dir='ltr'>ibi</span> <span class='ocrx_word' id='word_1_240' title='bbox 872 3402 970 3466; x_wconf 84' lang='lat' dir='ltr'>fuerit</span> <span class='ocrx_word' id='word_1_241' title='bbox 985 3410 1169 3466; x_wconf 85' lang='lat' dir='ltr'>reuertatur</span> <span class='ocrx_word' id='word_1_242' title='bbox 1182 3401 1245 3487; x_wconf 91' lang='lat' dir='ltr'>ipsi</span> <span class='ocrx_word' id='word_1_243' title='bbox 1260 3401 1401 3466; x_wconf 90' lang='lat' dir='ltr'>Henrico</span> <span class='ocrx_word' id='word_1_244' title='bbox 1416 3407 1451 3466; x_wconf 88' lang='lat' dir='ltr'>et</span> 
     </span>
     <span class='ocr_line' id='line_1_30' title="bbox 344 3504 1452 3592; baseline -0.003 -20"><span class='ocrx_word' id='word_1_245' title='bbox 344 3506 417 3572; x_wconf 87' lang='lat' dir='ltr'>ideo</span> <span class='ocrx_word' id='word_1_246' title='bbox 439 3506 510 3592; x_wconf 88' lang='lat' dir='ltr'>ipsa</span> <span class='ocrx_word' id='word_1_247' title='bbox 531 3504 651 3570; x_wconf 88' lang='lat' dir='ltr'>habeat</span> <span class='ocrx_word' id='word_1_248' title='bbox 673 3505 772 3570; x_wconf 87' lang='lat' dir='ltr'>breue</span> <span class='ocrx_word' id='word_1_249' title='bbox 793 3505 835 3569; x_wconf 89' lang='lat' dir='ltr'>ad</span> <span class='ocrx_word' id='word_1_250' title='bbox 855 3505 1078 3570; x_wconf 88' lang='lat' dir='ltr'>uicecomitem</span> <span class='ocrx_word' id='word_1_251' title='bbox 1099 3505 1260 3569; x_wconf 89' lang='lat' dir='ltr'>Norfolcie</span> <span class='ocrx_word' id='word_1_252' title='bbox 1282 3505 1368 3590; x_wconf 92' lang='lat' dir='ltr'>quod</span> <span class='ocrx_word' id='word_1_253' title='bbox 1382 3505 1452 3590; x_wconf 88' lang='lat' dir='ltr'>ipse</span> 
     </span>
     <span class='ocr_line' id='line_1_31' title="bbox 345 3607 1453 3695; baseline -0.003 -20"><span class='ocrx_word' id='word_1_254' title='bbox 345 3609 519 3695; x_wconf 87' lang='lat' dir='ltr'>assumptis</span> <span class='ocrx_word' id='word_1_255' title='bbox 549 3618 609 3674; x_wconf 85' lang='lat' dir='ltr'>etc.</span> <span class='ocrx_word' id='word_1_256' title='bbox 635 3608 675 3672; x_wconf 93' lang='lat' dir='ltr'>de</span> <span class='ocrx_word' id='word_1_257' title='bbox 705 3609 862 3672; x_wconf 84' lang='lat' dir='ltr'>comitatu</span> <span class='ocrx_word' id='word_1_258' title='bbox 892 3631 950 3672; x_wconf 91' lang='lat' dir='ltr'>suo</span> <span class='ocrx_word' id='word_1_259' title='bbox 975 3607 1044 3672; x_wconf 90' lang='lat' dir='ltr'>sine</span> <span class='ocrx_word' id='word_1_260' title='bbox 1075 3607 1230 3672; x_wconf 86' lang='lat' dir='ltr'>dilacione</span> <span class='ocrx_word' id='word_1_261' title='bbox 1260 3607 1295 3672; x_wconf 90' lang='grc'>111</span> <span class='ocrx_word' id='word_1_262' title='bbox 1324 3607 1453 3692; x_wconf 88' lang='lat' dir='ltr'>propria</span> 
     </span>
     <span class='ocr_line' id='line_1_32' title="bbox 345 3711 1453 3801; baseline -0.002 -23"><span class='ocrx_word' id='word_1_263' title='bbox 345 3736 482 3801; x_wconf 81' lang='lat' dir='ltr'>persona</span> <span class='ocrx_word' id='word_1_264' title='bbox 511 3712 642 3777; x_wconf 87' lang='lat' dir='ltr'>accedat</span> <span class='ocrx_word' id='word_1_265' title='bbox 671 3711 713 3776; x_wconf 87' lang='lat' dir='ltr'>ad</span> <span class='ocrx_word' id='word_1_266' title='bbox 743 3735 853 3776; x_wconf 89' lang='lat' dir='ltr'>omnes</span> <span class='ocrx_word' id='word_1_267' title='bbox 879 3719 981 3776; x_wconf 83' lang='lat' dir='ltr'>terras</span> <span class='ocrx_word' id='word_1_268' title='bbox 1007 3734 1086 3797; x_wconf 85' lang='lat' dir='ltr'>quas</span> <span class='ocrx_word' id='word_1_269' title='bbox 1112 3712 1211 3798; x_wconf 88' lang='lat' dir='ltr'>Hugo</span> <span class='ocrx_word' id='word_1_270' title='bbox 1238 3711 1278 3775; x_wconf 93' lang='lat' dir='ltr'>de</span> <span class='ocrx_word' id='word_1_271' title='bbox 1303 3711 1453 3776; x_wconf 85' lang='lat' dir='ltr'>Scalariis</span> 
     </span>
     <span class='ocr_line' id='line_1_33' title="bbox 347 3813 1452 3903; baseline -0.001 -22"><span class='ocrx_word' id='word_1_272' title='bbox 347 3817 508 3903; x_wconf 89' lang='lat' dir='ltr'>quondam</span> <span class='ocrx_word' id='word_1_273' title='bbox 524 3815 576 3880; x_wconf 90' lang='lat' dir='ltr'>uir</span> <span class='ocrx_word' id='word_1_274' title='bbox 590 3815 651 3881; x_wconf 89' lang='lat' dir='ltr'>Ale</span> <span class='ocrx_word' id='word_1_275' title='bbox 667 3815 775 3879; x_wconf 88' lang='lat' dir='ltr'>tenuit</span> <span class='ocrx_word' id='word_1_276' title='bbox 795 3815 829 3879; x_wconf 92' lang='lat' dir='ltr'>in</span> <span class='ocrx_word' id='word_1_277' title='bbox 850 3815 1007 3879; x_wconf 87' lang='lat' dir='ltr'>comitatu</span> <span class='ocrx_word' id='word_1_278' title='bbox 1027 3837 1094 3892; x_wconf 90' lang='lat' dir='ltr'>suo,</span> <span class='ocrx_word' id='word_1_279' title='bbox 1109 3823 1177 3878; x_wconf 91' lang='lat' dir='ltr'>tam</span> <span class='ocrx_word' id='word_1_280' title='bbox 1198 3814 1240 3878; x_wconf 91' lang='lat' dir='ltr'>ad</span> <span class='ocrx_word' id='word_1_281' title='bbox 1259 3823 1361 3878; x_wconf 87' lang='lat' dir='ltr'>terras</span> <span class='ocrx_word' id='word_1_282' title='bbox 1380 3813 1452 3880; x_wconf 85' lang='lat' dir='ltr'>illas</span> 
     </span>
     <span class='ocr_line' id='line_1_34' title="bbox 347 3917 1452 4007; baseline -0.002 -22"><span class='ocrx_word' id='word_1_283' title='bbox 347 3943 427 4007; x_wconf 83' lang='lat' dir='ltr'>quas</span> <span class='ocrx_word' id='word_1_284' title='bbox 456 3919 617 3985; x_wconf 89' lang='lat' dir='ltr'>Henricus</span> <span class='ocrx_word' id='word_1_285' title='bbox 647 3919 687 3983; x_wconf 90' lang='lat' dir='ltr'>de</span> <span class='ocrx_word' id='word_1_286' title='bbox 718 3919 868 3984; x_wconf 84' lang='lat' dir='ltr'>Scalariis</span> <span class='ocrx_word' id='word_1_287' title='bbox 898 3919 984 3983; x_wconf 92' lang='lat' dir='ltr'>filius</span> <span class='ocrx_word' id='word_1_288' title='bbox 1019 3919 1156 4004; x_wconf 91' lang='lat' dir='ltr'>predicti</span> <span class='ocrx_word' id='word_1_289' title='bbox 1191 3917 1342 4006; x_wconf 86' lang='lat' dir='ltr'>Hugonis</span> <span class='ocrx_word' id='word_1_290' title='bbox 1376 3919 1452 3984; x_wconf 91' lang='lat' dir='ltr'>inde</span> 
     </span>
     <span class='ocr_line' id='line_1_35' title="bbox 348 4022 1452 4109; baseline -0.001 -21"><span class='ocrx_word' id='word_1_291' title='bbox 348 4032 448 4100; x_wconf 90' lang='lat' dir='ltr'>tenet,</span> <span class='ocrx_word' id='word_1_292' title='bbox 472 4045 569 4109; x_wconf 93' lang='lat' dir='ltr'>quam</span> <span class='ocrx_word' id='word_1_293' title='bbox 596 4022 638 4086; x_wconf 91' lang='lat' dir='ltr'>ad</span> <span class='ocrx_word' id='word_1_294' title='bbox 663 4022 735 4086; x_wconf 88' lang='lat' dir='ltr'>illas</span> <span class='ocrx_word' id='word_1_295' title='bbox 761 4022 789 4086; x_wconf 92' lang='lat' dir='ltr'>si</span> <span class='ocrx_word' id='word_1_296' title='bbox 815 4045 895 4108; x_wconf 88' lang='lat' dir='ltr'>quas</span> <span class='ocrx_word' id='word_1_297' title='bbox 920 4023 1066 4109; x_wconf 89' lang='lat' dir='ltr'>predicta</span> <span class='ocrx_word' id='word_1_298' title='bbox 1094 4023 1158 4087; x_wconf 86' lang='lat' dir='ltr'>Ala</span> <span class='ocrx_word' id='word_1_299' title='bbox 1187 4022 1263 4088; x_wconf 91' lang='lat' dir='ltr'>inde</span> <span class='ocrx_word' id='word_1_300' title='bbox 1293 4030 1395 4100; x_wconf 87' lang='lat' dir='ltr'>tenet,</span> <span class='ocrx_word' id='word_1_301' title='bbox 1418 4033 1452 4088; x_wconf 88' lang='lat' dir='ltr'>et</span> 
     </span>
     <span class='ocr_line' id='line_1_36' title="bbox 348 4125 1452 4213; baseline -0.001 -21"><span class='ocrx_word' id='word_1_302' title='bbox 348 4150 406 4213; x_wconf 90' lang='lat' dir='ltr'>per</span> <span class='ocrx_word' id='word_1_303' title='bbox 440 4149 550 4191; x_wconf 88' lang='lat' dir='ltr'>eorum</span> <span class='ocrx_word' id='word_1_304' title='bbox 585 4125 692 4190; x_wconf 87' lang='lat' dir='ltr'>uisum</span> <span class='ocrx_word' id='word_1_305' title='bbox 722 4125 879 4190; x_wconf 89' lang='lat' dir='ltr'>auxilium</span> <span class='ocrx_word' id='word_1_306' title='bbox 914 4134 949 4190; x_wconf 89' lang='lat' dir='ltr'>et</span> <span class='ocrx_word' id='word_1_307' title='bbox 983 4125 1152 4190; x_wconf 89' lang='lat' dir='ltr'>consilium</span> <span class='ocrx_word' id='word_1_308' title='bbox 1189 4125 1258 4190; x_wconf 83' lang='lat' dir='ltr'>sine</span> <span class='ocrx_word' id='word_1_309' title='bbox 1295 4125 1452 4192; x_wconf 89' lang='lat' dir='ltr'>dilacione</span> 
     </span>
    </p>
   </div>
   <div class='ocr_carea' id='block_1_3' title="bbox 347 4313 1453 4510">
    <p class='ocr_par' dir='ltr' id='par_1_3' title="bbox 347 4313 1453 4510">
     <span class='ocr_line' id='line_1_37' title="bbox 380 4313 1453 4379; baseline 0 -14"><span class='ocrx_word' id='word_1_310' title='bbox 380 4315 463 4365; x_wconf 74' lang='grc' dir='ltr'>ι1111</span> <span class='ocrx_word' id='word_1_311' title='bbox 485 4314 626 4364; x_wconf 81' lang='lat' dir='ltr'>defendant</span> <span class='ocrx_word' id='word_1_312' title='bbox 649 4313 737 4376; x_wconf 81' lang='lat' dir='ltr'>pleads</span> <span class='ocrx_word' id='word_1_313' title='bbox 763 4329 874 4364; x_wconf 85' lang='lat' dir='ltr'>suceess-</span> <span class='ocrx_word' id='word_1_314' title='bbox 925 4314 1453 4379; x_wconf 81' lang='lat' dir='ltr'>abateswithoutprejudicatoanyfutura</span> 
     </span>
     <span class='ocr_line' id='line_1_38' title="bbox 347 4379 1020 4445; baseline 0 -13"><span class='ocrx_word' id='word_1_315' title='bbox 347 4381 412 4443; x_wconf 74' lang='lat' dir='ltr'>fully</span> <span class='ocrx_word' id='word_1_316' title='bbox 423 4381 482 4430; x_wconf 86' lang='grc'><strong>11111</strong></span> <span class='ocrx_word' id='word_1_317' title='bbox 493 4380 538 4430; x_wconf 84' lang='lat' dir='ltr'>tha</span> <span class='ocrx_word' id='word_1_318' title='bbox 551 4383 629 4429; x_wconf 85' lang='lat' dir='ltr'>count</span> <span class='ocrx_word' id='word_1_319' title='bbox 642 4379 778 4445; x_wconf 71' lang='lat' dir='ltr'>(nanceio)</span> <span class='ocrx_word' id='word_1_320' title='bbox 790 4381 875 4430; x_wconf 76' lang='lat' dir='ltr'>varies</span> <span class='ocrx_word' id='word_1_321' title='bbox 926 4381 1020 4432; x_wconf 84' lang='lat' dir='ltr'>action.</span> 
     </span>
     <span class='ocr_line' id='line_1_39' title="bbox 347 4445 1408 4510; baseline 0 -14"><span class='ocrx_word' id='word_1_322' title='bbox 347 4448 414 4497; x_wconf 68' lang='lat' dir='ltr'>[rom</span> <span class='ocrx_word' id='word_1_323' title='bbox 432 4445 477 4494; x_wconf 87' lang='lat' dir='ltr'>the</span> <span class='ocrx_word' id='word_1_324' title='bbox 493 4445 549 4494; x_wconf 73' lang='lat' dir='ltr'>urit</span> <span class='ocrx_word' id='word_1_325' title='bbox 568 4445 668 4510; x_wconf 78' lang='lat' dir='ltr'>(breue).</span> <span class='ocrx_word' id='word_1_326' title='bbox 681 4459 710 4496; x_wconf 89' lang='lat' dir='ltr'>so</span> <span class='ocrx_word' id='word_1_327' title='bbox 727 4445 771 4496; x_wconf 87' lang='lat' dir='ltr'>the</span> <span class='ocrx_word' id='word_1_328' title='bbox 788 4447 875 4495; x_wconf 84' lang='lat' dir='ltr'>action</span> <span class='ocrx_word' id='word_1_329' title='bbox 957 4447 967 4478; x_wconf 76' lang='lat'><strong>²</strong></span> <span class='ocrx_word' id='word_1_330' title='bbox 985 4446 1097 4496; x_wconf 85' lang='lat' dir='ltr'>Written</span> <span class='ocrx_word' id='word_1_331' title='bbox 1110 4446 1143 4509; x_wconf 87' lang='lat' dir='ltr'>by</span> <span class='ocrx_word' id='word_1_332' title='bbox 1155 4445 1199 4496; x_wconf 87' lang='lat' dir='ltr'>the</span> <span class='ocrx_word' id='word_1_333' title='bbox 1210 4445 1319 4509; x_wconf 84' lang='lat' dir='ltr'>copying</span> <span class='ocrx_word' id='word_1_334' title='bbox 1331 4445 1408 4496; x_wconf 87' lang='lat' dir='ltr'>olerk.</span> 
     </span>
    </p>
   </div>
   <div class='ocr_carea' id='block_1_4' title="bbox 0 0 1646 5218">
    <p class='ocr_par' dir='ltr' id='par_1_4' title="bbox 0 0 1646 5218">
     <span class='ocr_line' id='line_1_40' title="bbox 0 0 1646 5218; baseline 0 0"><span class='ocrx_word' id='word_1_335' title='bbox 0 0 1646 5218; x_wconf 95' lang='lat' dir='ltr'> </span> 
     </span>
    </p>
   </div>
  </div>
 </body>
</html>
