3360 5236
350 427 412 488 566
646 438 788 499 urerer,
811 439 876 487 ιι).
902 425 995 500 1233,
1017 439 1080 489 ιιι.
1105 422 1156 491 17.

349 612 434 700 quod
457 620 530 700 post
552 613 650 678 finem
672 613 765 679 illum
788 621 823 679 et
846 622 918 700 post
939 610 1140 679 concordiam
1163 614 1282 678 factem
1304 611 1461 677 conuenit

348 717 396 782 ite
411 717 564 783 intereos
579 717 665 804 quod
680 717 751 802 ipse
770 717 896 782 remisit
917 725 951 782 et
972 717 1120 804 quietum
1142 717 1298 783 clamauit
1319 739 1396 782 eum
1418 716 1462 780 de

348 821 497 886 omnibus
512 820 782 886 conuencionibus
796 820 883 884 inter
897 843 950 885 eos
966 821 1059 886 fectis
1071 830 1140 886 tem
1155 843 1213 906 per
1224 819 1462 906 cyrographum

348 924 430 990 illud
453 946 550 1010 quem
575 924 721 1010 perella
746 924 875 1010 scripte,
898 933 933 990 et
958 925 1034 990 inde
1058 925 1180 1011 profert
1208 932 1331 990 certem
1356 923 1464 1009 ipsius

348 1029 480 1093 Lorette
504 1051 567 1115 que
590 1027 650 1094 hoc
670 1035 819 1106 testetur,
835 1051 933 1114 quom
952 1027 1023 1113 ipsa
1038 1027 1255 1093 contradicere
1270 1050 1335 1092 non
1349 1033 1464 1112 potest

349 1133 426 1218 quia
454 1133 525 1218 ipse
554 1132 690 1218 probate
715 1141 765 1196 est
778 1131 987 1196 sufficienter
1011 1153 1069 1218 per
1091 1130 1297 1196 collacionem
1320 1129 1462 1195 alierum

348 1243 508 1300 cartorum
524 1259 604 1322 ques
618 1236 689 1322 ipso
701 1235 920 1301 contradicere
935 1259 1000 1300 non
1014 1243 1132 1322 potest,
1143 1243 1178 1300 et
1189 1234 1262 1300 ideo
1277 1233 1462 1300 considere·

348 1347 419 1402 tum
443 1347 494 1403 est
520 1337 606 1424 quod
629 1338 791 1404 Suffridus
813 1338 888 1404 inde
911 1339 1042 1426 quietus
1064 1347 1099 1404 et
1122 1339 1256 1404 Lorette
1276 1338 1311 1403 in
1333 1337 1463 1403 miseri-

347 1441 461 1508 cordie
477 1464 602 1528 pauper
616 1450 674 1507 est.

224 1559 296 1624 745.
411 1547 435 1612 J
435 1547 577 1612 ohannes
592 1547 631 1612 de
645 1547 823 1613 Stuteuilla
834 1546 956 1632 optulit
968 1569 1001 1611 se
1013 1545 1092 1632 iiijw.
1105 1544 1159 1610 die
1170 1567 1283 1609 uersus
1293 1543 1462 1630 Agnetem

234 1659 285 1700 ⁸¹¹ss
347 1649 534 1716 Priorisscm
558 1651 598 1717 de
627 1652 819 1738 Campeseie
842 1673 905 1737 que
932 1673 965 1716 se
991 1649 1168 1716 cssonienit
1196 1650 1237 1716 de
1266 1649 1352 1714 melo
1381 1647 1463 1712 lecti

230 1774 288 1823 [roe]
347 1775 459 1818 uersus
474 1777 550 1818 eum
566 1754 606 1820 de
621 1755 741 1840 placito
760 1753 765 1839 Ι
785 1763 870 1820 terre
885 1754 920 1818 in
935 1777 1013 1820 com
1030 1752 1206 1820 Cauntebr.
1245 1753 1288 1817 Et
1303 1751 1463 1816 Priorissa

254 1895 256 1900 .
346 1879 411 1922 non
426 1858 519 1923 uenit
534 1867 593 1924 etc.
610 1881 669 1924 nec
684 1858 805 1923 milites
820 1858 877 1944 qui
893 1860 1040 1924 fecerunt
1055 1858 1163 1924 uisum
1179 1858 1219 1924 de
1235 1880 1281 1922 ee
1324 1857 1368 1921 Et
1383 1856 1461 1921 ideo

346 1961 525 2026 uicecomes
539 1961 658 2026 habeat
672 1984 803 2048 corpora
817 1985 928 2026 eorum
943 1962 979 2026 in
994 1961 1066 2028 Oct.
1083 1969 1143 2026 etc.

224 2059 296 2128 746
411 2065 504 2130 Idem
520 2065 685 2131 Johennes
700 2065 820 2151 optulit
836 2065 960 2152 seiiij.
931 2065 1029 2131 t‘'die
1046 2087 1157 2130 uersus
1173 2062 1308 2128 eandem
1324 2063 1462 2127 Prioris-

185 2221 218 2260 Ν
219 2225 262 2271 Ν
263 2223 305 2264 Ν
345 2189 415 2233 sem
426 2169 467 2235 de
479 2168 597 2254 placito
610 2167 780 2234 leodidim.
796 2168 892 2233 milit
870 2179 911 2233 trs
926 2191 1000 2234 cum
1015 2177 1096 2254 pert.
1112 2167 1147 2232 in
1162 2167 1354 2232 Dedeuham
1370 2166 1461 2252 quod

184 2279 240 2354 32?
231 2233 418 2358 ⁰¹1³„3lsspse
432 2273 550 2338 clamet
565 2280 604 2336 ut
618 2272 669 2337 ius
683 2295 779 2337 suum
795 2295 908 2336 uersus
922 2294 997 2336 eum
1013 2294 1071 2356 per
1091 2271 1191 2336 breue
1211 2270 1251 2335 de
1271 2279 1366 2334 recto.
1411 2269 1462 2333 Et

184 2371 257 2401 ¹¹⁰³
267 2374 356 2404 ‘mum'
276 2399 418 2462 ipsa
431 2399 496 2440 non
510 2375 612 2453 uenit,
628 2385 679 2440 set
693 2374 853 2440 essonieta
868 2374 931 2439 fuit
946 2397 1059 2439 uersus
1074 2395 1150 2438 eum
1164 2372 1206 2438 de
1220 2373 1306 2438 melo
1320 2371 1398 2436 lecti
1413 2369 1459 2436 de

183 2412 315 2589 ἓξὲξ
347 2479 410 2543 elio
425 2479 552 2564 placito
597 2479 640 2542 Et
663 2477 735 2543 ideo
757 2477 913 2542 iudicium
937 2477 1071 2563 ponitur
1092 2477 1127 2542 in
1149 2484 1330 2563 respectum
1354 2497 1461 2562 usque

184 2595 335 2646 rhenum
347 2581 388 2646 ed
404 2581 524 2647 Octt
452 2589 549 2646 ttec.

223 2683 297 2752 747.
412 2683 572 2748 Rodulfus
609 2682 720 2746 Painel
757 2683 973 2748 summonitus
1009 2683 1073 2747 fuit
1114 2683 1156 2748 ed
1197 2680 1459 2768 respondendum

231 2782 287 2825 '⁴¹⁰²
347 2786 481 2874 Hugoni
498 2785 610 2850 Peinel
626 2786 666 2849 de
681 2785 800 2870 placito
815 2809 914 2874 quere
929 2809 994 2852 non
1009 2787 1134 2851 fecit
1106 2809 1138 2851 er
1157 2786 1407 2852 consuetudines
1423 2795 1460 2850 et

183 2849 289 2936 efflei?
247 2907 301 2936 0⁰¹⁰·
346 2899 435 2955 recte
449 2882 585 2954 seruicia
601 2911 663 2975 que
684 2913 715 2953 er
705 2889 838 2954 'fecere
859 2889 958 2954 debet
978 2887 1019 2954 de
1040 2890 1141 2955 libero
1162 2898 1350 2954 tenemento
1370 2889 1459 2975 quod

185 2946 325 2986 mimi
346 2993 433 3058 idem
450 2993 574 3058 Radulf
571 3016 609 3057 us
624 3001 735 3057 tenere
749 2992 849 3057 debet
863 2993 904 3058 de
919 2993 1064 3080 predicto
1080 2993 1251 3080 Hugone'
1242 3016 1277 3057 ιιι
1293 2995 1460 3080 Bergtona

347 3105 382 3160 et
412 3095 593 3181 Keystorpe
624 3103 663 3159 ut
692 3094 779 3159 idem
809 3096 910 3182 Hugo
938 3096 1028 3174 dicit,
1057 3106 1092 3161 et
1117 3097 1204 3183 quod
1230 3105 1457 3161 tenementum

347 3199 511 3285 predictus
527 3198 686 3263 Redulfus
700 3199 820 3263 clamat
834 3208 946 3264 tenere
962 3199 1003 3265 de
1023 3197 1155 3264 Andree
1175 3199 1308 3264 Luterel
1324 3207 1362 3264 ut
1376 3199 1459 3263 dicit

348 3311 418 3378 etc,
432 3309 466 3365 et
482 3301 568 3366 unde
583 3301 668 3388 petit
683 3301 724 3366 eb
744 3323 783 3366 eo
805 3301 942 3366 seruicia
963 3301 1049 3366 feodi
1066 3302 1091 3386 j.
1112 3301 1226 3366 militis
1248 3302 1280 3366 in
1304 3301 1460 3388 predictis

348 3404 397 3469 et¹
419 3405 515 3482 uillis,
537 3414 572 3470 et
595 3405 681 3470 unde
703 3403 783 3469 dicit
805 3405 892 3490 quod
914 3414 963 3470 est
986 3405 1020 3470 in
1043 3405 1162 3470 seisine
1182 3405 1223 3470 de
1245 3405 1399 3492 scutagiis
1422 3414 1458 3470 et

348 3509 434 3595 quod
458 3509 617 3574 Redulfus
637 3509 669 3573 ei
688 3508 765 3572 secit
785 3509 969 3594 scutagium
990 3517 1135 3595 tempore
1155 3509 1258 3595 ipsius
1277 3509 1407 3574 Andree
1422 3519 1458 3574 et

348 3621 493 3698 tempore
518 3613 707 3677 Fretesante
733 3612 846 3676 matris
871 3613 973 3698 ipsius
997 3613 1127 3678 Andree
1153 3621 1187 3677 et
1213 3613 1299 3698 quod
1323 3613 1354 3678 ei
1379 3614 1458 3678 fecit

347 3714 531 3800 scutagium
560 3715 714 3780 ultimum
744 3713 785 3778 de
816 3715 972 3794 Britenie,
1002 3725 1053 3781 set
1082 3717 1246 3805 cognoscit
1275 3715 1361 3804 quod
1390 3739 1456 3781 non

348 3818 435 3903 cepit
449 3817 635 3904 homagium
651 3818 753 3904 ipsius
768 3817 905 3883 Redulfi.

414 3923 457 3985 Et
472 3921 631 3986 Redulfus
646 3922 739 3988 uenit
759 3931 794 3986 et
814 3923 961 3988 defendit
981 3923 1067 4009 quod
1087 3924 1212 3988 nullum
1236 3923 1408 3989 seruicium
1424 3923 1455 3988 ei

348 4025 446 4090 debet
459 4025 501 4094 de
516 4024 660 4110 predicto
675 4034 864 4091 tenemento
879 4049 939 4092 nec
959 4025 1089 4113 aliquod
1108 4035 1333 4092 tenementum
1354 4027 1395 4092 de
1416 4049 1455 4092 eo

349 4137 441 4194 tenet
456 4150 514 4193 nec
529 4135 639 4192 tenere
659 4129 788 4207 clemet,
803 4137 838 4194 et
859 4129 939 4194 dicit
961 4129 1048 4215 quod
1069 4138 1180 4195 tenere
1203 4131 1301 4196 debet
1322 4130 1363 4195 de
1385 4130 1456 4216 ipso

218 4381 222 4389 Ι
381 4323 456 4374 ²Sce
472 4325 524 4374 last
541 4339 604 4375 cese.
625 4325 668 4376 Br.
688 4326 707 4375 l.
724 4325 876 4376 oleorum
927 4320 1150 4376 isnottlrlscose.

349 4403 408 4438 cese
425 4395 451 4438 to
468 4389 522 4439 this
538 4391 612 4439 effect
629 4391 695 4440 lrom
710 4390 788 4441 Mich.
801 4391 831 4440 A.
844 4391 875 4440 R.
960 4390 970 4422 ²¹
987 4390 1058 4440 omit
1071 4397 1103 4439 et.

351 4454 454 4512 15—16,
468 4453 549 4504 which
561 4455 574 4503 I
585 4454 650 4505 heve
666 4459 712 4505 not
726 4455 816 4504 found.
852 4456 875 4504 It
