3260 5218
360 433 401 496 30
547 445 674 494 nisrnn
696 445 769 494 iun
791 444 940 505 rnnurr,
962 444 1026 494 nn.
1051 432 1144 505 1219,
1167 444 1230 496 nn.
1254 432 1282 496 3.

360 615 521 703 Morgeria
544 615 585 680 de
610 615 749 699 Sumery
772 613 904 677 domina
927 612 1011 677 feodi
1035 613 1065 678 ei
1088 613 1128 677 de
1151 614 1220 678 iure
1243 613 1414 691 defecerat,
1436 619 1477 677 et

360 718 437 784 inde
466 717 620 804 produxit
645 724 766 781 sectam
796 715 1011 779 sufficientem
1042 716 1165 780 scilicet
1190 715 1352 802 quendam
1382 716 1474 780 Gile-

361 821 491 886 bertum
521 828 555 885 et
585 819 747 906 quendam
778 818 979 883 Willelmum
1009 819 1066 904 qui
1096 819 1155 882 hoc
1185 819 1369 883 testificant.
1426 819 1474 882 Et

320 939 324 948 '
360 925 534 990 comitatus
557 921 773 988 considerauit
797 920 883 1006 quod
907 921 1072 1006 predictus
1096 921 1283 986 Gilebertus
1306 943 1471 985 unacum

360 1027 468 1092 Adam
492 1027 584 1091 Balle
608 1026 770 1090 seruiente
795 1025 918 1089 domini
942 1025 1042 1110 Regis
1065 1026 1128 1090 iret
1154 1025 1196 1090 ad
1221 1025 1343 1089 curiam
1369 1024 1471 1110 ipsius

362 1130 521 1216 Margerie
549 1136 583 1194 et
609 1128 644 1192 in
673 1127 840 1214 presencia
868 1128 1041 1213 proborum
1075 1128 1244 1192 hominum
1276 1127 1323 1191 ibi
1357 1127 1469 1212 proba·
1510 1157 1513 1162 ·

362 1242 413 1298 ret
434 1233 597 1300 defaltam.
642 1230 696 1296 Ad
718 1230 902 1316 proximum
928 1253 1006 1294 uero
1032 1231 1225 1295 comitatum
1251 1231 1374 1294 scilicet
1400 1229 1470 1294 die¹

362 1335 515 1401 Mercurii
553 1333 700 1420 proxima
733 1340 807 1418 post
839 1333 959 1396 festum
991 1333 1141 1399 Annunc.
1172 1333 1203 1398 S.
1237 1333 1340 1397 Marie
1377 1333 1471 1396 uenit

362 1439 526 1526 predictus
544 1437 731 1503 Gilebertus
751 1445 785 1501 ct
806 1437 885 1500 tulit
905 1436 1005 1501 breue
1025 1459 1121 1501 suum
1136 1445 1170 1502 et
1184 1436 1349 1522 predictus
1363 1436 1470 1500 Adam

363 1543 506 1609 seruiens
528 1542 674 1628 quesitus
697 1549 807 1605 utrum
830 1539 995 1626 predictus
1017 1541 1203 1606 Gilebertus
1225 1540 1380 1604 defaltam
1398 1563 1469 1626 pro-

363 1643 479 1720 basset,
494 1642 573 1706 dicit
593 1641 679 1727 quod
700 1641 801 1705 eciam
822 1663 928 1706 coram
949 1664 988 1706 eo
1010 1652 1044 1706 et
1066 1665 1171 1706 coram
1194 1641 1354 1707 Aunfiido
1375 1641 1416 1704 de
1440 1642 1471 1705 la

364 1745 502 1809 Marcet
518 1743 673 1808 Mauricio
688 1742 729 1807 de
745 1742 930 1808 Oolestrode
946 1743 1110 1808 Willelmo
1132 1743 1172 1808 de
1188 1743 1421 1808 Herteshurste
1437 1751 1472 1806 et

364 1847 527 1914 Willelmo
546 1846 587 1909 de
608 1845 777 1930 Pestelega
796 1844 853 1929 qui
873 1855 1035 1908 uenerunt
1057 1854 1091 1909 et
1111 1845 1170 1910 hoc
1193 1845 1308 1910 testati
1328 1847 1469 1910 fuerunt.

364 1951 408 2015 Et
422 1951 595 2015 comitatus
612 1948 827 2013 considerauit
847 1948 933 2034 quod
954 1949 1153 2035 Reginaldus
1174 1950 1215 2015 de
1238 1952 1361 2014 Breusa
1382 1971 1471 2014 sum·

363 2063 548 2119 moneretur
562 2075 620 2140 per
637 2061 758 2117 sectam
778 2052 992 2145 sufficientem
1012 2053 1097 2138 quod
1119 2063 1204 2118 esset
1223 2054 1265 2118 ad
1286 2053 1470 2139 proximum

362 2156 553 2221 comitatum
574 2155 695 2219 scilicet
716 2153 813 2218 festo·
829 2153 859 2218 S.
877 2154 979 2218 Marci
995 2155 1122 2240 Euang.
1138 2155 1283 2240 predicto
1304 2155 1472 2220 Gileberto

363 2279 572 2342 responsurus
591 2256 632 2320 dc
654 2255 799 2341 predicto
821 2255 914 2319 feodo
936 2257 1113 2320 secundum
1135 2267 1324 2342 preceptum
1347 2257 1471 2322 domini

363 2361 469 2446 Regis
514 2359 568 2425 Ad
582 2359 675 2422 illum
690 2359 881 2423 comitatum
897 2360 1018 2424 scilicet
1033 2359 1075 2424 ad
1089 2360 1176 2424 diem
1191 2361 1374 2446 predictum
1390 2361 1471 2426 tulit

362 2463 526 2550 predictus
552 2463 739 2526 Gilebertus
764 2463 863 2527 breue
890 2486 985 2528 suum
1015 2472 1050 2528 et
1079 2465 1200 2550 optulit
1229 2487 1272 2542 se,
1300 2474 1334 2530 et
1362 2466 1470 2530 Adam

362 2567 506 2632 seruiens
522 2567 668 2652 quesitus
683 2575 794 2629 utrum
809 2567 974 2651 predictus
988 2567 1189 2652 Reginaldus
1203 2577 1472 2644 summoueretur,

362 2669 442 2734 dicit
464 2668 550 2755 quod
571 2667 674 2732 eciam
696 2689 754 2761 per
775 2667 950 2732 Anfridum
972 2668 1012 2732 de
1036 2669 1128 2733 Mora
1149 2677 1184 2733 et
1209 2670 1403 2734 Mauricium
1429 2669 1471 2734 de

363 2772 549 2840 Colestrode
564 2772 621 2858 qui
635 2780 801 2857 presentes
816 2773 875 2836 hoc
891 2773 1003 2836 testati
1018 2781 1104 2848 sunt,
1119 2781 1154 2836 et
1168 2771 1255 2836 idem
1270 2772 1472 2858 Reginaldus

363 2877 580 2962 interrogatus
600 2875 663 2940 fuit
683 2875 792 2952 semel,
807 2873 947 2939 secundo
962 2883 996 2938 et
1012 2875 1111 2939 tercio
1126 2883 1160 2939 et
1175 2898 1240 2939 non
1255 2876 1347 2939 uenit
1362 2898 1422 2940 nec
1437 2898 1471 2940 se

363 2979 547 3056 essoniauit,
572 2987 607 3044 et
632 2979 843 3044 summonicio
873 2986 995 3042 testata
1023 2978 1088 3042 fuit
1118 2977 1204 3042 unde
1233 2978 1471 3044 consideratum

363 3083 427 3148 fuit
449 3083 534 3170 quod
557 3092 643 3147 terra
665 3084 721 3148 illa
742 3092 913 3168 caperetur
934 3082 969 3146 in
990 3104 1123 3145 manum
1146 3081 1269 3146 domini
1291 3081 1392 3168 Regis
1413 3104 1473 3168 per

362 3187 470 3252 uisum
491 3196 549 3252 etc.
566 3196 600 3252 et
620 3186 689 3251 dies
711 3187 870 3272 capcionis
893 3185 1102 3250 mandaretur
1123 3195 1157 3249 et
1180 3185 1358 3250 uicecomes
1379 3209 1470 3251 man-

278 3333 283 3345 ·
362 3286 455 3353 dauit
491 3288 579 3352 diem
615 3289 776 3374 capcionis
812 3297 847 3352 et
883 3288 970 3351 idom
1007 3287 1208 3373 Reginaldus
1231 3286 1235 3374 Ι
1260 3290 1376 3352 resum¹
1413 3311 1472 3374 per

362 3399 484 3456 sectam
513 3392 728 3457 sufficientem
758 3391 844 3478 quod
874 3402 958 3456 essct
988 3391 1029 3456 ad
1058 3393 1241 3477 proximum
1278 3393 1470 3458 comitatum

362 3494 534 3560 auditurus
547 3496 714 3561 recordum
730 3505 764 3560 et
784 3497 976 3561 racionabile
997 3495 1153 3561 iudicium
1173 3519 1269 3561 suum
1289 3497 1330 3561 de
1350 3496 1473 3561 defalta

362 3604 398 3662 et
420 3597 552 3684 capitali
575 3597 701 3683 placito.
755 3597 808 3662 Ad
831 3599 1014 3684 proximum
1036 3621 1114 3662 uero
1135 3598 1326 3663 comitatum
1349 3598 1472 3663 scilicet

362 3701 435 3766 die³
475 3701 628 3768 Mercurii
668 3703 789 3788 vigiliis
829 3703 1034 3768 Ascensionis
1074 3703 1208 3768 Domini
1248 3703 1327 3768 tulit
1364 3703 1472 3768 dictus

364 3804 549 3870 Gilebertus
577 3805 677 3870 breue
703 3828 798 3870 suum
825 3814 859 3870 et
885 3805 991 3870 Adam
1017 3806 1161 3871 seruiens
1187 3808 1334 3892 quesitus
1359 3815 1470 3873 utrum

363 3908 595 3973 terramillam
621 3907 759 3993 cepisset
784 3907 819 3972 in
844 3931 977 3973 menum
1004 3908 1127 3975 domini
1153 3911 1254 3996 Regis
1278 3911 1359 3976 dicit
1384 3911 1471 3996 quod

363 4012 465 4077 eciam
494 4020 529 4076 et
559 4011 645 4098 quod
674 4020 770 4098 capta
798 4012 862 4077 fuit
887 4013 922 4077 in
948 4013 1101 4078 crastino⁴
1127 4015 1300 4080 comitatus
1325 4015 1470 4100 proximo

362 4116 511 4202 preteriti
532 4117 655 4181 scilicet
676 4117 729 4181 die
751 4117 845 4182 Jouis
865 4139 923 4203 per
942 4118 1050 4183 uisum
1071 4119 1200 4184 Anfridi
1220 4119 1260 4192 de
1281 4120 1313 4184 la
1330 4119 1420 4184 Mare
1436 4130 1470 4184 et

364 4219 521 4284 Willelmi
556 4219 597 4285 de
634 4221 862 4286 Hortesherste
900 4231 933 4285 et
964 4222 1120 4286 Willelmi
1156 4222 1196 4287 de
1230 4223 1399 4308 Pestelege
1436 4233 1470 4286 et

526 4388 534 4420 ¹
552 4388 615 4440 Mth
626 4389 724 4448 March,
737 4391 808 4441 mlo.
1104 4392 1115 4424 ³
1132 4390 1194 4440 lach
1206 4391 1275 4453 Moy.

527 4453 536 4484 ¹
554 4455 615 4503 ooth
627 4455 706 4517 April,
722 4459 793 4507 1219.
1104 4459 1115 4490 ⁴
1132 4456 1194 4506 ooth
1205 4457 1285 4519 April.
