3276 5234
333 437 396 502 206
638 448 776 510 merra,
798 447 862 499 sn.
886 432 979 510 1227,
1002 447 1065 498 aa.
1090 436 1139 497 11.

330 620 469 686 cendum
484 629 596 686 utrum
612 620 713 706 Hugo
727 618 768 684 de
785 619 919 684 Neuilla
938 619 995 706 qui
1014 619 1101 706 petit
1120 618 1226 684 maius
1246 619 1298 684 ius
1317 618 1440 684 habeat

330 723 365 788 in
380 746 447 788 una
460 733 612 788 carucata
631 731 666 788 et
687 723 726 808 vj.
744 722 873 787 bouatis
893 729 978 786 terre
1000 745 1075 787 cum
1095 731 1175 808 pert.
1191 721 1226 786 in
1247 721 1440 788 Glentham²

330 835 366 892 et
387 827 422 892 in
442 826 552 892 dimid.
569 849 670 891 carue.
687 825 772 892 terre
793 849 867 891 oum
883 834 964 912 pert.
979 827 1015 890 in
1031 826 1138 904 Oetes,
1152 849 1196 891 an
1210 827 1381 912 Philippus
1396 827 1438 892 de

332 931 429 996 Kime
444 931 502 1018 qui
516 939 616 1008 tenet,
628 939 663 996 et
678 930 735 1017 qui
751 931 887 996 eandem
902 939 1022 996 terram
1037 931 1260 996 warentiaauit
1273 932 1439 998 Willelmo

330 1035 371 1100 de
387 1035 494 1100 Kime.

394 1139 563 1203 duratores
592 1137 706 1202 dicunt
735 1137 822 1223 quod
856 1137 989 1223 quidam
1020 1137 1133 1204 Simon
1163 1138 1249 1204 filius
1279 1138 1439 1204 Willelmi

330 1242 439 1306 tenuit
468 1240 700 1306 terramillam
723 1249 757 1304 et
779 1239 896 1305 habuit
919 1241 1000 1305 duos
1022 1249 1165 1326 nepotes,
1187 1241 1252 1306 scil
1276 1242 1438 1328 quendam

331 1345 479 1410 Bertram
495 1351 530 1408 et
544 1342 745 1407 willelmum
761 1343 904 1430 RaSyn',
919 1351 954 1408 et
969 1343 1046 1429 quia
1060 1345 1187 1409 amauit
1201 1367 1256 1409 eos
1275 1367 1333 1431 pro
1352 1346 1438 1410 bono

331 1449 467 1515 seruicio
499 1469 610 1513 eorum
643 1446 735 1511 dedit
765 1447 911 1533 predicto
944 1448 1093 1512 Bertram
1126 1448 1290 1534 quandam
1319 1457 1438 1514 terram

331 1554 366 1619 in
393 1551 666 1639 Faudingworthe
695 1573 794 1637 quem
823 1551 989 1637 predictus
1018 1552 1117 1638 Hugo
1146 1553 1253 1618 adhuc
1282 1562 1382 1631 tenet,
1404 1563 1440 1618 et

333 1659 497 1723 Willelmo
526 1659 646 1744 Raffyn
668 1655 759 1722 dedit
781 1656 960 1742 predictam
983 1667 1104 1721 terram
1125 1657 1161 1722 in
1184 1657 1326 1723 Geham⁸
1347 1667 1382 1724 et
1403 1659 1439 1724 in

333 1764 431 1831 (lotas
453 1773 488 1828 et
510 1763 570 1828 hoc
592 1762 655 1827 fuit
677 1763 712 1826 in
734 1770 879 1848 tempore
901 1763 1001 1847 Regis
1024 1763 1192 1849 Stephani,
1213 1773 1247 1830 et
1269 1765 1303 1830 in
1326 1765 1439 1831 eodem

333 1876 478 1954 tempore
499 1865 644 1930 eiusdem
664 1865 773 1952 Regis,
788 1865 906 1930 iratus⁴
921 1866 1035 1931 Simon
1057 1890 1131 1931 cum
1146 1868 1258 1932 eodem
1274 1867 1439 1934 Willelmo

333 1981 368 2036 et
383 1970 520 2036 abstulit
534 1970 564 2034 ei
579 1969 757 2056 predictam
773 1978 893 2034 terram
909 1993 1006 2056 quarn
1021 1971 1053 2035 ei
1068 1971 1202 2036 dederat
1216 1994 1274 2057 pro
1288 1971 1439 2059 homagio

333 2085 369 2140 et
390 2075 525 2140 seruicio
544 2097 603 2140 suo
625 2083 660 2140 et
679 2097 807 2160 semper
826 2083 940 2161 postea
958 2077 1068 2140 tenuit
1086 2075 1174 2140 idem
1191 2076 1304 2142 Simon
1318 2085 1438 2142 terram

333 2180 433 2258 illem,
456 2188 491 2244 et
519 2188 593 2265 post
622 2203 698 2246 eum
726 2188 942 2245 antecessores
971 2180 1074 2265 ipsius
1102 2179 1246 2266 Philippi
1271 2203 1374 2268 usque
1397 2181 1439 2247 ad

333 2282 440 2368 ipsum
456 2283 652 2369 Philippum.
697 2283 741 2348 Et
755 2283 904 2369 requisiti
918 2282 947 2347 si
961 2282 1145 2349 Willelmus
1159 2283 1276 2350 habuit
1287 2285 1438 2351 heredem

334 2387 374 2452 de
389 2409 432 2464 se,
447 2387 559 2452 dicunt
574 2386 660 2474 quod
674 2387 830 2452 nesciunt.

170 2509 293 2691 illinit
333 2489 1439 2682 aul*tlt?tttlidtttttttltltptttlttt

173 2757 201 2794 q
171 2651 314 2830 &pam
334 2697 432 2782 petiit
446 2705 565 2762 terram
580 2697 671 2762 illam
686 2705 725 2761 ut
739 2695 781 2762 de
796 2697 915 2762 saisina
928 2698 984 2762 aui
998 2697 1049 2762 sui
1069 2707 1108 2762 ut
1122 2697 1163 2764 de
1182 2707 1327 2785 tempore
1342 2701 1438 2786 pacis,

171 2792 268 2925 Ἧξξὲ
260 2802 322 2878 ¹3¹¹„
335 2807 369 2863 ct
392 2807 538 2885 tempore
562 2799 604 2865 Η
629 2800 729 2886 Regis
753 2799 809 2865 aui
834 2800 927 2866 Dom.
954 2799 1063 2916 Regis,
1087 2808 1122 2866 et
1143 2801 1300 2866 iuratores
1326 2803 1440 2868 dicunt

172 2895 268 3020 ἯΜ
215 2933 271 2971 ιιιι
277 2931 323 2971 ιιιιι
334 2903 421 2990 quod
435 2927 499 2968 non
514 2905 579 2969 fuit
593 2904 723 2969 seisitus
737 2903 773 2969 in
786 2911 932 2990 tempore
946 2903 1048 2968 illo'
1016 2903 1080 2968 msi
1094 2913 1225 2969 tanturn
1239 2905 1274 2970 in
1294 2913 1440 2992 tempore

252 2989 496 3092 ‘'⁰''Stephan1
511 3007 610 3094 Regis
630 3007 715 3093 quod
737 3005 816 3072 fuit·
829 3007 1010 3084 werrinum‚
1026 3006 1274 3072 consideratum
1288 3017 1339 3074 est
1354 3009 1458 3096 quod·

335 3109 500 3195 predictus
530 3109 701 3196 Philippus
730 3117 843 3174 teneat
871 3108 907 3174 in
936 3131 1015 3195 pace
1045 3117 1165 3175 terram
1194 3111 1284 3176 illam
1313 3112 1376 3177 sibi
1405 3121 1441 3178 et

335 3211 509 3277 heredibus
537 3212 604 3278 suis
634 3213 744 3299 quiete
773 3211 814 3277 de
843 3211 1048 3277 heredibus'
1038 3213 1141 3299 ipsius
1162 3214 1343 3301 Hugonis
1333 3237 1442 3301 mper-

335 3322 483 3400 petuum,
497 3323 532 3378 et
547 3315 646 3402 Hugo
661 3315 695 3379 in
710 3314 935 3382 misericordia

210 3430 283 3493 252,
400 3414 562 3503 ”Rogerus
576 3416 617 3482 de
631 3417 775 3482 Gliftona
788 3417 874 3502 petit
890 3439 1001 3482 uersus
1016 3417 1192 3504 Georgium
1207 3419 1247 3484 de
1260 3420 1443 3487 Safeubse¹⁰

193 3524 305 3565 ΝΜ
336 3519 466 3586 feodum
482 3521 609 3586 dimidii
623 3521 738 3586 militis
753 3543 828 3586 curn
842 3529 923 3608 pert
939 3521 974 3585 in
989 3521 1112 3586 Fstona
1126 3530 1165 3586 ut
1178 3522 1230 3587 ius
1244 3546 1340 3588 suum
1355 3524 1443 3592 unde

335 3622 442 3688 Adam
457 3623 498 3688 de
514 3623 657 3690 Cliltona
670 3632 853 3689 antecessor
871 3646 949 3689 suus
963 3623 1027 3688 fuit
1042 3625 1172 3690 seisitns
1185 3633 1225 3690 ut
1239 3625 1280 3692 de
1295 3627 1387 3693 feodo
1406 3639 1443 3695 ct

335 3727 407 3794 iure
435 3735 470 3793 ct
498 3727 532 3792 in
555 3727 715 3792 dominico
736 3750 795 3793 suo
816 3735 962 3814 ternpore
984 3727 1119 3794 Henrici
1140 3729 1249 3817 Regis,
1271 3730 1327 3796 aui
1347 3723 1444 3800 Dom.

336 3833 444 3921 Regis,
459 3832 615 3920 capiendo
630 3831 706 3898 inde
721 3831 852 3918 expleta
865 3831 908 3897 ad
927 3832 1107 3898 ualenciam
1128 3855 1180 3898 xx.
1198 3834 1253 3901 sol.
1294 3834 1347 3901 De
1369 3836 1444 3903 Ada

369 4074 379 4108 ¹
395 4073 510 4135 Iactum,
521 4072 553 4124 B.
914 4071 995 4122 note
987 4087 1010 4122 rs
1021 4071 1109 4136 hasty.

368 4139 480 4201 'Kasia
491 4137 522 4187 B.
946 4137 1039 4188 'Gora
1055 4139 1213 4202 ῑοιιῳοπὺιιι.
1243 4139 1346 4192 SeeBr.
1358 4140 1440 4194 ereb.

367 4201 558 4330 :phalagi
568 4269 636 4317 ιιιιι
656 4266 687 4316 a.
944 4200 1013 4318 iii
1015 4203 1167 4318 hieledied

367 4283 860 4396 l·⁵Aplhlrdpurtypirtulnhieclaim.
945 4331 967 4367 ¹⁰
984 4335 1020 4382 Sc
1016 4335 1097 4396 fatte,
1119 4333 1151 4393 Β,
1177 4333 1263 4386 which
1285 4332 1334 4386 has
1356 4349 1440 4388 some·

335 4397 419 4448 This'
411 4413 435 4446 rs
446 4397 643 4474 parenthetical.
912 4397 990 4448 times
1003 4401 1125 4464 demaine
1141 4371 1196 4452 ind
1213 4400 1364 4453 sometimes
1382 4405 1444 4454 Gra·

367 4463 378 4496 ⁶
394 4462 507 4526 Perhaps
524 4461 545 4512 it
562 4461 656 4513 should
672 4461 703 4513 be
715 4465 799 4527 petia·
816 4461 861 4514 the
911 4467 1006 4526 portua.
