3308 5226
395 467 716 528 monantulam.
741 455 835 529 1233,
858 469 920 517 nn
946 452 1082 520 17-18.
1228 456 1293 519 635

184 651 304 707 terram
325 641 415 706 illam
433 641 530 705 simul
551 663 626 705 cum
646 641 755 726 pueris
777 641 842 706 illis
861 641 998 706 tradidit
1021 649 1055 706 et
1077 642 1204 707 comisit
1226 665 1297 728 pre-

183 747 271 812 dicto
295 745 425 810 Andree
451 754 490 810 ut
516 745 585 832 ipse
611 746 687 811 inde
710 746 871 832 predictos
895 770 1011 832 pueros
1033 756 1241 820 sustentaret,
1264 755 1298 812 et

184 851 271 916 unde
297 849 378 914 dicit
404 848 491 934 quod
517 849 586 934 ipse
612 871 677 913 non
703 848 880 913 disseisiuit
907 872 982 914 eum
1008 850 1138 926 iniuste,
1162 859 1196 914 et
1218 850 1298 915 dicit

184 952 271 1038 quod
294 952 322 1016 si
343 950 430 1016 idem
455 951 577 1038 Symou
600 951 732 1036 aliquod
753 951 875 1015 donum
897 952 974 1016 inde
997 953 1084 1032 fecit,
1099 953 1159 1017 hoc
1180 953 1244 1016 fuit
1263 953 1297 1016 in

185 1055 369 1144 egritudine
385 1063 492 1118 suaet
508 1054 636 1140 quando
652 1055 838 1118 memoriam
854 1055 972 1130 amisit,
984 1063 1019 1119 et
1034 1055 1120 1141 quod
1135 1056 1162 1120 si
1177 1055 1297 1120 donum
1327 1085 1330 1092 ·

184 1160 315 1247 aliquod
330 1159 405 1224 inde
421 1158 515 1223 fieret
527 1157 612 1244 quod
624 1157 711 1222 idem
724 1145 869 1245 Rogerus
881 1182 1047 1245 nunquam
1060 1159 1136 1223 inde
1148 1159 1298 1224 seisinam

185 1265 308 1330 habuit

252 1366 295 1429 Et
326 1365 472 1451 Rogerus
502 1363 582 1428 dicit
612 1364 697 1449 quod
726 1363 891 1449 predictus
921 1363 1068 1428 Andreas
1091 1363 1199 1450 ipsum
1223 1364 1298 1427 inde

186 1470 308 1534 iniuste
332 1468 508 1534 disseisiuit
534 1477 572 1532 ut
596 1467 779 1554 predictum
804 1475 862 1544 est,
886 1469 963 1553 quia
988 1468 1153 1553 predictus
1178 1468 1299 1554 Symon

186 1573 278 1638 dedit
293 1571 324 1636 ei
345 1580 464 1636 terram
485 1573 575 1635 illam
596 1595 654 1658 per
673 1580 796 1636 cartam
817 1595 918 1650 suam,
933 1581 968 1637 et
989 1573 1058 1658 ipse
1082 1573 1144 1636 fuit
1165 1573 1242 1637 inde
1265 1573 1298 1636 in

187 1677 306 1742 saisina
328 1685 362 1740 et
386 1699 444 1762 per
468 1675 589 1740 donum
614 1675 696 1740 illud
723 1675 824 1740 donec
850 1676 937 1740 idem
962 1676 1110 1740 Andreas
1133 1698 1208 1739 euru
1235 1675 1299 1740 dis-

187 1781 323 1858 seisinit,
338 1789 373 1845 et
388 1780 468 1844 dicit
488 1780 576 1866 qnod
596 1780 684 1844 idem
707 1781 828 1866 Symon
850 1780 913 1844 fuit
933 1803 1010 1844 sane
1031 1781 1150 1844 mentis
1171 1780 1298 1864 quando

187 1886 309 1950 donum
339 1885 422 1950 illud
452 1885 539 1961 feeit,
569 1892 603 1949 et
632 1883 708 1948 inde
738 1885 832 1970 ponit
862 1906 896 1948 se
927 1906 1024 1969 super
1053 1884 1194 1948 assisam.
1256 1883 1299 1946 Et

188 1990 337 2054 Andreas
352 1988 511 2052 similiter.

252 2093 276 2158 J
278 2093 323 2157 ur'
339 2091 467 2156 dicunt¹
483 2113 622 2177 quorum
638 2090 740 2154 maior
754 2113 828 2176 pars
844 2097 894 2154 est
909 2090 949 2154 de
966 2090 1106 2155 testibus
1125 2091 1300 2155 nominatis

187 2197 221 2260 in
244 2203 334 2260 carta
356 2217 454 2280 quam
475 2194 562 2259 idem
584 2195 731 2280 Rogerus
750 2195 873 2278 profert
893 2193 933 2257 de
954 2194 1169 2271 feoffamento,
1184 2194 1299 2259 dicunt

188 2322 285 2386 super
300 2305 537 2363 sacramentum
553 2319 649 2362 suum
665 2297 751 2383 quod
767 2298 808 2363 ad
824 2299 1039 2363 Pentecosten
1054 2321 1139 2363 anno
1154 2299 1299 2384 proximo

189 2401 345 2488 preterito
366 2401 459 2465 uenit
479 2399 568 2464 idem
588 2401 736 2487 Rogerus
758 2409 792 2464 et
815 2423 991 2466 conuocare
1013 2401 1090 2466 feeit
1112 2401 1236 2466 uicinos
1258 2401 1299 2466 ad

188 2505 321 2569 domum
351 2503 487 2568 Roberti
517 2503 626 2568 fratris
655 2503 707 2568 sui
737 2503 794 2589 qui
824 2512 944 2570 terram
974 2505 1065 2570 illam
1098 2505 1215 2570 habuit
1244 2528 1298 2569 ex-

189 2608 355 2673 colendam
371 2607 413 2672 ad
433 2607 567 2672 terciam
587 2609 731 2694 garbam,
747 2617 781 2672 et
802 2609 848 2673 ibi
868 2618 998 2694 portare
1019 2610 1095 2674 fecit
1115 2609 1297 2694 predictum

191 2710 365 2795 Symonem
386 2709 443 2794 qui
463 2710 606 2774 multum
627 2719 783 2796 grauatus
803 2710 867 2774 luit
887 2710 1087 2789 infirmitate,
1108 2720 1143 2776 et
1164 2711 1211 2776 ibi
1234 2711 1299 2798 legi

189 2820 311 2876 cartam
327 2810 368 2876 de
384 2811 599 2890 feoffamento,
615 2822 649 2877 et
664 2813 751 2878 idem
768 2814 890 2900 Symon
906 2815 1054 2900 quesitus
1074 2815 1101 2879 si
1121 2822 1243 2879 cartam
1264 2824 1299 2878 et

189 2915 311 2980 donum
334 2915 533 2994 concederet,
555 2917 640 2992 dixit
666 2919 753 3004 quod
778 2920 831 2999 sic,
857 2928 892 2984 et
917 2919 1002 2984 dixit
1028 2919 1114 3004 quod
1139 2919 1240 2983 libere
1264 2927 1298 2982 et

189 3019 330 3106 benigne
346 3019 535 3084 concederet
550 3021 705 3106 quicquid
727 3023 858 3099 uellent,
874 3031 924 3086 set
944 3021 1058 3086 dicunt
1078 3043 1193 3086 reuera
1212 3021 1298 3107 quod

189 3121 276 3186 idem
292 3122 439 3210 Rogemus
454 3145 633 3209 numquam
650 3125 767 3190 habuit
782 3125 858 3191 inde
878 3125 1030 3190 seisinam
1051 3125 1085 3188 in
1105 3125 1177 3189 uita
1196 3125 1298 3210 ipsius

190 3223 342 3310 Symonis
365 3225 442 3310 quia
464 3223 551 3288 idem
575 3225 697 3312 Symon
720 3229 801 3292 obiit
823 3228 899 3292 inde
922 3228 1059 3305 saisitus,
1077 3236 1112 3292 et
1134 3227 1193 3292 hoc
1215 3227 1297 3292 bene
1334 3283 1336 3288 .

189 3327 323 3414 patuit¹‚
340 3328 417 3414 quia
435 3328 469 3392 in
488 3337 670 3416 autumpno
688 3345 845 3418 sequente
866 3332 931 3398 scil.
952 3340 1133 3418 autumpno
1153 3332 1299 3418 proximo

189 3434 345 3518 preterito
374 3434 461 3498 idem
485 3435 614 3520 ‘Symon
645 3444 679 3500 et
714 3436 877 3502 Robertus
914 3437 1014 3501 frater
1049 3436 1150 3522 ipsius
1180 3435 1299 3522 Rogeri

189 3538 304 3624 partiri
329 3539 475 3604 fecerunt
501 3539 587 3604 inter
612 3561 646 3604 se
676 3540 809 3606 bladum
838 3540 879 3605 de
905 3548 1086 3625 autumpno
1111 3539 1180 3604 sine
1206 3547 1299 3624 parte

189 3643 300 3730 aliqua
329 3666 426 3729 qnam
453 3644 541 3709 idem
568 3645 714 3731 Rogems
740 3645 816 3710 inde
842 3645 986 3722 haberet,
1013 3653 1047 3708 et
1073 3643 1160 3708 uude
1186 3642 1300 3707 dicunt

190 3747 275 3835 quod
290 3747 378 3814 idem
394 3749 540 3835 Rogems
555 3749 679 3814 nullam
695 3749 812 3814 habuit
826 3749 978 3815 saisinam
998 3747 1151 3834 quamuis
1171 3747 1202 3812 ei
1224 3747 1299 3812 inde

189 3860 279 3916 carta
315 3853 409 3918 fieret
445 3853 626 3941 aliquando,
687 3854 731 3918 Et
764 3853 837 3918 ideo
867 3853 1104 3919 consideratum
1134 3859 1184 3916 est
1213 3849 1299 3934 quod

189 3955 337 4020 Andreas
363 3957 437 4022 inde
465 3959 604 4043 quietus,
627 3966 661 4022 et
684 3958 830 4044 Rogerus
852 3956 953 4022 nichil
975 3954 1063 4040 capit
1085 3975 1144 4039 per
1165 3951 1297 4016 assisam

190 4060 297 4137 istam,
312 4067 347 4124 et
362 4059 405 4124 sit
420 4061 455 4125 in
470 4061 688 4126 misericordia
701 4084 759 4146 pro
775 4061 854 4126 falso
869 4061 1014 4125 clamore.

224 4219 233 4251 ¹
251 4218 322 4268 Omlt
333 4220 430 4269 dicunt.
456 4220 538 4270 Abas
549 4221 606 4270 Jur'
616 4235 719 4284 quorum
770 4220 818 4270 has
830 4218 958 4284 perished.

191 4286 272 4332 mutor
281 4299 349 4346 pura.
386 4285 417 4332 In
430 4285 452 4334 A
463 4286 541 4336 munh
552 4287 582 4335 ol
591 4285 644 4334 this
659 4301 718 4335 case
801 4285 812 4317 ⁹
829 4285 876 4334 fise
888 4285 929 4333 Br.
944 4284 963 4332 f.
976 4285 1015 4333 42.
