3360 5236
190 1883 247 1922 Nota
256 1881 311 1930 quod

190 1931 256 1970 llbere
266 1929 342 1968 remla·

190 1979 288 2016 meritare
296 1977 334 2014 ull·

190 2025 240 2064 lano
248 2034 289 2062 nen
297 2022 337 2062 rec·

190 2070 338 2174 ttttldt

191 2168 329 2251 bllullllu',

191 2256 285 2298 uixerit&

355 443 418 506 540
658 454 809 519 rrnrrrr,
831 453 895 505 ηη.
923 441 1016 519 1225,
1040 457 1102 508 ηη
1124 442 1154 521 9.

354 626 549 693 Fizsemere¹
565 626 629 692 luit
644 627 775 694 seisitue
789 627 824 693 in
839 625 1000 694 dominico
1015 649 1074 693 suo
1088 626 1129 692 de
1145 625 1259 693 eedem
1275 635 1362 692 tene
1372 633 1412 691 ηο
1423 625 1465 690 de

353 731 424 796 iure
439 739 474 796 et
488 731 565 796 inde
580 731 662 796 obiit
677 731 747 796 sine
762 730 881 796 herede
897 730 938 796 de
957 753 992 796 se
1015 739 1051 796 et
1073 730 1190 796 habuit
1212 731 1321 817 plures
1343 751 1466 795 soreres

353 835 418 900 scil.
436 835 665 902 Constaneiam
688 842 723 900 et
745 834 949 901 Orietianem.
995 833 1067 899 Iste
1089 832 1252 900 Oristiena
1273 856 1308 898 se
1330 832 1467 898 marita-

353 938 404 1004 uit
427 938 554 1003 cuidem
577 939 699 1003 uilleno
714 938 880 1004 Willelmo
902 938 980 1003 Mue
1002 937 1132 1003 nomine
1154 947 1189 1003 et
1209 960 1283 1003 eum
1299 937 1370 1024 ipse
1384 944 1466 1001 οηηο
1497 1011 1501 1021 Ι

353 1051 481 1129 peteret
502 1051 630 1128 perlem
652 1065 744 1108 suem
765 1065 831 1108 non
845 1043 954 1129 potuit
969 1042 1075 1108 audiri
1089 1051 1221 1128 propter
1235 1042 1395 1107 uillanum
1410 1040 1466 1105 cui

353 1153 460 1231 nupta
481 1145 554 1224 fuit,
577 1153 611 1211 et
633 1144 674 1211 de
697 1145 844 1232 predicta
867 1145 1030 1211 Oristiena
1053 1153 1087 1209 et
1111 1145 1151 1210 de
1175 1144 1320 1230 predicto
1343 1144 1466 1208 uillano

354 1247 447 1312 uenit
462 1248 526 1314 iste
541 1247 682 1314 Isebelle
696 1248 783 1313 unde
801 1255 929 1334 perlem
949 1247 1068 1312 hebere
1084 1270 1148 1312 ηοη
1163 1247 1271 1324 debet,
1286 1254 1321 1310 et
1336 1245 1466 1332 quando

353 1353 408 1417 ille
432 1352 572 1417 uillenue
594 1359 742 1417 mortuus
764 1352 829 1417 fuit
851 1361 930 1417 ωηο
949 1351 1062 1438 nupsit
1077 1373 1111 1416 se
1127 1351 1256 1416 cuidam
1272 1350 1408 1437 Hugoni
1423 1349 1465 1414 de

353 1457 493 1522 Fraxino
507 1457 607 1521 militi
621 1457 708 1544 patri
718 1456 813 1522 istius
829 1456 944 1522 Emme
956 1463 990 1522 et
1002 1456 1131 1543 quando
1146 1456 1264 1522 hebuit
1279 1455 1464 1542 predictum

353 1561 492 1626 militem
507 1561 542 1626 in
556 1561 665 1626 uirum
680 1569 760 1626 tune
774 1561 891 1627 habuit
908 1570 1036 1648 partem
1051 1585 1152 1640 suam,
1169 1569 1204 1628 et
1219 1561 1306 1648 quod
1319 1559 1465 1626 uillanus

353 1673 404 1731 est
418 1666 464 1730 eie
478 1667 617 1752 probent
631 1666 709 1752 quia
723 1665 831 1731 adhue
845 1667 947 1732 hebet
966 1665 1129 1753 quendam
1149 1667 1282 1732 fratrem
1298 1664 1356 1751 qui
1370 1664 1465 1729 uilla-

353 1793 415 1835 nus
430 1777 480 1835 est
494 1769 559 1835 eeil.
575 1770 751 1856 Hugonem
768 1769 875 1835 Mueh.

420 1873 464 1938 Et
485 1872 625 1938 lsabelle
646 1872 726 1938 dicit
749 1873 835 1960 quod
850 1873 953 1938 libere
967 1881 1017 1939 est
1032 1881 1067 1939 et
1082 1873 1168 1960 quod
1183 1879 1368 1960 paterenus
1383 1872 1467 1938 liber

355 1975 419 2041 fuit
444 1985 479 2041 et
504 1975 565 2042 boe
587 1975 670 2041 bene
693 1983 788 2062 petet
814 1975 891 2062 quia
912 1976 1019 2042 adhue
1042 1976 1143 2041 habet
1160 1977 1184 2062 j.
1210 1977 1292 2064 uirg.
1315 1984 1400 2041 terre
1422 1975 1465 2041 de

308 2091 315 2098 ‘
355 2079 537 2144 hereditate
560 2079 663 2164 patris
684 2079 743 2156 sui,
759 2087 793 2143 et
814 2079 870 2143 ille
891 2079 991 2166 Hugo
1005 2101 1104 2165 quem
1119 2078 1233 2143 dieunt
1248 2100 1317 2143 esse
1332 2079 1466 2143 fratrem

356 2205 452 2247 suum
475 2181 539 2246 fuit
562 2181 650 2246 filius
672 2181 840 2247 cuiusdam
864 2182 976 2247 natiue
1001 2190 1035 2246 et
1061 2205 1127 2246 ηοη
1151 2181 1318 2246 delibera
1342 2203 1403 2245 ηοο
1424 2180 1467 2246 de

355 2307 454 2350 uxore
478 2284 565 2370 petri
588 2307 646 2349 ωο
670 2284 871 2371 desponsata„
915 2283 1034 2350 Postea
1055 2283 1239 2349 concordati
1260 2291 1338 2348 ωηο
1360 2290 1395 2346 οο
1416 2290 1467 2347 est

355 2387 523 2454 concordie
537 2388 613 2453 telis
627 2387 713 2474 quod
728 2387 866 2474 predicti
882 2387 1058 2474 Gregorius
1077 2395 1113 2452 et
1133 2387 1251 2452 Emma
1271 2409 1468 2474 recognoue-

355 2499 433 2557 runt
456 2490 668 2556 medietatem
695 2490 800 2556 tocius
825 2491 970 2577 predicte
997 2499 1083 2576 terre
1109 2513 1183 2556 eum
1209 2499 1292 2577 pert.
1320 2513 1389 2556 esse
1415 2491 1468 2556 ius

354 2593 456 2680 ipsius
485 2593 624 2658 Isabelle
650 2601 786 2679 excepto
816 2593 949 2680 capitali
974 2593 1141 2681 mesuagio
1165 2602 1225 2660 ete.
1272 2593 1468 2660 Concordeti

353 2705 432 2763 ωηο
447 2695 625 2764 seeundum
640 2699 776 2764 formem
792 2699 967 2766 concordie.

355 2971 568 3038 ηοωωο
607 2971 668 3037 ne
707 2971 915 3038 TERMINO
957 2971 989 3038 e.
1029 2952 1294 3037 ηηηηηηο
1334 2969 1467 3035 Αηηο

441 3075 753 3244 ppprpoppers
780 3075 978 3141 HENRIOI
1000 3075 1113 3140 mn
1135 3075 1273 3141 erere
1294 3075 1469 3142 ωηηη-

420 3360 618 3426 ‘Aunsellus
640 3361 728 3426 filius
749 3359 822 3426 Ade
843 3362 929 3448 petit
945 3384 1057 3428 uersus
1072 3361 1095 3426 J
1096 3360 1258 3426 ohannem
1274 3359 1380 3425 filium
1394 3359 1469 3424 Ade

357 3462 568 3528 medietatem
594 3487 644 3529 xv.
669 3487 730 3528 ηοη.
757 3471 841 3529 terre
868 3487 943 3528 eum
970 3473 1051 3550 pert
1076 3464 1112 3528 in
1138 3463 1331 3548 Lellesheya
1355 3469 1393 3526 ut
1416 3462 1470 3526 ius

328 3619 330 3623 .
357 3589 452 3630 suum
469 3573 503 3630 et
518 3573 556 3630 ut
571 3565 798 3630 raeionabilem
814 3573 941 3652 partem
956 3589 1048 3630 suern
1064 3589 1127 3652 que
1148 3588 1224 3630 eum
1246 3563 1408 3651 contingit
1427 3565 1470 3630 de

357 3669 458 3734 libero
481 3676 668 3734 tenemento
691 3668 778 3754 quod
799 3669 865 3734 fuit
886 3668 1024 3755 predicti
1044 3669 1117 3735 Ade
1133 3669 1234 3755 petris
1249 3691 1360 3733 eorum
1376 3668 1470 3734 euius

357 3773 492 3838 heredes
515 3771 579 3858 ipsi
601 3782 678 3838 ωηο
701 3795 738 3838 eo
763 3773 849 3859 quod
873 3781 960 3838 terra
983 3772 1040 3837 illa
1064 3780 1114 3838 est
1137 3771 1299 3858 partibilis
1322 3781 1357 3837 et
1383 3771 1471 3837 inter

357 3877 471 3942 fratres
488 3876 603 3962 partiri
618 3877 725 3942 debet.

389 4017 398 4049 ¹
416 4015 504 4067 Called
516 4018 600 4066 Filius
613 4017 708 4067 Semar’
719 4017 807 4068 ebore.
934 4031 993 4066 οοοο
1010 4015 1032 4065 ie
1049 4015 1117 4065 Fitz.
1129 4017 1311 4079 Prescriptior,
1324 4015 1365 4065 63.
1396 4014 1469 4064 Fitz·

390 4081 401 4114 ²
418 4082 472 4132 The
489 4081 654 4132 abbreviated
676 4083 745 4132 word
767 4083 791 4132 ie
812 4097 884 4132 some
934 4081 1038 4131 herbert
1056 4095 1130 4144 says:
1152 4081 1220 4130 Note
1236 4079 1295 4130 that
1311 4079 1389 4130 lende
1405 4079 1469 4130 held

357 4151 417 4210 pert
428 4148 456 4197 ol
469 4162 616 4211 recuperare
627 4161 657 4196 or
667 4150 785 4210 recipere.
819 4147 884 4197 This
935 4146 970 4210 by
980 4145 1074 4208 knight
1086 4145 1183 4196 eerviee
1195 4160 1239 4195 ere
1249 4149 1297 4194 not
1309 4145 1421 4207 pertible
1432 4145 1468 4209 by

358 4227 418 4264 cese
429 4211 452 4261 ie
463 4213 531 4262 Fitz.
543 4213 631 4274 Nuper
644 4213 721 4268 obiit,
735 4214 774 4264 17.
935 4211 980 4261 the
996 4214 1098 4260 euntem
1110 4210 1138 4260 of
1154 4211 1231 4260 Kent.
1265 4210 1331 4259 This
1347 4210 1370 4258 is
1387 4213 1435 4260 ηοο
1451 4225 1469 4260 a

390 4277 566 4326 8Αεῦοηηη
588 4277 655 4337 Rege
677 4277 736 4326 Bell
760 4277 808 4326 No.
836 4277 883 4335 20;
935 4275 1046 4326 Kentish
1058 4290 1125 4334 ease,
1137 4275 1185 4326 but
1196 4275 1231 4338 by
1241 4279 1344 4325 euntem
1355 4275 1384 4324 os
1400 4275 1471 4325 Κοηο

358 4343 461 4392 B=N0.
484 4343 525 4392 21.
558 4341 665 4406 copyist
686 4343 734 4392 No.
757 4343 773 4390 2
799 4355 885 4391 eomes
934 4356 997 4406 may
1019 4341 1051 4391 be
1073 4345 1163 4391 meent
1185 4355 1238 4400 any
1256 4344 1359 4390 eustom
1382 4340 1467 4390 which

358 4407 432 4458 bank.
935 4407 1024 4458 makes
1037 4421 1127 4468 soeege
1138 4405 1258 4469 partible.

390 4471 673 4531 ⁴A.m.1;13.m.2.
702 4471 818 4536 Perhaps
830 4471 884 4522 this
