3196 5226
405 464 553 546 arim,
574 484 639 534 nn.
662 471 756 546 1222,
777 484 841 534 nn
866 471 894 536 6.
1139 471 1203 538 137

149 657 260 720 liberum
290 652 449 718 seruicium
485 661 544 717 etc
574 652 661 716 unde
693 651 781 716 idem
811 652 971 718 Henricus
1001 664 1036 719 et
1065 655 1204 720 Thomas

148 759 290 824 ostendunt
305 757 383 844 quod
402 757 528 822 desicut
548 757 632 822 idem
651 758 798 844 Rogems
812 757 910 822 debet
925 767 1044 823 terram
1059 759 1148 824 illam
1164 759 1205 823 de

147 865 257 928 Bcciele
274 886 325 949 per
344 863 441 927 finem
462 861 556 925 illum
579 861 625 926 eis
647 862 862 938 warentizarc,
881 863 945 948 ipsi
966 863 1206 950 distringrmtur

145 992 189 1054 pm
208 969 327 1054 quodam
355 968 465 1032 debito
494 966 580 1052 quod
609 967 748 1052 quedam
771 968 907 1032 Amiria
932 991 995 1054 que
1021 977 1140 1033 terram
1164 968 1205 1033 de

145 1072 211 1136 Here
229 1071 324 1134 tenuit
343 1071 378 1134 in
400 1071 589 1148 hereditate,
604 1079 720 1135 mutuo
740 1079 907 1156 acceperat
921 1093 942 1135 a
956 1072 1094 1156 quodem
1109 1070 1205 1136 iudeo

142 1185 347 1261 superterram
375 1175 466 1239 illam
495 1175 535 1239 de
566 1175 656 1239 Mere
686 1175 812 1239 desicut
840 1175 904 1261 ipsi
933 1175 1055 1240 nullam
1085 1183 1204 1240 terrem

140 1279 234 1342 hebent
246 1278 278 1341 in
291 1277 385 1342 Mera

183 1383 221 1445 Et
233 1383 370 1468 Rogerus
385 1382 478 1446 uenit
492 1389 526 1447 et
542 1381 621 1446 dicit
637 1382 723 1468 quod
741 1383 776 1446 in
796 1383 885 1447 nullo
906 1393 955 1448 est
975 1391 1087 1450 contra
1106 1385 1204 1450 finem

135 1487 213 1564 iilum,
231 1489 323 1552 immo
348 1488 441 1552 illum
467 1488 629 1574 cognoscit
651 1497 701 1552 set
723 1489 803 1553 dicit
824 1489 911 1574 quod
932 1497 1026 1574 pater
1048 1512 1125 1554 snus
1146 1513 1205 1576 pro

135 1591 221 1676 quieta
232 1593 402 1656 clemencia
416 1592 560 1678 predicte
582 1600 667 1656 terre
687 1591 728 1656 de
749 1594 838 1658 Mere
858 1593 949 1658 dedit
964 1593 1011 1658 eis
1025 1594 1204 1679 predictam

135 1704 227 1759 terrem
246 1696 284 1760 de
308 1697 448 1760 Bcckele
474 1705 509 1760 et
535 1695 661 1760 desicut
688 1705 774 1761 terra
798 1697 839 1761 de
866 1699 955 1762 Mere
981 1698 1045 1762 fnit
1071 1699 1205 1764 uadium

132 1797 202 1864 iudei
213 1809 243 1864 et
255 1801 315 1886 ipsi
329 1824 387 1887 pro
401 1801 514 1888 quieta
527 1801 704 1865 clemencia
718 1802 807 1866 illius
826 1811 911 1868 terre
931 1811 1087 1889 ceperunt
1106 1803 1204 1868 eliam

132 1912 227 1968 terram
239 1906 365 1970 uidetur
379 1907 410 1971 ei
424 1907 511 1992 quod
525 1906 588 1992 ipsi
605 1907 701 1970 simul
719 1930 794 1971 cum
817 1929 855 1972 eo
873 1907 994 1973 debent
1013 1908 1204 1994 respondere

130 2009 164 2074 de
176 2011 269 2075 debito
282 2011 377 2075 iudei.

180 2115 217 2178 111
229 2115 301 2200 quia
314 2116 459 2201 Rogerus
474 2115 636 2202 cognoscit
651 2113 737 2201 quod
752 2115 787 2180 in
801 2117 891 2182 nullo
906 2125 956 2181 est
973 2125 1086 2180 contra
1105 2115 1204 2181 finem

127 2215 209 2282 immo
226 2219 310 2283 illam
331 2227 424 2283 tenet
446 2227 480 2282 et
502 2241 561 2305 per
581 2218 744 2284 defectum
765 2220 835 2284 cius
862 2219 941 2284 n0n¹
965 2219 1205 2307 distringrmtur

125 2343 186 2384 cum
208 2322 268 2386 sint
290 2322 424 2387 heredes
449 2323 594 2408 predicte
616 2324 754 2401 Amirte,
777 2323 1023 2389 consideratum
1047 2331 1097 2388 est
1119 2324 1205 2410 quod

127 2425 250 2512 Rogems
263 2435 315 2492 eat
329 2427 404 2491 inde
420 2427 550 2512 quietus
565 2435 599 2492 et
613 2428 670 2492 alii
684 2428 719 2492 in
736 2427 953 2492 misericordia
967 2435 1001 2491 et
1016 2427 1205 2512 perquirant

125 2549 153 2591 se
164 2551 249 2615 snper
261 2531 452 2596 scaccarium
467 2530 635 2595 iudeorum
651 2531 678 2596 si
693 2530 863 2594 noluerint.

47 2641 91 2704 m
180 2632 301 2698 Matillis
320 2633 361 2698 de
383 2634 548 2721 Ourtenay
565 2657 624 2721 per
644 2641 844 2699 ettomatum
867 2655 962 2696 suum
984 2633 1069 2718 petit
1091 2656 1204 2700 uersus
1246 2655 1329 2696 nouos

123 2736 279 2802 Robertum
308 2739 349 2804 de
379 2739 544 2824 Curtenay
575 2737 776 2803 manerium²
807 2737 847 2802 de
886 2737 1092 2824 Ocumptona
1128 2763 1202 2804 cnm
1232 2714 1344 2756 ‘mm‘

123 2841 306 2925 pertinenciis
329 2842 544 2909 Saundfordia
565 2863 638 2906 cum
660 2839 867 2926 pertinenciis
890 2839 1111 2928 Chaumelega
1129 2865 1202 2906 cum

123 2945 315 3028 pertinenciis,
331 2947 407 3010 Ken
422 2968 495 3010 cum
513 2944 728 3030 pertinenciis,
745 2943 922 3008 Musebiria
942 2967 1016 3008 cnm
1038 2943 1202 3028 pertinen·

123 3051 168 3115 ciis
180 3061 213 3116 et
225 3052 286 3116 duo
300 3051 486 3116 molendina
500 3059 534 3114 et
548 3050 711 3115 redditum
726 3049 766 3114 xl.
783 3049 837 3113 sol.
853 3072 927 3114 cum
945 3048 1152 3134 pertinenciis
1167 3048 1202 3112 in

122 3153 255 3218 suburbio
274 3154 397 3219 Exonie
417 3163 456 3218 ut
475 3153 526 3218 ius
546 3177 641 3218 suum
662 3162 695 3218 11
716 3153 895 3217 manerium
913 3151 954 3216 de
968 3151 1203 3236 Hermtnytonc

122 3279 180 3321 cum
201 3260 404 3344 pertinenciis
427 3259 462 3323 in
488 3258 644 3323 comitatu
671 3257 868 3322 Sumersetie
897 3265 936 3321 ut
962 3255 1013 3320 ius
1042 3277 1137 3319 suum
1167 3264 1202 3320 et

121 3383 213 3428 uersus
234 3364 450 3451 Reginaldum
473 3363 513 3428 de
535 3361 701 3448 Curtenay
726 3363 906 3427 manerium
930 3361 970 3426 de
993 3360 1202 3448 Chaunelega

121 3487 179 3530 cum
195 3467 400 3552 pertinenciis
420 3475 458 3531 ut
477 3468 529 3532 ius
548 3475 582 3532 et
603 3467 817 3531 hereditatem
837 3487 929 3529 suam
949 3463 1035 3528 unde
1053 3463 1123 3549 ipsa
1137 3465 1201 3530 fuit

121 3570 210 3636 scisita
230 3581 268 3636 ut
289 3571 330 3636 de
353 3571 445 3636 feodo
467 3580 501 3635 et
522 3572 593 3635 iure
613 3578 647 3634 et
667 3571 702 3634 in
721 3569 880 3634 dominico
894 3575 1039 3653 tempore
1053 3567 1084 3632 J.
1100 3567 1200 3655 Regis

120 3673 253 3757 capiendo
266 3674 343 3739 inde
358 3675 488 3759 expleta
502 3673 544 3738 ad
559 3672 738 3738 ualenciam
753 3695 777 3736 c.
794 3671 848 3736 sol.
864 3679 898 3735 et
913 3671 973 3735 hoc
988 3671 1081 3735 offert
1096 3680 1154 3736 etc.

171 3779 209 3843 Et
233 3780 395 3844 Robertus
420 3779 513 3843 uenit
539 3787 573 3842 et
598 3777 744 3842 defendit
766 3775 817 3839 ius
838 3797 934 3838 suum
956 3797 1043 3839 nunc
1065 3783 1099 3840 et
1121 3775 1200 3840 alias

119 3883 226 3962 quando
252 3883 423 3948 defendere
448 3881 590 3959 debebit,
616 3889 665 3946 set
691 3880 823 3945 uidetur
846 3879 877 3943 ei
902 3879 988 3964 quod
1011 3901 1076 3943 non
1102 3879 1201 3944 debet

120 3983 142 4046 ei
154 3989 332 4073 respondere
353 3987 394 4052 de
414 3987 579 4063 termille,
594 3985 671 4071 quia
685 4007 796 4048 omnes
810 3983 954 4069 predicte
969 3993 1053 4048 terre
1068 3983 1201 4048 fuerunt

118 4083 158 4148 ius
170 4097 200 4152 11
217 4090 380 4154 hereditas
401 4089 570 4154 Matillidis
589 4089 629 4153 de
650 4089 839 4174 Auerenges
858 4095 892 4150 et
915 4086 985 4171 ipsa
1006 4095 1108 4151 terras
1129 4087 1201 4151 illas

119 4192 262 4270 territet
277 4195 394 4259 habuit
409 4195 490 4260 duas
507 4195 590 4259 filias
610 4193 732 4257 scilicet
753 4190 930 4256 Hawisiam
951 4199 1087 4255 matrem
1107 4214 1199 4255 suam

118 4290 345 4382 primogenitam
375 4306 410 4361 et
439 4297 542 4382 ipsam
573 4293 775 4370 Matillidem‚
802 4301 836 4357 et
865 4291 991 4356 desicut
1017 4291 1086 4377 ipsa
1115 4293 1201 4377 petit

291 4511 299 4543 ¹
318 4527 367 4561 non
379 4511 524 4560 interlincd.
771 4510 781 4542 ²
797 4509 867 4559 corr.
881 4509 1001 4557 11111νί1.
