3360 5236
513 487 654 548 nitier,
676 488 739 536 no.
766 474 859 548 1233,
880 487 945 536 Aa.
970 473 1018 540 17.
1260 471 1322 538 579

215 661 395 740 Dakeham,
415 663 485 728 scil.
510 663 596 749 quod
619 661 761 728 reddidit
785 661 816 726 ei
838 683 896 746 per
917 683 1039 726 annum
1060 660 1101 725 ad
1122 663 1240 725 festum
1262 669 1321 724 etc.

215 765 255 850 vj.
271 764 325 830 sol
342 773 377 829 et
391 765 432 851 vj.
449 765 521 830 den.
537 775 572 830 ct
586 765 669 830 solet
684 765 837 830 itinerare
858 786 932 829 oum
952 763 1064 829 eadem
1085 764 1260 828 Abbatissa
1281 764 1321 827 ad

215 868 360 934 maneria
374 889 433 934 sua
447 869 482 934 in
497 868 626 955 propria
640 889 777 955 persona
791 868 845 932 uel
860 867 992 932 mittere
1007 889 1081 931 cum
1102 889 1142 930 ea
1160 867 1322 952 quendam

216 973 379 1039 hominem
402 974 609 1039 Franciscum
631 973 686 1038 uel
709 969 914 1059 Anglicum¹,
929 970 1008 1035 dum
1027 979 1138 1035 tamen
1158 993 1223 1034 non
1238 978 1323 1035 esset

215 1077 357 1142 uillanus
378 1077 480 1164 ipsius
501 1077 685 1144 Abbatisse.
729 1074 820 1142 Dicit
840 1075 942 1140 eciam
957 1074 1044 1160 quod
1057 1074 1145 1138 idem
1160 1073 1323 1138 Henricus

215 1181 324 1245 tenuit
347 1181 510 1267 quandam
534 1181 631 1245 aliam
655 1189 775 1245 terram
797 1179 832 1243 in
854 1177 1017 1266 Berkinge
1039 1176 1080 1241 de
1102 1199 1168 1263 qua
1189 1174 1322 1241 reddere

214 1284 297 1350 solet
326 1305 385 1370 per
412 1306 535 1349 annum
561 1283 608 1349 ad-
630 1285 749 1348 festum
776 1283 810 1348 S.
835 1281 969 1346 Martini
991 1303 1042 1345 mc
1066 1279 1137 1345 den.
1161 1288 1195 1345 et
1218 1301 1321 1344 unum

215 1409 389 1467 uomerem,
404 1389 495 1454 etad
510 1389 630 1452 festum
645 1394 705 1452 etc.
721 1386 775 1472 xij.
792 1385 846 1450 sol
862 1407 920 1472 pro
937 1383 1025 1449 omni
1047 1384 1191 1463 semicic,
1206 1391 1241 1448 et
1261 1382 1321 1448 hac

214 1491 341 1557 racione
356 1491 437 1557 dicit
451 1490 537 1578 quod
552 1489 700 1556 custodia
714 1490 771 1554 illa
785 1488 827 1554 ad
841 1489 945 1576 ipsam
960 1488 1111 1574 pertinet.

280 1593 324 1660 Et
345 1593 522 1660 Abbatissa
543 1593 637 1659 uenit
660 1601 694 1658 et
716 1592 862 1658 defendit
884 1592 952 1657 uim
973 1600 1007 1656 et
1024 1592 1176 1657 iniuriam
1192 1600 1227 1656 et
1241 1591 1321 1657 dicit

214 1697 300 1783 quod
321 1697 391 1783 ipse
413 1697 523 1762 tenuit
545 1697 585 1762 de
607 1719 646 1762 ea
664 1718 724 1782 per
738 1695 912 1761 seruicium
927 1695 1077 1772 militare,
1091 1695 1140 1759 ita
1154 1695 1219 1760 scil.
1234 1695 1320 1782 quod

214 1807 290 1866 ante
319 1799 543 1865 fundationem
574 1799 718 1864 Abbacie
744 1797 786 1863 de
812 1797 957 1885 Berking
982 1798 1200 1885 septinginta*
1226 1799 1320 1863 annis

214 1904 379 1990 preteritis
397 1904 554 1991 quamdiu
575 1903 756 1969 manerium
771 1902 853 1968 illud
868 1903 932 1968 fuit
946 1902 981 1968 in
996 1925 1094 1968 manu
1111 1903 1203 1968 Dom.
1220 1903 1319 1991 Regis

214 2019 249 2075 et
284 2009 421 2075 aliorum
458 2009 661 2075 dominorum
698 2007 783 2072 feodi
817 2008 922 2072 solent
957 2015 1107 2072 tenentes
1135 2006 1176 2072 de
1206 2006 1319 2072 eodem

213 2113 358 2179 manerio
381 2113 464 2178 hena
491 2113 618 2179 circiter
643 2111 780 2199 triginta
802 2111 860 2198 qui
883 2119 997 2177 tenent
1021 2119 1088 2176 tam
1112 2111 1213 2176 libere
1235 2110 1320 2176 sicut

213 2217 300 2284 idem
315 2219 478 2283 Henricus
492 2225 527 2283 et
544 2215 664 2283 solent³
684 2217 731 2283 ire
745 2216 974 2282 inexercitum
994 2238 1068 2282 cum
1091 2215 1230 2280 dominis
1252 2215 1319 2280 suis

212 2321 291 2387 dum
320 2329 432 2386 tamen
461 2321 747 2386 summonicionem
772 2321 931 2406 haberent
955 2344 1034 2400 sero,
1059 2329 1094 2387 et
1117 2321 1219 2386 eciam
1246 2328 1319 2406 post

213 2425 436 2491 hindacionem
461 2425 605 2490 Abhacie
629 2424 730 2490 donec
752 2425 932 2490 manerium
958 2425 1040 2491 illud
1061 2425 1176 2490 datum
1199 2423 1262 2489 suit
1284 2423 1318 2487 in

213 2529 347 2595 liberam
369 2528 586 2607 elemosinam,
602 2536 636 2592 et
651 2535 764 2614 postea
780 2527 953 2593 seruioium
969 2528 1035 2592 tale
1050 2529 1196 2592 iecerunt
1211 2526 1320 2592 Abba·

213 2633 289 2697 tisse
311 2631 398 2718 quod
418 2653 547 2718 semper
567 2630 672 2696 solent
694 2630 740 2695 ire
761 2652 835 2695 cum
856 2627 1040 2696 Abbatissis
1056 2631 1109 2696 uel
1124 2653 1198 2695 oum
1214 2650 1320 2695 eones·

212 2735 301 2801 callia
323 2735 391 2801 suis
414 2757 479 2822 quo
504 2736 573 2822 ipse
597 2735 773 2800 uoluerunt
796 2735 838 2799 ad
857 2735 1002 2800 maneria
1021 2757 1080 2800 sua
1099 2743 1134 2800 et
1148 2734 1227 2800 alibi
1241 2733 1320 2798 dum

213 2849 323 2904 tamen
352 2861 423 2905 sero
452 2839 611 2904 haberent
640 2839 937 2916 commonicionem,
963 2847 998 2904 et
1026 2838 1107 2904 dicit
1135 2837 1221 2926 quod
1250 2839 1320 2903 siue

212 2941 346 3009 reddat⁴
360 2943 434 3030 plus
449 2943 502 3007 uel
522 2943 631 3007 minus
652 2941 694 3007 de
716 2942 846 3008 redditu
869 2963 996 3028 semper
1017 2941 1098 3007 dant
1119 2963 1177 3027 pro
1199 2941 1321 3006 releuio

212 3055 247 3111 et
272 3045 403 3110 nomine
429 3045 544 3110 releuii
569 3067 595 3111 c
621 3045 675 3110 sol
702 3045 743 3110 de
769 3044 966 3110 tenementis
991 3044 1059 3109 suis
1083 3052 1157 3130 post
1182 3051 1320 3109 mortem

210 3149 448 3216 decedencium
493 3149 584 3215 Dicit
600 3149 701 3215 eciam
718 3150 804 3236 quod
818 3173 933 3216 uxores
951 3149 1119 3216 hominum
1135 3149 1320 3215 tenencium

212 3255 252 3320 de
268 3255 382 3320 eodem
397 3255 540 3320 manerio
555 3263 748 3341 recuperant
762 3263 797 3321 et
812 3256 935 3321 hahent
949 3255 1079 3320 nomine
1094 3255 1180 3321 dotis
1194 3277 1321 3342 semper
1334 3280 1394 3320 aaa

213 3359 346 3426 terciam
360 3367 487 3446 partem
502 3357 587 3424 sicut
602 3358 643 3423 de
658 3359 760 3424 libero
775 3359 867 3424 feodo
882 3367 917 3424 et
931 3383 995 3424 non
1010 3359 1221 3425 medietatem
1237 3360 1321 3426 sicut

212 3465 252 3529 da
275 3463 425 3551 soocagio.
471 3463 562 3528 Dicit
582 3463 684 3528 eciam
707 3463 795 3549 quod
816 3472 967 3529 tenentes
986 3464 1027 3529 de
1046 3465 1159 3530 eodem
1177 3465 1321 3530 manerio

212 3567 333 3634 debent
348 3590 417 3634 esse
432 3567 467 3632 in
482 3567 629 3633 custodia
644 3575 678 3632 et
693 3569 826 3632 fuerunt
840 3569 875 3632 in
890 3568 1044 3644 custodia,
1060 3568 1138 3654 quia
1157 3569 1322 3655 predictus

194 3672 375 3754 ¹Henrious
396 3671 439 3737 de
463 3671 634 3738 Dakeham
659 3671 723 3736 fuit
746 3671 781 3736 in
804 3671 951 3736 custodia
971 3671 1073 3758 ipsius
1092 3672 1266 3737 Abbatisae
1286 3681 1322 3738 et

213 3776 288 3843 inde
311 3775 461 3862 producit
483 3775 646 3862 quandam
668 3782 791 3840 cartam
813 3775 1068 3862 cyrograffatam
1083 3783 1118 3839 et
1135 3774 1216 3840 dicit
1234 3775 1321 3862 quod

213 3879 322 3965 plures
342 3879 400 3944 alii
421 3879 554 3944 hieront
575 3877 611 3943 in
633 3877 787 3955 custodia,
810 3886 844 3941 et
867 3877 989 3964 profert
1012 3887 1133 3942 cartam
1158 3878 1322 3964 quandam

246 4107 254 4139 ¹
273 4107 329 4158 Tha
345 4111 426 4158 terma
443 4108 472 4158 ol
492 4107 545 4158 this
561 4111 654 4159 tenure
670 4113 741 4158 must
792 4109 897 4172 explain
907 4109 966 4160 how
977 4123 1029 4172 any
1040 4123 1089 4159 one
1099 4124 1149 4159 oan
1160 4108 1223 4159 hold
1234 4109 1263 4158 ol
1274 4107 1321 4158 her

214 4172 368 4224 heanoient.
792 4174 825 4238 by
837 4173 953 4238 military
964 4179 1055 4224 tenure
1066 4173 1140 4224 when
1152 4173 1199 4224 she
1208 4173 1284 4224 holda
1293 4173 1321 4223 in

245 4237 256 4270 ¹
273 4239 316 4290 Sio
339 4237 395 4289 MS.
412 4253 472 4302 very
491 4237 593 4303 clearly.
627 4237 742 4300 Barking
793 4239 996 4301 lmnkalmoign.

214 4302 301 4367 hhhey
321 4318 374 4354 waa
395 4303 500 4368 already
522 4305 551 4354 oi
576 4308 648 4368 great
674 4305 741 4352 anti·
824 4303 876 4354 ’et
888 4306 968 4355 colem
979 4305 1013 4368 hy
1024 4307 1173 4354 annotator.

213 4367 351 4432 quityand
367 4368 428 4418 held
443 4368 489 4418 tha
505 4383 597 4419 mnnor
613 4367 642 4418 oi
661 4368 741 4418 Bark·
825 4367 924 4418 ‘Gerr⁸
951 4370 1068 4419 reddam.
1101 4369 1227 4419 whether
1254 4369 1321 4419 their

214 4434 258 4494 ing
274 4433 515 4496 when-Doomsday
529 4448 581 4483 was
597 4432 673 4483 made
689 4432 743 4482 and
793 4441 852 4483 rent
862 4433 894 4482 be
905 4437 977 4496 great
987 4447 1017 4483 or
1032 4432 1108 4482 small
1125 4433 1198 4484 these
1214 4438 1321 4484 tonante

213 4498 275 4560 long
285 4497 380 4549 belota.
409 4497 703 4550 Thasthehhbeashaa
716 4503 743 4548 to
794 4513 844 4562 pay
856 4498 900 4549 the
912 4498 959 4548 lull
972 4497 1087 4560 knight's
1098 4497 1178 4548 relisi.

1128 4601 1234 4668 37-2
