3308 5226
489 427 629 492 unsrun,
651 403 715 478 sn.
741 413 835 491 1234,
858 429 921 480 sn.
947 418 994 480 18.
1229 419 1290 486 661

180 591 368 689 calumpnia
403 601 506 688 ipsius
542 601 677 668 Roberti
713 611 748 668 et
781 604 938 670 heredum
968 627 1109 683 suorum,
1140 589 1176 672 et
1204 605 1291 672 idem

182 705 345 771 Robortus
371 703 444 770 wer'
469 713 591 771 certem
621 729 712 772 suom
743 728 850 773 eornm
873 707 1059 773 iusticieriis
1082 708 1147 774 illis
1168 708 1291 774 eisdem

182 809 347 874 monacbis
369 831 443 874 cum
465 795 614 875 omnibus
632 818 713 897 pert.
729 811 797 876 suis
818 819 878 877 etc
924 811 1051 876 Profert
1072 811 1175 876 eciam
1190 813 1291 898 quod-

180 910 258 976 dem
278 911 514 1008 cyrographum
528 899 651 977 factum
671 912 706 977 in
728 913 817 978 curie
831 913 925 978 Dom.
942 914 984 979 Η.
1001 913 1110 1000 Regis,
1125 914 1184 1000 qui
1203 937 1291 980 nunc

180 1020 240 1090 est,
254 1013 342 1078 inter
356 1012 532 1078 Ricardum
546 1013 587 1078 de
603 1015 698 1079 Estre
713 1022 881 1100 petentem
905 1023 939 1080 et
955 1016 1131 1102 Hugonem
1146 1016 1290 1082 Priorem

180 1117 221 1182 de
248 1117 501 1182 Bermundeseis
525 1117 756 1184 deforciantem
781 1116 824 1183 de
854 1117 1068 1184 eduocecione
1096 1119 1220 1205 capelle
1249 1120 1290 1185 de

181 1219 364 1298 Bikehulle,
378 1242 441 1306 que
456 1221 623 1307 pertinens
645 1229 695 1286 est
717 1229 757 1286 ut
771 1221 852 1286 dicit
866 1221 909 1287 nd
923 1223 1046 1287 dictem
1064 1223 1240 1302 ecclesiam,
1255 1233 1291 1290 et

181 1324 267 1411 quod
287 1331 430 1389 testatur
449 1324 535 1410 quod
558 1324 646 1389 idem
670 1324 829 1390 Ricerdus
848 1325 973 1391 remisit
995 1335 1030 1392 et
1054 1327 1203 1414 quietum
1225 1329 1290 1394 cla-

180 1427 285 1493 mauit
300 1427 341 1492 de
356 1450 390 1493 se
405 1435 439 1492 et
453 1427 627 1493 heredibus
642 1429 709 1493 suis
724 1429 787 1515 ipsi
801 1429 904 1494 Priori
919 1438 954 1494 et
968 1431 1204 1496 suecessoribus
1223 1431 1292 1497 suis

179 1531 410 1616 inperpetuum
432 1537 541 1594 totum
564 1530 617 1595 ius
638 1539 673 1596 et
694 1532 848 1597 clamium
876 1533 963 1618 quod
988 1532 1106 1598 habuit
1130 1533 1165 1598 in
1190 1533 1290 1600 eduo-

179 1635 309 1700 cecione
337 1633 482 1721 predicte
511 1633 633 1720 capelle
663 1643 733 1711 ete,
762 1643 797 1700 et
825 1635 906 1700 dicit
935 1635 1020 1721 quod
1050 1636 1217 1702 Johannes
1247 1637 1289 1703 de

179 1738 301 1802 Briwes
330 1744 423 1824 poter
447 1736 550 1822 ipsius
575 1737 712 1803 Roberti
735 1738 793 1825 qui
819 1760 950 1830 presens
976 1738 1040 1803 fuit
1063 1739 1192 1825 quando
1214 1723 1291 1805 'finis

179 1843 284 1907 laetus
306 1841 370 1906 luit
390 1849 426 1906 et
449 1841 552 1907 eciem
575 1841 791 1907 iusticierius¹
815 1841 880 1906 fuit
902 1843 938 1908 in
963 1843 1161 1931 cyrographo
1185 1844 1290 1908 nomi-

179 1955 285 2025 natus,
311 1954 347 2012 et
371 1969 436 2011 non
460 1947 612 2033 apposuit
638 1947 790 2012 elamium
818 1969 923 2025 suum,
946 1953 980 2012 et
1005 1947 1091 2033 petit
1115 1947 1290 2012 iudicium¹

180 2050 334 2116 clamium
350 2073 414 2115 non
428 2051 587 2136 apposuit.
633 2050 723 2115 Dicit
739 2049 840 2114 eciem
856 2050 1089 2136 quodquidam
1105 2050 1295 2116 Willelmus·

179 2141 219 2220 de
246 2155 429 2242 Moretoign
455 2155 564 2219 tenuit
585 2154 621 2218 in
642 2153 802 2218 dominico
828 2176 886 2218 suo
912 2161 951 2220 ut
977 2153 1018 2218 de
1043 2153 1134 2219 feodo
1161 2163 1195 2220 et
1218 2155 1289 2220 iure
1347 2203 1352 2214 .

178 2258 359 2324 manerium
396 2258 436 2323 de
475 2259 603 2345 Steples
636 2281 711 2323 cum
744 2257 957 2323 aduocacione
987 2258 1120 2323 ecclesie
1150 2267 1185 2324 et
1214 2281 1289 2323 eum
1358 2281 1360 2288 ·

178 2362 328 2427 omnibus
357 2362 429 2426 eliis
458 2369 538 2447 pert.
564 2361 640 2439 suis,
666 2369 700 2425 et
725 2359 815 2447 ipse⁸
840 2361 1021 2426 manerium
1050 2361 1133 2427 illud
1159 2361 1224 2426 fuit
1253 2361 1289 2427 in

178 2487 278 2531 manu
315 2489 374 2531 sue
413 2465 505 2530 dedit
543 2464 788 2530 aduocationem
829 2465 917 2531 illius
953 2466 1086 2532 ecclesie
1124 2465 1290 2532 monachis

179 2569 220 2634 de
244 2569 504 2648 Bermundeseie‚
529 2576 563 2634 et
584 2576 756 2656 postquam
779 2569 961 2634 manerium
982 2569 1065 2635 illud
1086 2569 1201 2635 datum
1226 2569 1290 2636 fuit

179 2671 325 2759 predicto
355 2672 498 2737 Roberto
523 2693 585 2737 auo
607 2673 701 2738 uenit
723 2672 812 2737 idem
835 2673 998 2738 Robertus
1022 2681 1057 2738 et
1086 2674 1291 2739 confirmauit
1373 2673 1376 2680 ’

180 2777 301 2842 eisdem
323 2775 488 2841 monachis
510 2776 631 2842 donum
657 2777 739 2842 illud
761 2798 820 2862 per
841 2785 963 2842 certem
986 2799 1195 2864 enumquam
1217 2800 1292 2865 pro·

180 2881 245 2947 fert
274 2887 309 2946 et
326 2903 398 2972 'que
429 2887 571 2945 testatur
595 2880 682 2967 quod
710 2878 798 2946 idem
824 2881 986 2945 Robertus
1011 2903 1069 2966 pro
1096 2882 1201 2946 salute
1231 2905 1293 2949 sue

181 2991 216 3050 et
240 2991 479 3050 antecessorum
504 2991 539 3049 et
562 3005 779 3050 successorum
802 3006 932 3050 suorum
956 2985 1099 3070 presenti
1118 2993 1208 3050 certo
1231 3008 1291 3052 sus

181 3087 387 3154 confirmauit
423 3087 618 3153 monasterio
655 3088 687 3153 S.
723 3087 902 3153 saluatoris
939 3087 979 3152 de
1017 3087 1291 3154 Bermundeseie⁴

182 3191 305 3257 ibidem
335 3191 396 3257 deo
425 3191 643 3257 seruientibus
672 3191 838 3256 ecclesiam
860 3192 901 3257 de
924 3191 1038 3277 Staple
1064 3190 1118 3256 et¹⁵
1140 3193 1290 3258 omnibus

181 3295 374 3384 etsingulis
395 3294 437 3360 ad
466 3317 539 3360 eam
569 3293 809 3381 pertinentibus
837 3316 934 3380 quem
964 3295 1017 3360 uir
1042 3295 1177 3361 illustris
1206 3297 1291 3362 Wil-

181 3401 298 3466 lelmus
319 3399 456 3464 Morton'
488 3399 602 3466 Oomes
631 3421 690 3485 per
710 3406 834 3464 eertum
860 3421 952 3464 suem
981 3398 1103 3465 eisdem
1133 3402 1290 3468 concessit

182 3511 216 3570 et
238 3503 450 3579 confirmauit,
470 3510 505 3567 et
530 3501 621 3567 dedit
643 3511 678 3567 et
698 3502 903 3567 confirmauit
926 3503 957 3568 ei
980 3526 1080 3568 unem
1100 3503 1179 3591 uirg.
1205 3511 1291 3570 terre

182 3630 280 3694 quam
309 3607 471 3672 Robertus
499 3607 659 3692 presbiter
687 3607 728 3672 de
759 3606 934 3672 Ohedene⁰
956 3606 1065 3672 tenuit
1095 3606 1230 3672 liberem
1256 3615 1291 3673 et

182 3710 326 3797 quietem
363 3710 404 3775 de
441 3709 530 3774 omni
566 3709 701 3774 seculari
729 3708 874 3786 seruioio,
903 3717 1039 3794 excepto
1068 3709 1199 3774 murdro
1229 3717 1289 3775 etc

181 3813 307 3879 Profert
342 3812 444 3878 eciam
480 3821 603 3878 certam
637 3813 904 3900 cymgmphntam
932 3812 1068 3877 Roberti
1096 3811 1138 3878 de
1167 3815 1289 3880 Briwes

180 3928 215 4004 et
237 3918 396 3985 Johennis
417 3916 478 3981 filii
499 3915 551 3982 sui
572 3938 635 4004 que
657 3914 819 3981 testatur'
836 3937 890 3980 eos
912 3913 1038 3978 dedisse
1060 3913 1096 3978 in
1116 3937 1231 4000 puram
1250 3923 1285 3980 et

181 4032 373 4112 perpetuam
392 4021 599 4088 elemosinam
618 4021 808 4087 concessisse
826 4018 958 4085 ecclesie
977 4019 1014 4084 B.
1032 4018 1122 4083 Petri
1140 4027 1175 4084 et
1193 4019 1288 4084 Pauli

182 4181 607 4303 “bzultneffimsffipaenoetedm
616 4180 710 4246 ium
792 4179 805 4278 l
821 4179 973 4310 &illumi
982 4257 1025 4292 ere
1037 4241 1127 4305 Steple
1142 4241 1287 4320 bitumine,

215 4315 343 4380 rsupply
354 4316 458 4366 destord.
761 4308 915 4359 Brokenhsll
926 4305 1267 4370 endebeddonFrtnpsme.

215 4382 226 4416 ⁸
243 4380 343 4445 Supply
353 4379 464 4444 quondo.
792 4373 803 4406 ⁷
820 4371 1163 4432 Whetfollowsisobsonre;
1179 4373 1293 4437 perhaps

215 4445 523 4510 ⁴Supplyetmonectls.
761 4437 845 4488 words
855 4437 996 4488 hevebeen
1008 4437 1067 4487 lost.
