3276 5234
398 477 637 540 incursurus,
660 475 724 527 nn.
748 461 841 540 1220,
865 475 928 528 aa
951 464 1044 526 4-5.
1208 467 1270 531 259

156 648 394 715 Farmamuilla
409 651 532 715 clamat
547 671 660 714 uersus
674 649 817 713 Priorem
832 647 873 713 de
888 647 1082 735 Gyppewico
1103 648 1159 734 qui
1178 651 1272 714 uenit

157 761 192 816 et
213 752 302 818 dixit
324 753 414 840 quod
435 777 503 818 non
522 753 632 840 potuit
650 751 842 838 respondere
860 751 929 816 sine
945 753 978 818 P.
996 753 1153 817 Noruint¹
1169 753 1271 818 electo

158 864 194 919 et
209 865 309 921 uocat
323 879 401 921 eum
417 857 459 922 ad
479 864 683 920 warrantum.
729 856 772 920 Et
794 855 972 921 Robertus⁹
990 879 1049 942 per
1069 865 1270 922 attomatum

159 981 258 1024 suum
278 960 376 1024 uenit
395 967 431 1024 et
451 959 483 1023 ei
497 959 684 1023 warantizat
704 967 739 1024 et
758 959 838 1024 dicit
860 959 946 1046 quod
968 960 1066 1024 assisa
1087 981 1152 1024 non
1174 959 1272 1024 debet

160 1063 238 1127 inde
260 1063 343 1140 fieri,
357 1063 436 1150 quia
457 1063 592 1128 ecclesia
612 1085 677 1127 non
699 1071 795 1128 uacat
817 1063 894 1148 quia
919 1063 1083 1150 predictus
1107 1063 1198 1128 Prior
1222 1072 1272 1128 est

160 1167 238 1232 inde
253 1191 395 1254 persona
408 1179 443 1234 et
457 1177 605 1254 preterea
618 1167 705 1232 idem
721 1167 811 1232 Prior
825 1167 925 1233 habet
940 1169 1106 1234 ecclesiam
1126 1169 1215 1233 illam
1230 1169 1271 1232 de

160 1270 248 1335 dono
278 1271 418 1337 Roberti
439 1271 480 1336 de
503 1270 738 1335 Furmamuilla
759 1269 921 1355 quondam
944 1271 1007 1336 uiri
1028 1270 1130 1356 ipsius
1152 1269 1271 1334 Basilis

161 1397 221 1460 per
246 1383 373 1440 cartam
395 1397 487 1439 suam
510 1397 608 1460 quam
629 1375 751 1460 profert
772 1381 807 1438 et
829 1397 892 1460 que
915 1382 1056 1439 testatur
1077 1373 1162 1461 quod
1184 1373 1271 1438 idem

161 1479 331 1543 Robertus
349 1477 441 1542 dedit
461 1487 496 1542 et
516 1478 670 1543 concessit
684 1479 719 1542 in
733 1487 925 1565 perpetuam
941 1477 1147 1543 elemosinam
1162 1476 1223 1542 deo
1238 1487 1272 1541 et

162 1582 299 1647 ecclesie
315 1583 348 1648 S.
361 1581 532 1647 Trinitatis
546 1583 587 1648 de
599 1583 792 1669 Gyppenico
807 1591 842 1648 et
856 1582 1016 1648 canonicis
1030 1595 1089 1646 ete.
1105 1583 1271 1647 ecclesiam

162 1687 324 1752 Omnium
348 1686 540 1752 Sanctorum
562 1686 603 1752 de
626 1686 798 1772 Sproltona
817 1693 875 1750 etc.
897 1685 983 1750 unde
1006 1685 1086 1750 dicit
1107 1685 1194 1771 quod
1215 1708 1273 1772 per

161 1789 286 1856 donum
303 1790 386 1855 illud
400 1791 464 1855 fuit
478 1790 565 1855 idem
585 1791 676 1855 Prior
690 1791 725 1854 in
740 1789 859 1855 seisina
873 1789 960 1854 illius
975 1789 1106 1855 ecclesie
1122 1789 1162 1854 lx.
1178 1789 1272 1854 annis

162 1895 338 1960 transactis
352 1903 392 1959 ut
406 1917 549 1981 persona

227 2000 276 2063 Et
307 1998 430 2064 Basilia
458 1999 551 2062 uenit
580 2021 638 2083 per
667 2006 868 2063 attomatum
898 2021 994 2064 suum
1019 2007 1054 2064 et
1082 1996 1272 2084 dicitquod

162 2103 301 2168 ecclesia
322 2103 381 2167 illa
400 2102 533 2167 uacauit
552 2099 605 2167 die
625 2125 689 2188 quo
709 2102 796 2168 idem
816 2102 907 2166 Prior
920 2103 1136 2167 summonitus
1151 2101 1222 2178 fuit,
1238 2109 1272 2166 et

161 2206 332 2272 siclaetus
347 2213 460 2292 postea
473 2203 598 2291 aliquid
611 2204 687 2269 inde
707 2205 784 2270 fecit
803 2228 868 2270 non
887 2204 986 2271 debet
1006 2207 1037 2271 ei
1059 2229 1173 2272 nocere
1195 2206 1272 2292 quia

162 2311 300 2397 quidam
323 2309 488 2376 Galfridus
509 2308 642 2374 clericus
664 2309 745 2374 obiit
767 2309 843 2375 inde
864 2333 1000 2396 persona
1025 2308 1161 2376 duobus
1179 2309 1272 2375 annis

164 2416 340 2482 transactis
366 2416 409 2481 ad
437 2413 710 2502 presentationem
732 2414 834 2500 ipsius
857 2415 976 2480 Basilis
998 2424 1033 2480 et
1054 2415 1130 2481 inde
1152 2415 1273 2502 profert

163 2527 289 2583 cartam
305 2517 329 2582 J
330 2518 468 2583 ohannis
478 2515 640 2603 quondam
652 2516 793 2602 episcopi
805 2516 1033 2582 Norwicensis²
1044 2540 1107 2603 que
1117 2516 1274 2582 testatur*

163 2621 205 2686 ad
225 2620 375 2686 eiusdem
395 2620 515 2685 Basilis
535 2619 807 2705 presentationem
822 2621 954 2686 admisit
968 2621 1075 2707 ipsum
1090 2621 1271 2687 Galfiidum

162 2727 204 2792 ad
235 2726 407 2791 ecclesiam
428 2725 469 2789 de
499 2724 684 2810 Sproutoua
713 2733 772 2790 etc.
795 2732 830 2789 et
855 2725 963 2811 ipsum
985 2726 1020 2790 in
1043 2747 1082 2790 ea
1103 2747 1271 2810 personam

163 2829 314 2896 instituit
343 2835 404 2893 etc.
427 2827 514 2892 unde
540 2827 624 2912 ipse⁵
645 2827 726 2892 dicit
748 2829 833 2914 quod
855 2829 967 2894 statim
989 2836 1063 2916 post
1084 2827 1272 2894 arramiauit

163 2934 236 3019 ipsa
249 2931 385 2997 assisam
399 2931 504 2996 istam.
549 2931 639 2995 Dicit
654 2931 755 2996 eciam
771 2930 857 3017 quod
870 2939 944 3018 post
958 2939 1080 2996 cartam
1260 2929 1272 2962 ⁸

164 3040 192 3104 si
214 3059 363 3124 unquam
383 3036 470 3101 facta
490 3035 555 3100 fuit
574 3035 776 3121 presentauit
794 3037 866 3122 ipsa
884 3045 950 3101 tres
970 3057 1120 3122 personas
1139 3043 1173 3100 et
1195 3033 1270 3099 inde

164 3143 258 3228 ponit
273 3164 309 3206 se
323 3162 423 3226 super
435 3141 583 3205 iuratam.

229 3247 275 3310 Et
299 3245 391 3310 Prior
410 3245 490 3310 dicit
512 3244 599 3331 quod
619 3267 730 3310 omnes
750 3244 857 3310 clerici
877 3245 1010 3346 firerunt
1029 3245 1143 3311 uicarii
1157 3252 1192 3310 et
1207 3267 1271 3308 non

164 3371 302 3436 persone
326 3347 405 3434 quia
423 3347 514 3412 Prior
533 3348 575 3414 lx.
589 3349 682 3414 annis
705 3349 821 3434 elapsis
842 3349 987 3435 percepit
1006 3349 1081 3414 inde
1102 3347 1271 3413 annuatim

164 3453 247 3518 duos
260 3452 317 3517 sol
333 3451 464 3516 nomine
479 3453 641 3538 pensionis
656 3461 690 3518 et
704 3453 780 3518 inde
794 3454 886 3539 ponit
900 3476 934 3519 se
949 3475 1046 3539 super
1060 3451 1207 3518 iuratam.
1328 3431 1336 3453 ⁶

231 3557 278 3621 Et
302 3557 375 3644 ipsa
397 3557 519 3622 Basilia
540 3579 597 3643 per
620 3565 821 3622 attomatum
841 3581 937 3622 suum
957 3557 1037 3622 dicit
1057 3557 1143 3644 quod
1160 3577 1272 3620 reuera

165 3661 302 3748 quidam
322 3659 480 3725 Ricardus
500 3661 557 3746 qui
577 3661 641 3727 fuit
660 3661 736 3726 inde
758 3661 894 3747 persona
908 3659 995 3725 luce'
1010 3659 1166 3724 aduocato
1180 3657 1272 3722 dedit

165 3765 273 3831 eidem
290 3763 393 3829 Priori
408 3763 488 3829 duos
507 3765 562 3831 sol.
583 3788 641 3851 pro
662 3765 746 3830 bono
765 3765 853 3852 pacis
875 3764 960 3852 quod
982 3786 1047 3828 non
1069 3767 1272 3826 uexauerunt

166 3869 267 3935 eum'.
314 3867 562 3934 consideratum
577 3878 628 3934 est
642 3871 729 3956 quod
743 3871 842 3936 assisa
855 3867 1015 3956 procedat.

232 3973 404 4039 Juratores
427 3973 541 4038 dicunt
567 3975 654 4061 quod
677 3975 799 4040 Basilia
827 3973 973 4060 predicta
997 3969 1199 4058 presentauit
1246 3969 1271 4032 l-

197 4179 207 4212 ¹
225 4179 344 4239 Nona'c’,
361 4181 392 4237 A,
410 4179 441 4230 B.
453 4178 591 4244 Pandulph
602 4179 697 4244 bishop
779 4179 790 4213 ⁸
807 4179 956 4242 Oorr.r'1rso,
969 4177 1000 4238 A,
1013 4176 1043 4228 B.

165 4245 232 4296 elect
242 4245 272 4294 ol
280 4245 409 4296 norwich.
779 4243 790 4278 ⁸
806 4245 828 4294 A
839 4258 915 4307 space
925 4243 983 4301 reru
997 4242 1144 4304 predictam,
1156 4238 1186 4294 A.
1197 4237 1229 4286 Β.

199 4311 265 4358 ’Er
276 4311 308 4360 P.
321 4311 507 4374 [Pandalphua]
520 4325 569 4374 per
583 4319 695 4362 attoma-
779 4309 911 4373 ⁷pereona
933 4310 987 4358 riae
1015 4307 1146 4365 aduocato,
1175 4303 1198 4351 B
1220 4299 1274 4377 and

167 4375 316 4434 mss·
747 4374 872 4438 probably
892 4373 916 4423 A
937 4372 1001 4433 also,
1025 4371 1072 4421 but
1098 4369 1143 4418 A's
1169 4370 1223 4418 rinc
1250 4381 1274 4416 rs

199 4439 301 4489 ³John
312 4439 389 4503 Grey,
402 4440 443 4492 ob.
456 4440 487 4490 18
499 4439 554 4494 Oct.
570 4441 642 4492 1214.
748 4439 912 4501 misleading.

199 4505 414 4569 ‘SUPPlYW‘L
780 4505 911 4568 leoqood
921 4509 1077 4553 uererentur
1089 4514 1150 4556 mm,
1163 4499 1193 4547 A.

1082 4599 1188 4666 w-a
