3196 5226
472 473 611 540 11111111,
634 475 700 527 aa.
724 462 903 540 1111111
926 466 955 526 8.
1201 464 1263 526 185

150 671 211 735 pro
226 649 344 715 eadem
360 651 462 716 tercia
477 659 569 737 parte
585 659 636 716 set
651 650 732 716 dicit
752 649 840 737 quod
860 650 1023 716 Henricus
1041 649 1082 714 de
1102 649 1266 714 8000111110

151 753 263 839 coegit
278 775 355 817 eum
366 775 426 839 per
439 753 673 818 districtionem
689 761 764 839 post
779 773 819 818 ea
832 753 872 818 de
888 753 1035 818 facienda
1049 752 1080 817 ei
1095 760 1185 817 carta
1198 774 1266 830 sua,

152 855 233 942 qnia
254 857 345 942 cepit
371 880 446 922 eum
477 866 513 922 ct
536 857 750 944 inprisonauit
773 879 849 922 eum
879 857 1027 922 incuria
1054 856 1195 921 Abbatis
1225 856 1265 921 de

153 960 368 1046 Abingdonia
391 983 451 1046 per
479 961 560 1026 duos
588 960 657 1025 dies
687 969 721 1025 et
750 969 863 1046 postea
886 961 974 1047 apud
997 959 1265 1047 Walingsordiam

155 1064 204 1128 ita
218 1064 309 1149 quod
323 1087 390 1128 non
405 1064 514 1150 potuit
530 1063 616 1128 exire
630 1063 819 1150 priusquam
833 1063 961 1128 fecisset
976 1063 1007 1128 ei
1028 1071 1150 1128 cartam
1165 1063 1265 1141 illam,

155 1167 204 1230 ita
224 1167 313 1252 quod
333 1189 462 1253 semper
480 1175 594 1252 postea
614 1167 690 1232 fecit
708 1187 784 1231 eum
804 1168 960 1233 custodiri
982 1189 1150 1255 quousque
1172 1169 1266 1233 uenit

156 1270 332 1335 incuriam
352 1272 444 1336 Dom
461 1271 562 1358 Regis
581 1272 639 1336 ubi
657 1271 734 1336 fecit
755 1293 831 1336 eum
850 1272 956 1337 dicere
977 1271 1130 1358 quic'quid
1150 1271 1265 1348 uoluit,

157 1383 191 1440 et
212 1375 357 1439 libenter
377 1374 474 1438 faciat
496 1373 571 1438 inde
593 1373 747 1459 quicquid
770 1374 911 1438 uoluerit
932 1381 966 1439 et
985 1374 1026 1439 de
1050 1373 1210 1438 escambio
1231 1383 1265 1439 et

158 1477 197 1542 de
221 1477 305 1552 aliis,
330 1483 381 1540 set
406 1474 594 1561 dicitquod
616 1475 778 1540 Hemicus
802 1475 879 1540 fecit
905 1475 936 1540 ei
960 1475 1121 1561 quandam
1143 1485 1265 1540 cartam

159 1579 245 1666 quod
268 1587 477 1643 conseruerat
499 1577 638 1642 eundem
653 1577 856 1642 Willelmum
877 1578 1085 1664 indempnem
1104 1578 1145 1643 de
1166 1579 1266 1644 tercia

158 1683 231 1748 hac¹
249 1681 406 1768 quicquid
420 1681 623 1768 contingeret
638 1691 673 1746 et
694 1682 864 1746 commissa
885 1681 949 1746 fuit
971 1689 1060 1746 00110
1081 1681 1265 1747 1110011010-

158 1786 279 1850 dienda
306 1786 453 1850 Johanni
481 1785 523 1851 de
551 1785 741 1872 Apelfordia
768 1786 826 1872 qui
855 1786 961 1851 adhuc
984 1787 1075 1850 illam
1101 1787 1202 1851 habet
1231 1795 1266 1851 et

159 1888 299 1974 quedam
320 1888 386 1952 alia
407 1897 496 1952 carta
515 1889 684 1953 commissa
705 1889 769 1952 fuit
787 1888 909 1953 Thome
928 1888 1084 1953 Huscard
1130 1889 1173 1952 Et
1193 1889 1265 1954 ideo

159 1999 350 2077 preceptum
365 2001 416 2056 est
430 1991 509 2077 ipsis
525 1992 646 2057 Thome
662 1999 697 2057 et
710 1992 734 2057 J
735 1992 854 2058 ohanni
869 1992 955 2078 quod
970 1993 1061 2056 saluo
1080 1991 1266 2057 custodiant

160 2103 263 2158 mrtas
284 2094 360 2158 illas
381 2094 430 2158 ita
451 2093 538 2179 quod
559 2094 631 2158 illas
651 2093 795 2159 habeant
814 2117 835 2160 a
854 2094 907 2159 die
930 2094 1052 2160 Pascha
1072 2094 1108 2159 in
1127 2117 1177 2159 xv.
1197 2095 1266 2160 dies

160 2208 217 2263 etc
264 2198 359 2262 Idem
375 2198 444 2263 dies
459 2197 556 2262 datus
570 2206 620 2262 est
634 2199 789 2284 partibus

113 2363 119 2375 ,
222 2303 385 2367 Ricardus
421 2301 461 2366 de
492 2303 696 2368 Mundeuilla
731 2303 817 2388 petit
852 2325 967 2369 uersus
1002 2302 1187 2368 Johannem
1224 2302 1264 2368 dc
1313 2375 1315 2378 ,

160 2407 368 2477 Mundeuiila
388 2415 514 2492 septem
536 2407 616 2494 uirg.
641 2415 726 2472 terre
749 2427 823 2472 cum
844 2415 924 2492 pert.
948 2407 983 2472 in
997 2407 1132 2472 Wlfhus
1154 2414 1193 2472 ut
1214 2406 1265 2472 ius

160 2533 256 2574 suum
285 2518 346 2575 etc
385 2509 472 2574 unde
501 2509 652 2596 Nigellus
681 2509 722 2573 de
752 2509 956 2574 Mundeuilla
984 2533 1066 2574 auus
1095 2532 1173 2574 suus
1202 2510 1266 2574 fuit

160 2615 291 2679 saisitus
305 2622 345 2678 ut
360 2613 401 2678 de
417 2612 509 2678 feodo
524 2621 558 2676 et
572 2613 642 2678 iure
658 2621 693 2677 et
708 2613 743 2677 in
763 2612 923 2677 dominico
938 2621 1083 2699 tempore
1104 2613 1146 2677 Η.
1166 2613 1266 2701 Regis

160 2718 214 2782 aui
235 2718 332 2783 Donn
359 2718 460 2804 Regis
485 2717 640 2802 capiendo
665 2717 741 2782 inde
766 2717 896 2802 expleta
920 2715 962 2780 sd
986 2717 1166 2780 ualenciam
1188 2719 1265 2784 dim.

160 2843 256 2886 marc.
271 2829 331 2885 etc
376 2820 427 2884 De
443 2819 512 2905 ipso
528 2819 659 2906 Nigello
673 2819 841 2884 descendit
855 2819 906 2883 ius
921 2825 1006 2883 terre
1021 2819 1109 2884 illius
1124 2821 1265 2886 Ranulfo

161 2923 226 2987 filio
241 2946 302 2987 suo
317 2931 352 2987 et
367 2922 408 2987 de
423 2921 564 2986 Ranulso
579 2921 655 2986 huic
670 2921 808 2986 Ricardo
822 2929 862 2985 111
876 2920 943 2984 filio
963 2929 998 2985 et
1020 2921 1132 2986 heredi
1151 2945 1211 2988 suo
1231 2931 1265 2988 et

161 3027 220 3092 hoc
234 3029 331 3092 offert
346 3035 405 3092 cto.

226 3129 272 3194 Et
293 3129 460 3194 Johannes
482 3129 575 3194 uenit
597 3136 632 3194 et
653 3127 799 3193 defendit
820 3127 872 3192 ius
894 3149 998 3204 suum,
1014 3135 1065 3192 set
1086 3128 1170 3194 bene
1192 3151 1265 3216 cog·

162 3233 267 3298 noscit
292 3233 445 3298 saisinam
475 3233 600 3320 Nigelli
623 3234 687 3311 aui,
712 3241 747 3298 et
776 3232 856 3297 dicit
886 3232 972 3318 quod
1000 3232 1087 3296 idern
1114 3233 1266 3320 Nigellus

161 3337 224 3402 fuit
248 3345 344 3423 pater
370 3359 448 3402 auus
471 3346 507 3401 et
532 3337 692 3401 Ranulfus
714 3335 779 3400 fuit
804 3336 903 3400 frater
928 3358 1006 3400 suus
1031 3336 1266 3423 primogenitus

161 3450 211 3506 set
235 3464 304 3505 non
327 3441 531 3526 exspectauit
554 3449 691 3505 mortam
718 3439 843 3526 Nigelli
866 3439 968 3525 patris
994 3439 1045 3504 sui
1074 3449 1124 3505 set
1154 3441 1236 3506 obiit
1260 3443 1264 3523 Ι

160 3543 352 3629 priusquam
378 3543 531 3629 Nigellus
559 3550 593 3607 et
614 3543 683 3628 ipse
706 3542 872 3608 Johannes
893 3541 1049 3606 remansit
1070 3541 1105 3606 in
1126 3543 1209 3608 atrio
1232 3552 1266 3608 et

159 3647 366 3732 exspectauit
380 3657 518 3712 mortem
534 3647 658 3734 Nigelli
672 3647 774 3732 patris
788 3647 840 3711 sui
855 3654 889 3710 at
903 3648 1058 3711 remansit
1073 3647 1107 3711 in
1127 3656 1214 3712 terra
1228 3657 1267 3714 ut

159 3753 255 3817 heres
274 3775 355 3817 suus
375 3761 409 3817 et
430 3751 504 3818 ideo
525 3752 611 3839 petit
632 3752 788 3818 iudicium
811 3751 839 3816 si
861 3751 966 3817 eidem
989 3752 1127 3818 Ricardo
1148 3753 1267 3819 debeat

158 3857 237 3922 inde
253 3855 468 3942 respondere².
819 3940 822 3948 Ι

227 3960 272 4024 Et
302 3958 460 4023 Ricsrdus
481 3959 544 4023 sibi
565 3958 651 4045 petit
672 3958 801 4024 allocan'
823 3957 909 4044 quod
931 3959 1094 4045 cognoscit
1115 3959 1266 4024 seisinam

157 4061 286 4151 Nigelli
313 4069 348 4126 et
373 4060 567 4127 assuesciam
590 4060 734 4126 eiusdem
756 4061 886 4126 Ricardi
908 4069 943 4126 et
964 4061 1045 4127 dicit
1070 4063 1156 4148 quod
1179 4062 1266 4128 idem

191 4215 200 4248 ¹
220 4215 251 4280 (1)
264 4216 295 4264 dc
308 4214 356 4263 hac
369 4215 448 4262 tercia
455 4220 538 4276 parte.
739 4213 787 4263 has
798 4212 842 4264 the
857 4213 940 4264 better
953 4213 1024 4277 right
1040 4213 1087 4264 but
1102 4229 1137 4264 no
1153 4215 1265 4278 remedy.

190 4281 239 4330 ’A
262 4280 314 4330 has
336 4283 388 4327 two
410 4292 472 4327 sona
492 4280 517 4327 Β
539 4277 592 4328 and
620 4279 642 4328 0
662 4279 690 4328 oi
738 4279 852 4328 Bracton
868 4278 972 4342 regards
991 4278 1045 4330 this
1064 4279 1205 4329 saducto
1221 4281 1265 4330 tha

157 4345 244 4395 whom
260 4347 285 4394 B
301 4343 325 4393 is
342 4343 388 4393 the
404 4341 485 4400 eldam
504 4345 527 4392 B
542 4343 591 4392 has
607 4358 624 4393 a
640 4358 688 4392 son
739 4359 811 4393 ccam
828 4346 913 4405 Rapis,
935 4344 1004 4408 King
1025 4345 1095 4394 John
1111 4343 1208 4406 having
1224 4361 1265 4395 ex-

157 4413 184 4461 D
201 4410 254 4461 and
275 4409 345 4467 dien
374 4407 482 4466 Adice
506 4407 567 4458 Gis
585 4408 613 4457 in
631 4423 688 4471 pos-
739 4408 830 4459 cluded
852 4409 951 4459 Arthnr
968 4409 997 4460 01
1016 4410 1146 4473 Brittany.
1184 4410 1230 4460 Sao
1247 4411 1263 4461 1.

157 4477 257 4528 session
282 4473 322 4540 (111
340 4475 408 4524 atrio
428 4475 481 4523 siue
501 4475 530 4523 in
546 4474 642 4538 astro);
664 4475 689 4524 D
740 4473 824 4526 1111.
857 4475 910 4524 But
921 4476 954 4526 of.
969 4475 1062 4528 Glanv.
1076 4474 1121 4524 lib.
1134 4477 1158 4537 7,
1170 4489 1226 4538 cap.
1239 4477 1262 4528 Β.
