3212 5230
341 451 573 510 monianum,
596 450 658 498 un.
686 436 778 510 1230,
801 449 862 497 aa.
889 436 1022 496 14-15‚
1171 433 1232 494 :353

164 625 314 694 ualffidum
334 623 474 690 Leaume
496 645 593 710 quem
615 621 778 686 Walterus
800 619 841 686 de
863 619 1018 686 Prestona
1039 620 1170 684 uocauit
1192 618 1233 684 ad
1246 630 1396 680 Nouium

1271 679 1303 718 uu
1312 688 1385 717 uenus

153 857 202 899 aar.
217 833 295 918 prati
312 839 343 896 et
359 831 421 916 xvj.
438 830 509 895 den
526 829 672 894 redditus
688 837 723 892 et
741 828 764 912 j.
782 827 985 914 mesuagium
1007 849 1081 891 cum
1101 835 1181 910 pert.
1198 825 1233 889 in
1245 820 1398 904 Effinge?

1245 913 1282 958 ult,
1291 916 1312 951 et
1320 912 1389 961 portur

152 936 318 1001 Wudecrost
333 943 370 1000 ut
385 935 438 998 ius
452 956 548 998 suum
569 942 627 997 etc.
644 939 678 995 et
699 931 734 995 in
750 953 829 1017 quae
849 953 913 994 non
934 930 1033 994 habet
1053 930 1232 1016 ingressum
1245 959 1382 1054 35:333ss

149 1041 201 1105 nisi
217 1062 270 1126 per
288 1038 426 1104 Aliciam
446 1046 584 1102 matrem
605 1035 742 1122 predicti
763 1035 919 1100 Willelmi
941 1035 1019 1100 dum
1042 1035 1129 1100 idem
1151 1035 1231 1098 Wil-
1245 1053 1392 1138 griffi„

149 1145 248 1209 lelmus
271 1143 333 1207 fuit
361 1142 446 1206 infra
476 1149 597 1206 etatem
624 1148 658 1206 et
684 1141 718 1205 in
746 1139 891 1204 custodia
916 1139 1017 1225 ipsius
1042 1139 1145 1203 Alicie
1172 1147 1230 1203 etc.
1244 1145 1382 1232 fflgffi

150 1249 185 1312 Et
201 1247 354 1312 Walterus
375 1246 456 1310 obiit
476 1253 647 1331 postquam
668 1245 754 1309 idem
777 1244 940 1310 Galfn'dus
960 1245 991 1308 ei
1010 1243 1232 1309 warentizauit
1245 1239 1371 1326 iffiffi

149 1361 176 1416 et
187 1359 347 1437 postquam
362 1349 450 1414 idem
467 1348 630 1414 Galfn'dus
644 1348 753 1434 posuit
768 1371 802 1412 se
817 1371 913 1434 super
932 1346 1175 1433 inquisicionem
1190 1347 1231 1411 de
1244 1333 1396 1420 meppea

147 1453 272 1540 predicto
285 1453 441 1539 ingressu,
456 1451 578 1516 scilicet
593 1459 703 1516 utrum
719 1450 806 1516 idem
822 1451 985 1515 Walterus
1001 1449 1116 1516 habuit
1131 1451 1231 1515 talem
1244 1426 1304 1466 ”⁰¹¹²

150 1557 308 1641 ingrannum
324 1553 378 1618 uel
393 1576 465 1616 non.
503 1553 547 1616 Et
561 1575 673 1617 omnes
688 1552 844 1618 iuratores
858 1553 997 1616 ueniunt
1012 1561 1062 1617 set
1076 1553 1232 1618 iudicium
1245 1561 1312 1602 ³³⁶⁸·

147 1659 261 1745 ponitur
282 1658 317 1722 in
341 1665 524 1743 respectum
550 1679 609 1742 per
634 1657 803 1721 consilium
829 1656 916 1721 curie
942 1665 980 1720 ut
1003 1656 1134 1721 interim
1156 1657 1232 1722 inde

149 1762 298 1826 consilium
314 1761 474 1826 habeatur
488 1769 599 1824 utrum
614 1761 784 1846 procedere
799 1761 917 1826 debeat
931 1761 1038 1826 iurata
1052 1761 1105 1826 uel
1120 1785 1191 1826 non

102 1925 107 1938 ,
198 1867 374 1932 ⁴Johannes
400 1866 441 1930 de
471 1865 715 1952 Billingeburgo
744 1866 829 1952 petit
858 1889 971 1931 uersus
999 1866 1162 1953 Rogerum
1192 1865 1232 1931 de
1292 1883 1346 1924 um

146 1966 344 2032 Bucministre
369 1965 455 2051 quod
480 1965 578 2029 faciat
602 1965 633 2029 ei
656 1965 905 2030 consuetudines
928 1974 962 2030 et
984 1974 1073 2030 recta
1096 1965 1233 2030 seruicia

145 2092 197 2154 que
210 2072 238 2134 ei
252 2071 354 2136 hcere
370 2070 469 2134 debet
484 2069 524 2134 de
540 2070 641 2135 libero
656 2079 844 2136 tenemento
864 2071 951 2158 quod
971 2071 1011 2135 de
1033 2093 1070 2135 eo
1091 2079 1183 2135 tenet
1197 2071 1232 2135 in

145 2173 372 2260 Billingeburgo
395 2180 454 2238 etc.
476 2172 562 2238 unde
584 2173 672 2238 idem
694 2175 860 2238 Johannee
882 2174 1029 2261 queritur
1050 2173 1135 2260 quod
1158 2197 1231 2238 cum

145 2283 239 2340 teneat
253 2276 293 2341 de
308 2298 346 2340 eo
362 2275 492 2340 feodum
507 2275 635 2340 dimidii
650 2277 763 2341 militia
778 2300 852 2342 cum
867 2285 947 2363 pert.
963 2277 998 2341 in
1018 2275 1131 2342 eadem
1152 2277 1233 2342 uilla

144 2377 201 2464 ipae
215 2401 275 2444 non
295 2379 373 2444 facit
393 2379 425 2443 ei
445 2378 632 2465 homagium
651 2402 711 2445 nec
730 2379 889 2445 releuium
911 2380 997 2445 unde
1019 2380 1231 2447 deterioratae

145 2491 185 2548 eet
198 2493 253 2550 etc.

198 2589 238 2653 Et
266 2590 413 2676 Rogerus
440 2589 532 2654 uenit
561 2599 595 2654 et
621 2590 783 2678 cognoscit
813 2589 898 2676 quod
928 2599 1020 2655 tenet
1049 2589 1230 2676 predictum

144 2691 256 2758 feodum
270 2693 399 2758 dimidii
414 2693 529 2758 militis
543 2692 583 2758 de
595 2693 739 2779 predicto
759 2695 782 2759 J
782 2695 908 2759 ohanne
928 2703 962 2759 et
981 2695 1066 2780 quod
1086 2693 1184 2760 debet
1200 2694 1231 2759 ei
1244 2709 1363 2798 Nouflqu
1373 2711 1395 2751 tn

143 2798 298 2864 seruicium
319 2797 448 2864 dimidii
468 2797 582 2862 militis
601 2807 652 2863 set
671 2797 751 2863 dicit
772 2799 857 2884 quod
877 2822 939 2864 non
961 2799 1059 2864 debet
1075 2801 1105 2864 ei
1120 2801 1230 2864 homa·
1243 2767 1380 2900 {adqui

143 2901 219 2986 gium
234 2899 323 2988 quia³
338 2903 374 2966 in
390 2909 540 2988 proparte
555 2924 696 2966 sororum
712 2911 746 2966 et
761 2925 825 2966 non
840 2902 937 2968 debet
952 2903 1027 2967 inde
1043 2903 1229 2990 homagium
1243 2897 1384 2984 issffiffim

144 3005 230 3070 heere
245 3029 346 3092 usque
362 3005 404 3070 ad
416 3005 554 3070 tercium
566 3005 716 3070 heredem
729 3014 763 3070 et
774 3007 880 3071 adhuc
891 3030 955 3072 non
971 3015 1020 3071 est
1035 3017 1228 3093 peruentum
1242 2991 1384 3096 ititdthh‘

142 3108 176 3172 ad
196 3109 326 3174 tercium
352 3107 512 3173 heredem.
570 3109 613 3173 Et
640 3109 717 3195 quia
745 3109 947 3196 recognitum
977 3119 1026 3174 eat
1056 3110 1142 3196 quod
1167 3111 1228 3175 iste
1242 3085 1385 3216 iffitffi

142 3211 271 3300 Rogerus
284 3235 351 3278 non
366 3221 417 3277 eat
431 3212 495 3276 nisi
515 3213 673 3278 secundus
694 3213 786 3278 heres
807 3213 1053 3280 consideratum
1074 3223 1124 3279 est
1144 3213 1229 3300 quod
1242 3188 1366 3312 ipffifffi

141 3315 290 3383 Johannes
305 3325 474 3403 exspectet
488 3316 529 3381 de
545 3316 694 3405 homagio
708 3317 810 3403 ipsius
826 3319 945 3406 Rogeri
959 3317 1113 3404 capiendo
1128 3340 1229 3403 usque
1242 3303 1374 3405 mim·

141 3419 174 3483 ad
193 3421 324 3486 tercium
349 3421 503 3496 heredem
525 3421 590 3486 scil.
606 3421 757 3486 heredem
781 3422 882 3508 ipsius
903 3423 1021 3509 Rogeri
1040 3431 1099 3487 etc.
1146 3422 1230 3488 con-

141 3525 248 3590 cordati
269 3535 347 3591 sunt
369 3549 428 3612 per
449 3525 616 3591 licenciam
638 3527 686 3590 ita
709 3525 794 3612 quod
816 3525 903 3590 idem
930 3527 1074 3614 Rogems
1098 3526 1174 3591 fecit
1200 3526 1230 3592 ei

141 3625 315 3694 fidelitatem
332 3651 439 3694 coram
454 3627 639 3693 iusticiariis
654 3637 689 3693 et
703 3629 743 3693 de
764 3637 870 3693 cetero
890 3629 987 3694 faciet
1007 3629 1038 3694 ei
1057 3629 1229 3694 seruicium

140 3741 284 3814 quantum
316 3731 462 3818 pertinet
496 3731 538 3796 ad
569 3731 752 3817 predictum
788 3731 916 3796 feodum
954 3731 1080 3797 dimidii
1116 3732 1230 3798 militia

139 3843 188 3900 etc
206 3833 211 3919 Ι

54 3939 101 4004 442.
193 3936 303 4026 'Hugo
318 3936 359 4002 de
384 3937 496 4002 Monte
512 3937 642 4005 Canisio
663 3937 869 4004 athachiatua
890 3939 954 4004 fuit
974 3939 1016 4004 ad
1035 3939 1227 4025 responden-

165 4153 279 4220 112'4'22'21
290 4159 343 4222 xvj.
355 4173 408 4208 aer.
421 4163 494 4218 terre,
506 4159 536 4208 Δ.
734 4159 745 4191 ¹⁵
762 4158 824 4220 flup.
840 4165 906 4209 tenet
918 4159 1100 4217 terramillam,
1112 4159 1143 4207 Δ.

165 4219 313 4274 ’aeonae
328 4224 436 4274 392-3.
733 4223 823 4286 ‘Suu
835 4225 911 4274 debet.

165 4284 328 4348 'Thirnota
340 4287 426 4338 which
437 4288 651 4340 meansthatthe
734 4287 1105 4349 ⁷SeeBr.s.21‚21b:—ad
1122 4287 1229 4338 tertium

139 4362 188 4402 use
197 4353 282 4404 umus
296 4354 338 4405 for
353 4353 498 4418 inclament,
513 4354 537 4405 ia
554 4369 589 4405 on
605 4353 650 4405 the
700 4353 940 4417 heredemetuoque
948 4353 983 4404 ad
991 4357 1112 4417 quartum
1119 4355 1228 4418 gradum

139 4413 320 4484 innammgin.
701 4421 914 4483 itaquodtmiru
926 4422 1040 4471 terentia
1052 4421 1201 4471 includam.

167 4481 295 4536 ‘hmo
323 4485 549 4551 fitam-eutha
732 4483 905 4536 ⁸A.m.5d.

216 4601 247 4654 lt
1101 4588 1142 4652 23
