3276 5234
358 451 421 515 252
588 464 821 524 incurrisse,
845 465 909 514 Am.
936 452 1029 526 1220,
1051 465 1113 516 sm
1138 454 1231 516 4-5.

356 649 395 705 ut
414 640 465 704 ius
485 661 580 705 suum
599 645 657 704 etc.
674 646 709 702 et
730 645 769 703 ut
791 636 873 702 illud
895 635 981 702 unde
1004 637 1168 724 predictus
1190 638 1347 705 Ricardus
1370 645 1470 724 peter

356 769 434 812 suus
455 745 519 810 fuit
533 744 663 810 scisitus
677 751 716 808 ut
730 742 771 808 de
787 742 879 808 feodo
893 749 928 808 et
942 743 1012 809 iure
1028 751 1062 808 et
1081 743 1117 808 in
1136 742 1296 810 dominico
1316 752 1468 830 tempore

356 851 456 938 Regis
470 849 501 916 J.
517 847 569 914 ct¹
585 847 741 934 capiendo
755 847 831 914 inde
843 854 912 926 etc,
921 855 956 913 et
971 847 1053 912 obiit
1064 846 1140 912 inde
1151 847 1280 912 seisitus
1291 847 1326 912 in
1337 869 1469 934 guerra,

356 965 390 1021 et
415 956 484 1042 ipse
507 955 591 1020 sicut
612 953 848 1040 primogenitus
869 952 956 1017 filius
977 951 1018 1018 de
1041 975 1140 1017 uxore
1162 953 1355 1038 desponsata
1377 952 1470 1038 petit

355 1059 445 1124 illam
461 1065 580 1124 terrem
596 1081 708 1123 uersus
722 1081 798 1124 eum
817 1065 855 1122 ut
876 1079 988 1122 uersus
1003 1057 1134 1122 fratrem
1155 1079 1250 1122 suum
1273 1064 1467 1142 postratum

356 1163 396 1229 de
430 1163 543 1230 eedem
574 1186 672 1230 uxore
702 1171 736 1228 et
765 1161 825 1227 hoc
855 1161 949 1227 offert
981 1162 1115 1248 probare
1145 1170 1242 1246 prout
1270 1161 1359 1226 curia
1388 1183 1469 1224 con-

356 1268 553 1334 sidereuerit.

421 1373 465 1438 Et
489 1373 646 1439 Osbertus
667 1371 760 1436 uenit
786 1378 821 1436 et
844 1370 990 1436 defendit
1012 1371 1064 1436 ius
1085 1393 1181 1436 suum
1211 1395 1296 1437 nunc
1326 1381 1361 1437 et
1383 1372 1469 1438 elias

356 1477 484 1563 quando
499 1485 534 1542 et
549 1477 606 1542 ubi
620 1475 791 1542 defendere
807 1474 949 1554 debebit,
964 1483 999 1540 et
1013 1474 1093 1540 dicit
1108 1474 1195 1560 quod
1214 1476 1283 1562 ipse
1305 1475 1469 1542 Osbertus

356 1591 406 1648 est
430 1583 515 1648 filius
540 1582 775 1669 primogenitus
798 1589 833 1646 et
856 1581 949 1646 heres
975 1580 1076 1666 ipsius
1102 1581 1240 1666 predicti
1269 1581 1400 1646 Ricardi
1432 1590 1469 1646 et

356 1711 522 1775 nunquam
543 1688 790 1753 Bartholomeus
812 1687 875 1752 fuit
897 1687 984 1751 filius
1005 1686 1107 1772 ipsius
1129 1685 1268 1764 Ricardi,
1282 1709 1342 1752 nec
1364 1688 1471 1753 freter

356 1816 434 1858 suus
463 1799 521 1868 est,
547 1814 607 1856 nec
636 1814 792 1878 umquam
815 1789 997 1862 habebatur
1022 1813 1080 1875 pro
1105 1789 1172 1854 filio
1196 1789 1297 1875 petris
1320 1789 1382 1867 sui,
1405 1814 1468 1856 nec

357 1906 451 1985 peter
464 1920 542 1963 suus
559 1920 634 1962 eum
655 1897 796 1962 nutriuit
815 1903 854 1961 ut
868 1895 972 1960 filium
992 1918 1098 1973 suum,
1113 1918 1172 1961 nec
1191 1893 1365 1960 aduocauit
1388 1919 1467 1962 eum

357 2009 395 2066 ut
415 2001 518 2066 filium
541 2025 636 2066 suum
658 2024 718 2066 nec
740 2009 779 2066 ut
799 2000 902 2065 filium
924 2023 1019 2065 suum
1042 2023 1076 2064 se
1095 2000 1179 2076 fecit,
1194 2008 1229 2065 et
1251 1999 1377 2066 desicut
1399 2025 1468 2066 non

357 2114 407 2171 est
421 2107 521 2170 freter
534 2127 612 2170 suus
626 2113 661 2169 et
675 2111 769 2190 peter
782 2127 860 2169 suus
875 2127 951 2170 eum
966 2127 1031 2169 non
1051 2104 1225 2170 aduocauit
1244 2103 1286 2170 ed
1300 2104 1414 2184 filium,
1430 2115 1467 2171 et

356 2209 443 2275 idem
459 2209 617 2275 Osbertus
632 2216 746 2274 tenens
761 2217 811 2274 est
825 2208 918 2295 ponit
933 2230 967 2273 se
989 2208 1024 2272 in
1044 2230 1196 2295 magnam
1216 2208 1348 2273 assisam
1368 2209 1466 2276 Dom.

357 2315 456 2401 Regis
480 2321 515 2379 et
543 2313 629 2399 petit
657 2313 911 2400 recognicionem
941 2313 1011 2378 fieri
1034 2314 1108 2400 quis
1137 2335 1248 2378 eorum
1277 2312 1383 2378 maius
1412 2314 1468 2380 ius

357 2419 477 2484 hebeat
491 2418 526 2482 in
540 2425 627 2482 terre
641 2417 739 2482 illesi
753 2417 843 2482 curie
859 2417 1110 2482 considerauerit
1124 2418 1211 2504 quod
1231 2417 1331 2484 assisa
1350 2417 1465 2484 iaceat.

357 2523 448 2588 Dicit
469 2521 571 2587 eciem
593 2521 680 2608 quod
701 2529 794 2608 peter
815 2544 894 2586 suus
916 2521 1025 2586 tenuit
1047 2521 1088 2586 de
1109 2519 1247 2586 Ricardo
1270 2519 1399 2586 Gemite
1422 2521 1466 2588 de

359 2623 453 2691 Olere
478 2623 567 2689 illem
594 2632 714 2690 terrem
743 2633 778 2689 et
807 2625 876 2710 ipse
905 2631 980 2711 post
1009 2633 1146 2690 mortem
1175 2624 1276 2710 petris
1305 2625 1357 2690 sui
1386 2626 1467 2692 fecit

358 2728 546 2815 homagium
572 2727 635 2814 ipsi
657 2725 779 2793 Ocmiti
802 2736 837 2792 et
860 2737 974 2814 postca
996 2729 1072 2794 huic
1097 2729 1219 2796 Comiti
1244 2737 1283 2794 ut
1313 2729 1400 2794 filius
1430 2739 1467 2796 et

359 2835 451 2899 heres
471 2831 572 2920 ipsius
591 2831 729 2898 Ricerdi
773 2830 864 2897 Dicit
887 2833 989 2898 eciem
1005 2834 1091 2920 quod
1113 2834 1277 2921 predictus
1295 2835 1466 2900 Bartholo-

359 2960 451 3004 meus
474 2945 571 3002 nctus
592 2936 657 3002 fuit
677 2935 713 3000 in
734 2936 891 3002 comitatu
915 2935 1067 3002 Suffolcie
1090 2946 1124 3002 et
1146 2939 1291 3004 nutritus
1312 2939 1347 3004 in
1369 2939 1467 3004 domo

359 3042 495 3108 Roberti
508 3042 549 3107 dc
565 3040 660 3120 Orek,
675 3049 710 3106 et
725 3040 802 3106 ubi*
820 3041 994 3107 tenebatur
1013 3063 1071 3128 pro
1085 3041 1183 3106 fietre
1203 3041 1305 3128 ipsius
1320 3043 1464 3122 Roberti,

359 3154 394 3211 et
408 3145 484 3211 inde
502 3145 595 3232 ponit
613 3167 647 3211 se
667 3167 764 3232 super
784 3145 924 3232 petriam
946 3145 1045 3222 illem,
1059 3153 1094 3210 et
1115 3144 1242 3210 desicut
1263 3169 1328 3211 non
1350 3155 1401 3212 cst
1422 3147 1463 3214 de

359 3251 472 3337 stipite
493 3273 552 3316 suo
573 3273 632 3316 nec
654 3251 753 3316 freter
778 3273 864 3328 suus,
886 3251 980 3316 offert
1005 3251 1098 3318 Dom
1127 3250 1212 3338 Regi
1240 3274 1291 3316 xx.
1321 3252 1376 3318 sol.
1406 3275 1465 3338 pro

360 3353 510 3420 habende
529 3377 648 3442 magna
669 3354 777 3435 assisa,
799 3354 853 3420 uel
875 3376 933 3440 pro
954 3353 1105 3420 habende
1124 3353 1233 3420 iumte
1253 3355 1358 3441 patrie
1379 3355 1465 3421 sicut

347 3460 450 3526 'curie
463 3461 721 3530 considerauerit.

425 3565 469 3630 Et
491 3564 737 3630 Bartholcmeus
758 3564 838 3631 dicit
855 3564 942 3652 quod
963 3565 1032 3652 ipsc
1055 3574 1106 3631 est
1126 3565 1362 3654 primogenitus
1376 3565 1465 3632 filius

360 3667 497 3754 predicti
526 3667 656 3733 Ricardi
678 3677 713 3734 et
735 3669 834 3735 freter
862 3679 913 3735 est
941 3669 1044 3756 ipsius
1073 3671 1209 3736 Roberti
1229 3670 1465 3757 primogenitus

359 3771 400 3837 de
426 3771 540 3837 eedem
562 3795 661 3837 uxore
683 3782 717 3838 et
742 3783 839 3840 natus
863 3775 927 3840 fuit
952 3775 987 3840 in
1012 3773 1108 3839 domo
1133 3773 1264 3840 Ricardi
1285 3775 1388 3862 petris
1413 3776 1465 3842 sui

359 3885 440 3963 aput
455 3877 689 3942 Hunesdonem
703 3877 738 3942 in
753 3877 910 3944 comitatu
930 3878 1082 3945 Suffolcie
1102 3887 1273 3965 postquam
1294 3879 1366 3965 ipse
1384 3903 1466 3945 uxor

359 3980 551 4066 desponsata
573 3979 637 4045 fuit
658 3979 765 4046 eidem
786 3981 933 4059 Ricard0,
953 3991 988 4048 et
1009 3982 1154 4047 nutritus
1176 3982 1211 4046 in
1234 3981 1347 4048 eadem
1369 3983 1465 4049 domo

358 4108 417 4174 per
452 4085 624 4151 dimidium
653 4109 785 4164 annum,
815 4095 866 4153 set
902 4096 1016 4174 postea
1044 4088 1138 4152 uenit
1167 4087 1244 4154 euic
1272 4109 1331 4153 suc
1360 4097 1466 4154 meter

359 4190 490 4256 Ricardi
512 4189 690 4276 patrissui
716 4199 751 4256 et
779 4190 865 4256 dixit
893 4191 1031 4258 Ricardo
1060 4192 1146 4280 petri
1175 4213 1233 4256 suo
1261 4191 1348 4278 quod
1377 4193 1465 4258 idern

360 4295 606 4362 Bartholomeus
631 4318 695 4360 non
719 4295 782 4361 fuit
807 4297 894 4362 filius
923 4319 1002 4362 suus
1031 4305 1066 4362 et
1094 4296 1129 4361 in
1158 4303 1289 4362 tentum
1314 4306 1466 4383 procuret

587 4517 596 4550 ¹
615 4516 686 4568 ome
697 4524 729 4578 ιι,
741 4518 772 4578 Δ,
783 4518 815 4572 Β,
1070 4519 1144 4584 *rm
1157 4519 1228 4578 se,
