<?xml version="1.0" encoding="UTF-8"?>
<!DOCTYPE html PUBLIC "-//W3C//DTD XHTML 1.0 Transitional//EN"
    "http://www.w3.org/TR/xhtml1/DTD/xhtml1-transitional.dtd">
<html xmlns="http://www.w3.org/1999/xhtml" xml:lang="en" lang="en">
 <head>
  <title>
</title>
<meta http-equiv="Content-Type" content="text/html;charset=utf-8" />
  <meta name='ocr-system' content='tesseract 3.04.00' />
  <meta name='ocr-capabilities' content='ocr_page ocr_carea ocr_par ocr_line ocrx_word'/>
</head>
<body>
  <div class='ocr_page' id='page_1' title='image "./bractonsnoteboo04bracgoog_0640.png"; bbox 0 0 3308 5226; ppageno 0'>
   <div class='ocr_carea' id='block_1_1' title="bbox 231 838 289 889">
    <p class='ocr_par' dir='ltr' id='par_1_1' title="bbox 231 838 289 889">
     <span class='ocr_line' id='line_1_1' title="bbox 231 838 289 889; baseline -0.017 0"><span class='ocrx_word' id='word_1_1' title='bbox 231 838 289 889; x_wconf 74' lang='lat' dir='ltr'><strong>[ml</strong></span> 
     </span>
    </p>
   </div>
   <div class='ocr_carea' id='block_1_2' title="bbox 348 421 1248 500">
    <p class='ocr_par' dir='ltr' id='par_1_2' title="bbox 348 421 1248 500">
     <span class='ocr_line' id='line_1_2' title="bbox 348 421 1248 500; baseline 0 -12"><span class='ocrx_word' id='word_1_2' title='bbox 348 425 411 490; x_wconf 82' lang='lat'><strong>632</strong></span> <span class='ocrx_word' id='word_1_3' title='bbox 557 436 792 500; x_wconf 76' lang='lat' dir='ltr'><strong>urcnrmms,</strong></span> <span class='ocrx_word' id='word_1_4' title='bbox 816 437 880 486; x_wconf 71' lang='lat' dir='ltr'><strong>nn.</strong></span> <span class='ocrx_word' id='word_1_5' title='bbox 905 423 998 497; x_wconf 82' lang='lat'>1233,</span> <span class='ocrx_word' id='word_1_6' title='bbox 1020 437 1085 486; x_wconf 69' lang='lat' dir='ltr'><strong>aa</strong></span> <span class='ocrx_word' id='word_1_7' title='bbox 1111 421 1248 490; x_wconf 83' lang='grc'><strong>17-18.</strong></span> 
     </span>
    </p>
   </div>
   <div class='ocr_carea' id='block_1_3' title="bbox 347 609 1463 1110">
    <p class='ocr_par' dir='ltr' id='par_1_3' title="bbox 347 609 1462 799">
     <span class='ocr_line' id='line_1_3' title="bbox 347 609 1462 696; baseline -0.003 -20"><span class='ocrx_word' id='word_1_8' title='bbox 347 611 534 678; x_wconf 75' lang='lat' dir='ltr'><strong>seruicia&#39;et</strong></span> <span class='ocrx_word' id='word_1_9' title='bbox 548 609 800 676; x_wconf 89' lang='lat' dir='ltr'><strong>consuetudines</strong></span> <span class='ocrx_word' id='word_1_10' title='bbox 815 632 879 696; x_wconf 90' lang='lat' dir='ltr'><strong>que</strong></span> <span class='ocrx_word' id='word_1_11' title='bbox 898 609 930 674; x_wconf 90' lang='lat' dir='ltr'><strong>ei</strong></span> <span class='ocrx_word' id='word_1_12' title='bbox 950 610 1054 676; x_wconf 83' lang='lat' dir='ltr'><strong>lacere</strong></span> <span class='ocrx_word' id='word_1_13' title='bbox 1077 609 1157 674; x_wconf 91' lang='lat' dir='ltr'><strong>non¹</strong></span> <span class='ocrx_word' id='word_1_14' title='bbox 1177 609 1277 676; x_wconf 87' lang='lat' dir='ltr'><strong>debet</strong></span> <span class='ocrx_word' id='word_1_15' title='bbox 1297 632 1358 675; x_wconf 89' lang='lat' dir='ltr'><strong>nec</strong></span> <span class='ocrx_word' id='word_1_16' title='bbox 1378 609 1462 674; x_wconf 87' lang='lat' dir='ltr'><strong>solet</strong></span> 
     </span>
     <span class='ocr_line' id='line_1_4' title="bbox 349 711 885 799; baseline -0.004 -20"><span class='ocrx_word' id='word_1_17' title='bbox 349 723 408 781; x_wconf 88' lang='lat' dir='ltr'><strong>etc.</strong></span> <span class='ocrx_word' id='word_1_18' title='bbox 454 715 498 779; x_wconf 86' lang='lat' dir='ltr'><strong>Et</strong></span> <span class='ocrx_word' id='word_1_19' title='bbox 513 714 677 779; x_wconf 85' lang='lat' dir='ltr'><strong>Robertus</strong></span> <span class='ocrx_word' id='word_1_20' title='bbox 691 713 785 778; x_wconf 89' lang='lat' dir='ltr'><strong>uenit</strong></span> <span class='ocrx_word' id='word_1_21' title='bbox 800 711 885 799; x_wconf 71' lang='lat' dir='ltr'><strong>etc}</strong></span> 
     </span>
    </p>

    <p class='ocr_par' dir='ltr' id='par_1_4' title="bbox 349 815 1463 1110">
     <span class='ocr_line' id='line_1_5' title="bbox 416 815 1462 903; baseline -0.002 -21"><span class='ocrx_word' id='word_1_22' title='bbox 416 817 459 882; x_wconf 87' lang='lat' dir='ltr'><strong>Et</strong></span> <span class='ocrx_word' id='word_1_23' title='bbox 488 817 600 882; x_wconf 84' lang='lat' dir='ltr'><strong>Abbas</strong></span> <span class='ocrx_word' id='word_1_24' title='bbox 630 818 723 882; x_wconf 90' lang='lat' dir='ltr'><strong>uenit</strong></span> <span class='ocrx_word' id='word_1_25' title='bbox 752 839 810 903; x_wconf 93' lang='lat' dir='ltr'><strong>per</strong></span> <span class='ocrx_word' id='word_1_26' title='bbox 839 825 1041 881; x_wconf 86' lang='lat' dir='ltr'><strong>attomatum</strong></span> <span class='ocrx_word' id='word_1_27' title='bbox 1072 839 1169 882; x_wconf 86' lang='lat' dir='ltr'><strong>suum</strong></span> <span class='ocrx_word' id='word_1_28' title='bbox 1198 825 1233 882; x_wconf 88' lang='lat' dir='ltr'><strong>et</strong></span> <span class='ocrx_word' id='word_1_29' title='bbox 1262 815 1343 881; x_wconf 89' lang='lat' dir='ltr'><strong>dicit</strong></span> <span class='ocrx_word' id='word_1_30' title='bbox 1373 815 1462 901; x_wconf 92' lang='lat' dir='ltr'><strong>quod</strong></span> 
     </span>
     <span class='ocr_line' id='line_1_6' title="bbox 349 919 1463 984; baseline -0.002 0"><span class='ocrx_word' id='word_1_31' title='bbox 349 921 477 984; x_wconf 91' lang='lat' dir='ltr'><strong>nullum</strong></span> <span class='ocrx_word' id='word_1_32' title='bbox 493 926 721 984; x_wconf 75' lang='lat' dir='ltr'><strong>tenementum</strong></span> <span class='ocrx_word' id='word_1_33' title='bbox 737 927 830 984; x_wconf 90' lang='lat' dir='ltr'><strong>tenet</strong></span> <span class='ocrx_word' id='word_1_34' title='bbox 845 919 886 984; x_wconf 90' lang='lat' dir='ltr'><strong>de</strong></span> <span class='ocrx_word' id='word_1_35' title='bbox 901 919 1015 983; x_wconf 89' lang='lat' dir='ltr'><strong>eodem</strong></span> <span class='ocrx_word' id='word_1_36' title='bbox 1027 919 1178 984; x_wconf 87' lang='lat' dir='ltr'><strong>Roberto.</strong></span> <span class='ocrx_word' id='word_1_37' title='bbox 1216 919 1260 983; x_wconf 88' lang='lat' dir='ltr'><strong>Et</strong></span> <span class='ocrx_word' id='word_1_38' title='bbox 1274 919 1463 983; x_wconf 74' lang='lat' dir='ltr'>continetur</span> 
     </span>
     <span class='ocr_line' id='line_1_7' title="bbox 350 1023 1462 1110; baseline -0.002 -22"><span class='ocrx_word' id='word_1_39' title='bbox 350 1025 384 1088; x_wconf 93' lang='lat' dir='ltr'><strong>in</strong></span> <span class='ocrx_word' id='word_1_40' title='bbox 410 1023 510 1110; x_wconf 67' lang='lat' dir='ltr'><strong>pone*</strong></span> <span class='ocrx_word' id='word_1_41' title='bbox 533 1024 619 1110; x_wconf 92' lang='lat' dir='ltr'><strong>quod</strong></span> <span class='ocrx_word' id='word_1_42' title='bbox 643 1023 730 1088; x_wconf 90' lang='lat' dir='ltr'><strong>idem</strong></span> <span class='ocrx_word' id='word_1_43' title='bbox 757 1023 869 1088; x_wconf 84' lang='lat' dir='ltr'><strong>Abbas</strong></span> <span class='ocrx_word' id='word_1_44' title='bbox 898 1023 1092 1108; x_wconf 86' lang='lat' dir='ltr'><strong>perquisiuit</strong></span> <span class='ocrx_word' id='word_1_45' title='bbox 1121 1023 1208 1108; x_wconf 91' lang='lat' dir='ltr'><strong>quod</strong></span> <span class='ocrx_word' id='word_1_46' title='bbox 1231 1023 1318 1088; x_wconf 92' lang='lat' dir='ltr'><strong>idem</strong></span> <span class='ocrx_word' id='word_1_47' title='bbox 1349 1023 1462 1088; x_wconf 85' lang='lat' dir='ltr'><strong>Abbas</strong></span> 
     </span>
    </p>
   </div>
   <div class='ocr_carea' id='block_1_4' title="bbox 252 1127 1461 1210">
    <p class='ocr_par' dir='ltr' id='par_1_5' title="bbox 252 1127 1461 1210">
     <span class='ocr_line' id='line_1_8' title="bbox 252 1127 1461 1210; baseline -0.002 -16"><span class='ocrx_word' id='word_1_48' title='bbox 252 1129 254 1133; x_wconf 71' lang='grc'><strong>’</strong></span> <span class='ocrx_word' id='word_1_49' title='bbox 350 1137 443 1194; x_wconf 89' lang='lat' dir='ltr'><strong>tenet</strong></span> <span class='ocrx_word' id='word_1_50' title='bbox 465 1127 506 1193; x_wconf 94' lang='lat' dir='ltr'><strong>de</strong></span> <span class='ocrx_word' id='word_1_51' title='bbox 529 1127 642 1193; x_wconf 92' lang='lat' dir='ltr'><strong>eodem</strong></span> <span class='ocrx_word' id='word_1_52' title='bbox 669 1129 813 1194; x_wconf 87' lang='lat' dir='ltr'><strong>Roberto</strong></span> <span class='ocrx_word' id='word_1_53' title='bbox 836 1129 975 1194; x_wconf 90' lang='lat' dir='ltr'><strong>liberum</strong></span> <span class='ocrx_word' id='word_1_54' title='bbox 998 1137 1224 1210; x_wconf 71' lang='lat' dir='ltr'><strong>tenementum</strong></span> <span class='ocrx_word' id='word_1_55' title='bbox 1246 1129 1281 1193; x_wconf 91' lang='lat' dir='ltr'><strong>in</strong></span> <span class='ocrx_word' id='word_1_56' title='bbox 1304 1127 1461 1194; x_wconf 86' lang='lat' dir='ltr'><strong>Stanhal&#39;.</strong></span> 
     </span>
    </p>
   </div>
   <div class='ocr_carea' id='block_1_5' title="bbox 351 1233 1467 2983">
    <p class='ocr_par' dir='ltr' id='par_1_6' title="bbox 351 1233 1467 2983">
     <span class='ocr_line' id='line_1_9' title="bbox 351 1233 1462 1319; baseline -0.002 -21"><span class='ocrx_word' id='word_1_57' title='bbox 351 1233 410 1299; x_wconf 78' lang='lat' dir='ltr'><strong>Et⁸</strong></span> <span class='ocrx_word' id='word_1_58' title='bbox 447 1233 611 1298; x_wconf 82' lang='lat' dir='ltr'><strong>Robertus</strong></span> <span class='ocrx_word' id='word_1_59' title='bbox 651 1233 737 1318; x_wconf 90' lang='lat' dir='ltr'><strong>petit</strong></span> <span class='ocrx_word' id='word_1_60' title='bbox 778 1233 935 1298; x_wconf 91' lang='lat' dir='ltr'><strong>iudicium</strong></span> <span class='ocrx_word' id='word_1_61' title='bbox 973 1233 1014 1298; x_wconf 93' lang='lat' dir='ltr'><strong>de</strong></span> <span class='ocrx_word' id='word_1_62' title='bbox 1051 1233 1112 1298; x_wconf 92' lang='lat' dir='ltr'><strong>hoc</strong></span> <span class='ocrx_word' id='word_1_63' title='bbox 1152 1233 1238 1319; x_wconf 92' lang='lat' dir='ltr'><strong>quod</strong></span> <span class='ocrx_word' id='word_1_64' title='bbox 1275 1240 1462 1297; x_wconf 88' lang='lat' dir='ltr'><strong>attornatus</strong></span> 
     </span>
     <span class='ocr_line' id='line_1_10' title="bbox 351 1335 1462 1422; baseline -0.002 -20"><span class='ocrx_word' id='word_1_65' title='bbox 351 1336 490 1402; x_wconf 86' lang='lat' dir='ltr'><strong>Abbatis</strong></span> <span class='ocrx_word' id='word_1_66' title='bbox 512 1335 677 1422; x_wconf 82' lang='lat' dir='ltr'><strong>cognoscit</strong></span> <span class='ocrx_word' id='word_1_67' title='bbox 700 1335 786 1422; x_wconf 90' lang='lat' dir='ltr'><strong>quod</strong></span> <span class='ocrx_word' id='word_1_68' title='bbox 815 1335 903 1400; x_wconf 92' lang='lat' dir='ltr'><strong>idem</strong></span> <span class='ocrx_word' id='word_1_69' title='bbox 933 1336 1046 1402; x_wconf 82' lang='lat' dir='ltr'><strong>Abbas</strong></span> <span class='ocrx_word' id='word_1_70' title='bbox 1075 1337 1203 1401; x_wconf 92' lang='lat' dir='ltr'><strong>nullum</strong></span> <span class='ocrx_word' id='word_1_71' title='bbox 1233 1344 1462 1401; x_wconf 84' lang='lat' dir='ltr'><strong>tenementum</strong></span> 
     </span>
     <span class='ocr_line' id='line_1_11' title="bbox 351 1439 1462 1527; baseline 0.002 -23"><span class='ocrx_word' id='word_1_72' title='bbox 351 1448 443 1504; x_wconf 89' lang='lat' dir='ltr'><strong>tenet</strong></span> <span class='ocrx_word' id='word_1_73' title='bbox 458 1439 499 1504; x_wconf 92' lang='lat' dir='ltr'><strong>de</strong></span> <span class='ocrx_word' id='word_1_74' title='bbox 515 1461 553 1504; x_wconf 92' lang='lat' dir='ltr'><strong>eo</strong></span> <span class='ocrx_word' id='word_1_75' title='bbox 568 1447 603 1503; x_wconf 88' lang='lat' dir='ltr'><strong>et</strong></span> <span class='ocrx_word' id='word_1_76' title='bbox 618 1439 806 1503; x_wconf 83' lang='lat' dir='ltr'><strong>continetur</strong></span> <span class='ocrx_word' id='word_1_77' title='bbox 822 1439 857 1504; x_wconf 92' lang='lat' dir='ltr'><strong>in</strong></span> <span class='ocrx_word' id='word_1_78' title='bbox 877 1440 971 1505; x_wconf 89' lang='lat' dir='ltr'><strong>breui</strong></span> <span class='ocrx_word' id='word_1_79' title='bbox 991 1440 1077 1527; x_wconf 93' lang='lat' dir='ltr'><strong>quod</strong></span> <span class='ocrx_word' id='word_1_80' title='bbox 1098 1449 1190 1506; x_wconf 89' lang='lat' dir='ltr'><strong>tenet</strong></span> <span class='ocrx_word' id='word_1_81' title='bbox 1215 1452 1275 1507; x_wconf 87' lang='lat' dir='ltr'><strong>eto.</strong></span> <span class='ocrx_word' id='word_1_82' title='bbox 1296 1465 1370 1506; x_wconf 92' lang='lat' dir='ltr'><strong>cum</strong></span> <span class='ocrx_word' id='word_1_83' title='bbox 1391 1443 1462 1527; x_wconf 91' lang='lat' dir='ltr'><strong>ipse</strong></span> 
     </span>
     <span class='ocr_line' id='line_1_12' title="bbox 351 1543 1462 1631; baseline 0.001 -22"><span class='ocrx_word' id='word_1_84' title='bbox 351 1546 395 1609; x_wconf 89' lang='lat' dir='ltr'><strong>sit</strong></span> <span class='ocrx_word' id='word_1_85' title='bbox 417 1544 480 1608; x_wconf 89' lang='lat' dir='ltr'><strong>sibi</strong></span> <span class='ocrx_word' id='word_1_86' title='bbox 502 1543 689 1608; x_wconf 85' lang='lat' dir='ltr'><strong>contrarius</strong></span> <span class='ocrx_word' id='word_1_87' title='bbox 735 1544 812 1608; x_wconf 87' lang='lat' dir='ltr'><strong>Post</strong></span> <span class='ocrx_word' id='word_1_88' title='bbox 842 1544 936 1609; x_wconf 89' lang='lat' dir='ltr'><strong>uenit</strong></span> <span class='ocrx_word' id='word_1_89' title='bbox 965 1545 1077 1610; x_wconf 86' lang='lat' dir='ltr'><strong>Abbas</strong></span> <span class='ocrx_word' id='word_1_90' title='bbox 1103 1553 1138 1609; x_wconf 88' lang='lat' dir='ltr'><strong>et</strong></span> <span class='ocrx_word' id='word_1_91' title='bbox 1164 1545 1264 1631; x_wconf 88' lang='lat' dir='ltr'><strong>petit⁴</strong></span> <span class='ocrx_word' id='word_1_92' title='bbox 1295 1545 1462 1610; x_wconf 79' lang='lat' dir='ltr'><strong>licenciam</strong></span> 
     </span>
     <span class='ocr_line' id='line_1_13' title="bbox 352 1647 1330 1728; baseline 0 -14"><span class='ocrx_word' id='word_1_93' title='bbox 352 1648 522 1716; x_wconf 85' lang='lat' dir='ltr'><strong>recedendi</strong></span> <span class='ocrx_word' id='word_1_94' title='bbox 537 1647 577 1712; x_wconf 93' lang='lat' dir='ltr'><strong>de</strong></span> <span class='ocrx_word' id='word_1_95' title='bbox 592 1648 685 1713; x_wconf 91' lang='lat' dir='ltr'><strong>breui</strong></span> <span class='ocrx_word' id='word_1_96' title='bbox 700 1669 768 1728; x_wconf 85' lang='lat' dir='ltr'><strong>suo,</strong></span> <span class='ocrx_word' id='word_1_97' title='bbox 784 1657 818 1712; x_wconf 89' lang='lat' dir='ltr'><strong>et</strong></span> <span class='ocrx_word' id='word_1_98' title='bbox 833 1648 941 1725; x_wconf 88' lang='lat' dir='ltr'><strong>habet,</strong></span> <span class='ocrx_word' id='word_1_99' title='bbox 957 1656 991 1712; x_wconf 90' lang='lat' dir='ltr'><strong>et</strong></span> <span class='ocrx_word' id='word_1_100' title='bbox 1006 1649 1079 1714; x_wconf 93' lang='lat' dir='ltr'><strong>ideo</strong></span> <span class='ocrx_word' id='word_1_101' title='bbox 1093 1648 1169 1714; x_wconf 88' lang='lat' dir='ltr'><strong>inde</strong></span> <span class='ocrx_word' id='word_1_102' title='bbox 1184 1649 1253 1714; x_wconf 91' lang='lat' dir='ltr'><strong>sine</strong></span> <span class='ocrx_word' id='word_1_103' title='bbox 1268 1649 1330 1714; x_wconf 89' lang='lat' dir='ltr'><strong>die.</strong></span> 
     </span>
     <span class='ocr_line' id='line_1_14' title="bbox 418 1751 1464 1839; baseline 0.002 -23"><span class='ocrx_word' id='word_1_104' title='bbox 418 1753 628 1837; x_wconf 81' lang='lat' dir='ltr'><strong>⁵Preceptum</strong></span> <span class='ocrx_word' id='word_1_105' title='bbox 659 1751 722 1815; x_wconf 89' lang='lat' dir='ltr'><strong>fuit</strong></span> <span class='ocrx_word' id='word_1_106' title='bbox 744 1751 983 1816; x_wconf 77' lang='lat' dir='ltr'><strong>constabulario</strong></span> <span class='ocrx_word' id='word_1_107' title='bbox 1005 1751 1045 1816; x_wconf 91' lang='lat' dir='ltr'><strong>de</strong></span> <span class='ocrx_word' id='word_1_108' title='bbox 1068 1751 1283 1838; x_wconf 86' lang='lat' dir='ltr'><strong>Wyndesores</strong></span> <span class='ocrx_word' id='word_1_109' title='bbox 1306 1753 1392 1839; x_wconf 93' lang='lat' dir='ltr'><strong>quod</strong></span> <span class='ocrx_word' id='word_1_110' title='bbox 1414 1776 1464 1817; x_wconf 90' lang='lat' dir='ltr'><strong>re·</strong></span> 
     </span>
     <span class='ocr_line' id='line_1_15' title="bbox 353 1855 1463 1942; baseline 0 -20"><span class='ocrx_word' id='word_1_111' title='bbox 353 1857 477 1922; x_wconf 83' lang='lat' dir='ltr'><strong>cordari</strong></span> <span class='ocrx_word' id='word_1_112' title='bbox 492 1857 611 1921; x_wconf 82' lang='lat' dir='ltr'><strong>faceret</strong></span> <span class='ocrx_word' id='word_1_113' title='bbox 627 1855 661 1920; x_wconf 91' lang='lat' dir='ltr'><strong>in</strong></span> <span class='ocrx_word' id='word_1_114' title='bbox 677 1855 766 1920; x_wconf 87' lang='lat' dir='ltr'><strong>curia</strong></span> <span class='ocrx_word' id='word_1_115' title='bbox 781 1855 873 1920; x_wconf 92' lang='lat' dir='ltr'><strong>Dom.</strong></span> <span class='ocrx_word' id='word_1_116' title='bbox 890 1855 991 1942; x_wconf 84' lang='lat' dir='ltr'><strong>Regis</strong></span> <span class='ocrx_word' id='word_1_117' title='bbox 1002 1856 1043 1920; x_wconf 92' lang='lat' dir='ltr'><strong>de</strong></span> <span class='ocrx_word' id='word_1_118' title='bbox 1055 1855 1287 1941; x_wconf 78' lang='lat' dir='ltr'><strong>Wyndesores⁰</strong></span> <span class='ocrx_word' id='word_1_119' title='bbox 1302 1857 1463 1942; x_wconf 89' lang='lat' dir='ltr'><strong>loquelam</strong></span> 
     </span>
     <span class='ocr_line' id='line_1_16' title="bbox 354 1956 1465 2048; baseline -0.001 -22"><span class='ocrx_word' id='word_1_120' title='bbox 354 1983 417 2048; x_wconf 91' lang='lat' dir='ltr'><strong>que</strong></span> <span class='ocrx_word' id='word_1_121' title='bbox 433 1956 496 2025; x_wconf 81' lang='lat' dir='ltr'><strong>fuit</strong></span> <span class='ocrx_word' id='word_1_122' title='bbox 517 1960 552 2025; x_wconf 92' lang='lat' dir='ltr'><strong>in</strong></span> <span class='ocrx_word' id='word_1_123' title='bbox 572 1958 686 2024; x_wconf 87' lang='lat' dir='ltr'><strong>eadem</strong></span> <span class='ocrx_word' id='word_1_124' title='bbox 705 1959 795 2023; x_wconf 88' lang='lat' dir='ltr'><strong>curia</strong></span> <span class='ocrx_word' id='word_1_125' title='bbox 814 1959 901 2023; x_wconf 89' lang='lat' dir='ltr'><strong>inter</strong></span> <span class='ocrx_word' id='word_1_126' title='bbox 924 1958 1056 2023; x_wconf 85' lang='lat' dir='ltr'><strong>Editam</strong></span> <span class='ocrx_word' id='word_1_127' title='bbox 1079 1959 1120 2024; x_wconf 94' lang='lat' dir='ltr'><strong>de</strong></span> <span class='ocrx_word' id='word_1_128' title='bbox 1137 1960 1363 2026; x_wconf 82' lang='lat' dir='ltr'><strong>Wachel&#39;ordia</strong></span> <span class='ocrx_word' id='word_1_129' title='bbox 1383 1984 1465 2048; x_wconf 90' lang='lat' dir='ltr'><strong>que-</strong></span> 
     </span>
     <span class='ocr_line' id='line_1_17' title="bbox 354 2065 1466 2152; baseline -0.001 -21"><span class='ocrx_word' id='word_1_130' title='bbox 354 2075 481 2132; x_wconf 87' lang='lat' dir='ltr'><strong>rentem</strong></span> <span class='ocrx_word' id='word_1_131' title='bbox 511 2074 546 2130; x_wconf 91' lang='lat' dir='ltr'><strong>et</strong></span> <span class='ocrx_word' id='word_1_132' title='bbox 575 2065 777 2130; x_wconf 90' lang='lat' dir='ltr'><strong>Willelmum</strong></span> <span class='ocrx_word' id='word_1_133' title='bbox 808 2065 991 2129; x_wconf 76' lang='lat' dir='ltr'><strong>Netebeht⁷</strong></span> <span class='ocrx_word' id='word_1_134' title='bbox 1021 2065 1061 2130; x_wconf 92' lang='lat' dir='ltr'><strong>de</strong></span> <span class='ocrx_word' id='word_1_135' title='bbox 1093 2065 1197 2130; x_wconf 86' lang='lat' dir='ltr'><strong>tribus</strong></span> <span class='ocrx_word' id='word_1_136' title='bbox 1229 2067 1333 2152; x_wconf 88' lang='lat' dir='ltr'><strong>porcis</strong></span> <span class='ocrx_word' id='word_1_137' title='bbox 1362 2067 1466 2152; x_wconf 90' lang='lat' dir='ltr'><strong>ipsius</strong></span> 
     </span>
     <span class='ocr_line' id='line_1_18' title="bbox 356 2166 1464 2254; baseline 0 -20"><span class='ocrx_word' id='word_1_138' title='bbox 356 2169 476 2234; x_wconf 88' lang='lat' dir='ltr'><strong>Edithe</strong></span> <span class='ocrx_word' id='word_1_139' title='bbox 491 2169 554 2234; x_wconf 89' lang='lat' dir='ltr'><strong>sibi</strong></span> <span class='ocrx_word' id='word_1_140' title='bbox 569 2166 750 2244; x_wconf 80' lang='lat' dir='ltr'><strong>addiratis⁸‚</strong></span> <span class='ocrx_word' id='word_1_141' title='bbox 772 2176 807 2231; x_wconf 90' lang='lat' dir='ltr'><strong>et</strong></span> <span class='ocrx_word' id='word_1_142' title='bbox 830 2168 982 2232; x_wconf 89' lang='lat' dir='ltr'><strong>similiter</strong></span> <span class='ocrx_word' id='word_1_143' title='bbox 1004 2170 1092 2254; x_wconf 91' lang='lat' dir='ltr'><strong>quod</strong></span> <span class='ocrx_word' id='word_1_144' title='bbox 1113 2169 1271 2236; x_wconf 85' lang='lat' dir='ltr'><strong>recordari</strong></span> <span class='ocrx_word' id='word_1_145' title='bbox 1291 2171 1411 2238; x_wconf 80' lang='lat' dir='ltr'><strong>faceret</strong></span> <span class='ocrx_word' id='word_1_146' title='bbox 1430 2171 1464 2234; x_wconf 91' lang='lat' dir='ltr'><strong>in</strong></span> 
     </span>
     <span class='ocr_line' id='line_1_19' title="bbox 354 2271 1463 2358; baseline 0 -21"><span class='ocrx_word' id='word_1_147' title='bbox 354 2273 468 2337; x_wconf 87' lang='lat' dir='ltr'><strong>eadem</strong></span> <span class='ocrx_word' id='word_1_148' title='bbox 483 2272 572 2338; x_wconf 91' lang='lat' dir='ltr'><strong>curia</strong></span> <span class='ocrx_word' id='word_1_149' title='bbox 587 2272 716 2357; x_wconf 88' lang='lat' dir='ltr'><strong>loquela</strong></span> <span class='ocrx_word' id='word_1_150' title='bbox 736 2295 798 2356; x_wconf 91' lang='lat' dir='ltr'><strong>que</strong></span> <span class='ocrx_word' id='word_1_151' title='bbox 820 2271 884 2336; x_wconf 85' lang='lat' dir='ltr'><strong>suit</strong></span> <span class='ocrx_word' id='word_1_152' title='bbox 903 2271 938 2336; x_wconf 88' lang='lat' dir='ltr'><strong>in</strong></span> <span class='ocrx_word' id='word_1_153' title='bbox 954 2271 1066 2358; x_wconf 84' lang='lat' dir='ltr'><strong>eadem</strong></span> <span class='ocrx_word' id='word_1_154' title='bbox 1082 2273 1172 2337; x_wconf 84' lang='lat' dir='ltr'><strong>curia</strong></span> <span class='ocrx_word' id='word_1_155' title='bbox 1186 2273 1273 2337; x_wconf 90' lang='lat' dir='ltr'><strong>inter</strong></span> <span class='ocrx_word' id='word_1_156' title='bbox 1287 2273 1463 2338; x_wconf 79' lang='lat' dir='ltr'><strong>Ricardum</strong></span> 
     </span>
     <span class='ocr_line' id='line_1_20' title="bbox 353 2374 1464 2462; baseline 0.002 -22"><span class='ocrx_word' id='word_1_157' title='bbox 353 2376 393 2440; x_wconf 89' lang='lat' dir='ltr'><strong>de</strong></span> <span class='ocrx_word' id='word_1_158' title='bbox 419 2375 514 2440; x_wconf 89' lang='lat' dir='ltr'><strong>Hock</strong></span> <span class='ocrx_word' id='word_1_159' title='bbox 540 2375 645 2440; x_wconf 89' lang='lat' dir='ltr'><strong>filium</strong></span> <span class='ocrx_word' id='word_1_160' title='bbox 669 2374 815 2460; x_wconf 88' lang='lat' dir='ltr'><strong>predicte</strong></span> <span class='ocrx_word' id='word_1_161' title='bbox 843 2374 963 2440; x_wconf 88' lang='lat' dir='ltr'><strong>Edithe</strong></span> <span class='ocrx_word' id='word_1_162' title='bbox 993 2383 1185 2460; x_wconf 90' lang='lat' dir='ltr'><strong>querentem</strong></span> <span class='ocrx_word' id='word_1_163' title='bbox 1215 2385 1250 2440; x_wconf 89' lang='lat' dir='ltr'><strong>et</strong></span> <span class='ocrx_word' id='word_1_164' title='bbox 1279 2377 1464 2462; x_wconf 89' lang='lat' dir='ltr'><strong>predictum</strong></span> 
     </span>
     <span class='ocr_line' id='line_1_21' title="bbox 353 2477 1465 2563; baseline 0.004 -21"><span class='ocrx_word' id='word_1_165' title='bbox 353 2479 555 2542; x_wconf 89' lang='lat' dir='ltr'><strong>Willelmum</strong></span> <span class='ocrx_word' id='word_1_166' title='bbox 570 2478 611 2543; x_wconf 88' lang='lat' dir='ltr'><strong>dc</strong></span> <span class='ocrx_word' id='word_1_167' title='bbox 626 2477 748 2542; x_wconf 91' lang='lat' dir='ltr'><strong>eisdem</strong></span> <span class='ocrx_word' id='word_1_168' title='bbox 764 2477 869 2563; x_wconf 90' lang='lat' dir='ltr'><strong>porcis</strong></span> <span class='ocrx_word' id='word_1_169' title='bbox 884 2478 1007 2556; x_wconf 72' lang='lat' dir='ltr'><strong>furatis</strong></span> <span class='ocrx_word' id='word_1_170' title='bbox 1023 2488 1057 2543; x_wconf 91' lang='lat' dir='ltr'><strong>et</strong></span> <span class='ocrx_word' id='word_1_171' title='bbox 1078 2478 1165 2544; x_wconf 90' lang='lat' dir='ltr'><strong>unde</strong></span> <span class='ocrx_word' id='word_1_172' title='bbox 1185 2478 1331 2545; x_wconf 90' lang='lat' dir='ltr'><strong>duellum</strong></span> <span class='ocrx_word' id='word_1_173' title='bbox 1352 2481 1465 2546; x_wconf 85' lang='lat' dir='ltr'><strong>uadia·</strong></span> 
     </span>
     <span class='ocr_line' id='line_1_22' title="bbox 352 2582 1467 2670; baseline 0.004 -23"><span class='ocrx_word' id='word_1_174' title='bbox 352 2592 424 2648; x_wconf 88' lang='lat' dir='ltr'><strong>tum</strong></span> <span class='ocrx_word' id='word_1_175' title='bbox 440 2582 505 2646; x_wconf 91' lang='lat' dir='ltr'><strong>fuit</strong></span> <span class='ocrx_word' id='word_1_176' title='bbox 519 2583 553 2646; x_wconf 92' lang='lat' dir='ltr'><strong>in</strong></span> <span class='ocrx_word' id='word_1_177' title='bbox 569 2582 682 2647; x_wconf 87' lang='lat' dir='ltr'><strong>eadem</strong></span> <span class='ocrx_word' id='word_1_178' title='bbox 701 2583 791 2648; x_wconf 89' lang='lat' dir='ltr'><strong>curia</strong></span> <span class='ocrx_word' id='word_1_179' title='bbox 810 2593 850 2648; x_wconf 90' lang='lat' dir='ltr'><strong>ut</strong></span> <span class='ocrx_word' id='word_1_180' title='bbox 867 2583 988 2648; x_wconf 89' lang='lat' dir='ltr'><strong>dicitur</strong></span> <span class='ocrx_word' id='word_1_181' title='bbox 1008 2592 1042 2647; x_wconf 91' lang='lat' dir='ltr'><strong>et</strong></span> <span class='ocrx_word' id='word_1_182' title='bbox 1064 2584 1151 2649; x_wconf 91' lang='lat' dir='ltr'><strong>unde</strong></span> <span class='ocrx_word' id='word_1_183' title='bbox 1175 2584 1320 2670; x_wconf 86' lang='lat' dir='ltr'><strong>predicta</strong></span> <span class='ocrx_word' id='word_1_184' title='bbox 1342 2585 1467 2651; x_wconf 86' lang='lat' dir='ltr'><strong>Editha</strong></span> 
     </span>
     <span class='ocr_line' id='line_1_23' title="bbox 353 2687 1466 2772; baseline 0.004 -22"><span class='ocrx_word' id='word_1_185' title='bbox 353 2695 468 2772; x_wconf 86' lang='lat' dir='ltr'><strong>questa</strong></span> <span class='ocrx_word' id='word_1_186' title='bbox 482 2687 546 2751; x_wconf 88' lang='lat' dir='ltr'><strong>fuit</strong></span> <span class='ocrx_word' id='word_1_187' title='bbox 561 2688 677 2752; x_wconf 90' lang='lat' dir='ltr'><strong>falsum</strong></span> <span class='ocrx_word' id='word_1_188' title='bbox 694 2688 816 2752; x_wconf 88' lang='lat' dir='ltr'><strong>factum</strong></span> <span class='ocrx_word' id='word_1_189' title='bbox 832 2688 894 2753; x_wconf 92' lang='lat' dir='ltr'><strong>sibi</strong></span> <span class='ocrx_word' id='word_1_190' title='bbox 909 2689 1006 2753; x_wconf 89' lang='lat' dir='ltr'><strong>fuisse</strong></span> <span class='ocrx_word' id='word_1_191' title='bbox 1022 2687 1179 2754; x_wconf 89' lang='lat' dir='ltr'><strong>iudicium</strong></span> <span class='ocrx_word' id='word_1_192' title='bbox 1195 2690 1229 2753; x_wconf 88' lang='lat' dir='ltr'><strong>in</strong></span> <span class='ocrx_word' id='word_1_193' title='bbox 1245 2689 1357 2754; x_wconf 90' lang='lat' dir='ltr'><strong>eadem</strong></span> <span class='ocrx_word' id='word_1_194' title='bbox 1367 2691 1466 2755; x_wconf 85' lang='lat' dir='ltr'><strong>curia</strong></span> 
     </span>
     <span class='ocr_line' id='line_1_24' title="bbox 352 2791 1466 2878; baseline 0.002 -22"><span class='ocrx_word' id='word_1_195' title='bbox 352 2791 393 2856; x_wconf 92' lang='lat' dir='ltr'><strong>de</strong></span> <span class='ocrx_word' id='word_1_196' title='bbox 402 2791 522 2856; x_wconf 86' lang='lat' dir='ltr'><strong>eisdem</strong></span> <span class='ocrx_word' id='word_1_197' title='bbox 536 2791 680 2878; x_wconf 76' lang='lat' dir='ltr'><strong>loquella,</strong></span> <span class='ocrx_word' id='word_1_198' title='bbox 692 2800 726 2856; x_wconf 88' lang='lat' dir='ltr'><strong>et</strong></span> <span class='ocrx_word' id='word_1_199' title='bbox 737 2792 824 2877; x_wconf 92' lang='lat' dir='ltr'><strong>quod</strong></span> <span class='ocrx_word' id='word_1_200' title='bbox 836 2791 1004 2858; x_wconf 90' lang='lat' dir='ltr'><strong>recordum</strong></span> <span class='ocrx_word' id='word_1_201' title='bbox 1014 2792 1150 2857; x_wconf 88' lang='lat' dir='ltr'><strong>haberet</strong></span> <span class='ocrx_word' id='word_1_202' title='bbox 1159 2815 1266 2858; x_wconf 89' lang='lat' dir='ltr'><strong>coram</strong></span> <span class='ocrx_word' id='word_1_203' title='bbox 1277 2793 1466 2858; x_wconf 86' lang='lat' dir='ltr'><strong>iusticiariis</strong></span> 
     </span>
     <span class='ocr_line' id='line_1_25' title="bbox 353 2895 1466 2983; baseline 0.002 -23"><span class='ocrx_word' id='word_1_204' title='bbox 353 2895 414 2960; x_wconf 91' lang='lat' dir='ltr'><strong>sub</strong></span> <span class='ocrx_word' id='word_1_205' title='bbox 436 2895 542 2982; x_wconf 87' lang='lat' dir='ltr'><strong>sigillo</strong></span> <span class='ocrx_word' id='word_1_206' title='bbox 564 2917 623 2959; x_wconf 90' lang='lat' dir='ltr'><strong>suo</strong></span> <span class='ocrx_word' id='word_1_207' title='bbox 645 2904 679 2959; x_wconf 91' lang='lat' dir='ltr'><strong>et</strong></span> <span class='ocrx_word' id='word_1_208' title='bbox 702 2918 760 2980; x_wconf 91' lang='lat' dir='ltr'><strong>per</strong></span> <span class='ocrx_word' id='word_1_209' title='bbox 781 2903 922 2980; x_wconf 87' lang='lat' dir='ltr'><strong>quatuor</strong></span> <span class='ocrx_word' id='word_1_210' title='bbox 944 2895 1065 2983; x_wconf 83' lang='lat' dir='ltr'><strong>legales</strong></span> <span class='ocrx_word' id='word_1_211' title='bbox 1087 2895 1233 2960; x_wconf 90' lang='lat' dir='ltr'><strong>homines</strong></span> <span class='ocrx_word' id='word_1_212' title='bbox 1255 2898 1312 2982; x_wconf 94' lang='lat' dir='ltr'><strong>qui</strong></span> <span class='ocrx_word' id='word_1_213' title='bbox 1334 2898 1466 2962; x_wconf 89' lang='lat' dir='ltr'><strong>recordo</strong></span> 
     </span>
    </p>
   </div>
   <div class='ocr_carea' id='block_1_6' title="bbox 255 3000 1466 3096">
    <p class='ocr_par' dir='ltr' id='par_1_7' title="bbox 255 3000 1466 3096">
     <span class='ocr_line' id='line_1_26' title="bbox 255 3000 1466 3096; baseline 0.002 -32"><span class='ocrx_word' id='word_1_214' title='bbox 255 3039 257 3042; x_wconf 94' lang='lat'>-</span> <span class='ocrx_word' id='word_1_215' title='bbox 354 3000 402 3065; x_wconf 90' lang='lat' dir='ltr'><strong>illi</strong></span> <span class='ocrx_word' id='word_1_216' title='bbox 416 3001 642 3067; x_wconf 80' lang='lat' dir='ltr'><strong>interfuerunt</strong></span> <span class='ocrx_word' id='word_1_217' title='bbox 688 3001 882 3086; x_wconf 89' lang='lat' dir='ltr'><strong>Preceptum</strong></span> <span class='ocrx_word' id='word_1_218' title='bbox 904 3001 968 3066; x_wconf 85' lang='lat' dir='ltr'><strong>luit</strong></span> <span class='ocrx_word' id='word_1_219' title='bbox 989 3001 1091 3065; x_wconf 87' lang='lat' dir='ltr'><strong>eciam</strong></span> <span class='ocrx_word' id='word_1_220' title='bbox 1106 3001 1212 3066; x_wconf 90' lang='lat' dir='ltr'><strong>eidem</strong></span> <span class='ocrx_word' id='word_1_221' title='bbox 1228 3002 1466 3096; x_wconf 84' lang='lat' dir='ltr'><strong>constabulario</strong></span> 
     </span>
    </p>
   </div>
   <div class='ocr_carea' id='block_1_7' title="bbox 352 3104 1466 3711">
    <p class='ocr_par' dir='ltr' id='par_1_8' title="bbox 352 3104 1466 3711">
     <span class='ocr_line' id='line_1_27' title="bbox 353 3104 1464 3192; baseline 0.002 -23"><span class='ocrx_word' id='word_1_222' title='bbox 353 3104 440 3190; x_wconf 91' lang='lat' dir='ltr'><strong>quod</strong></span> <span class='ocrx_word' id='word_1_223' title='bbox 470 3105 580 3171; x_wconf 88' lang='lat' dir='ltr'><strong>uenire</strong></span> <span class='ocrx_word' id='word_1_224' title='bbox 618 3105 739 3170; x_wconf 84' lang='lat' dir='ltr'><strong>faceret</strong></span> <span class='ocrx_word' id='word_1_225' title='bbox 777 3127 883 3170; x_wconf 88' lang='lat' dir='ltr'><strong>coram</strong></span> <span class='ocrx_word' id='word_1_226' title='bbox 913 3104 1035 3169; x_wconf 89' lang='lat' dir='ltr'><strong>eisdem</strong></span> <span class='ocrx_word' id='word_1_227' title='bbox 1065 3104 1251 3170; x_wconf 83' lang='lat' dir='ltr'><strong>iusticiariis</strong></span> <span class='ocrx_word' id='word_1_228' title='bbox 1280 3107 1464 3192; x_wconf 90' lang='lat' dir='ltr'><strong>predictum</strong></span> 
     </span>
     <span class='ocr_line' id='line_1_28' title="bbox 353 3207 1464 3295; baseline 0.003 -23"><span class='ocrx_word' id='word_1_229' title='bbox 353 3207 530 3272; x_wconf 80' lang='lat' dir='ltr'><strong>Ricardum</strong></span> <span class='ocrx_word' id='word_1_230' title='bbox 544 3209 584 3272; x_wconf 89' lang='lat' dir='ltr'><strong>ad</strong></span> <span class='ocrx_word' id='word_1_231' title='bbox 600 3207 801 3295; x_wconf 87' lang='lat' dir='ltr'><strong>sequendum</strong></span> <span class='ocrx_word' id='word_1_232' title='bbox 817 3208 982 3294; x_wconf 90' lang='lat' dir='ltr'><strong>appellum</strong></span> <span class='ocrx_word' id='word_1_233' title='bbox 998 3230 1094 3271; x_wconf 84' lang='lat' dir='ltr'><strong>suurn</strong></span> <span class='ocrx_word' id='word_1_234' title='bbox 1115 3215 1149 3271; x_wconf 91' lang='lat' dir='ltr'><strong>et</strong></span> <span class='ocrx_word' id='word_1_235' title='bbox 1169 3207 1320 3273; x_wconf 88' lang='lat' dir='ltr'><strong>similiter</strong></span> <span class='ocrx_word' id='word_1_236' title='bbox 1339 3210 1464 3295; x_wconf 88' lang='lat' dir='ltr'><strong>predic-</strong></span> 
     </span>
     <span class='ocr_line' id='line_1_29' title="bbox 354 3311 1466 3398; baseline 0.004 -24"><span class='ocrx_word' id='word_1_237' title='bbox 354 3319 426 3376; x_wconf 91' lang='lat' dir='ltr'><strong>tum</strong></span> <span class='ocrx_word' id='word_1_238' title='bbox 441 3311 642 3375; x_wconf 89' lang='lat' dir='ltr'><strong>Willelmum</strong></span> <span class='ocrx_word' id='word_1_239' title='bbox 658 3335 732 3376; x_wconf 89' lang='lat' dir='ltr'><strong>cum</strong></span> <span class='ocrx_word' id='word_1_240' title='bbox 754 3313 858 3398; x_wconf 90' lang='lat' dir='ltr'><strong>porcis</strong></span> <span class='ocrx_word' id='word_1_241' title='bbox 878 3312 919 3377; x_wconf 87' lang='lat' dir='ltr'><strong>ad</strong></span> <span class='ocrx_word' id='word_1_242' title='bbox 940 3311 1200 3397; x_wconf 89' lang='lat' dir='ltr'><strong>respondendum</strong></span> <span class='ocrx_word' id='word_1_243' title='bbox 1224 3311 1300 3376; x_wconf 92' lang='lat' dir='ltr'><strong>inde</strong></span> <span class='ocrx_word' id='word_1_244' title='bbox 1317 3314 1466 3398; x_wconf 81' lang='lat' dir='ltr'><strong>predicto</strong></span> 
     </span>
     <span class='ocr_line' id='line_1_30' title="bbox 353 3413 1466 3500; baseline 0.004 -23"><span class='ocrx_word' id='word_1_245' title='bbox 353 3413 506 3491; x_wconf 64' lang='lat' dir='ltr'><strong>Ricardo,&#39;</strong></span> <span class='ocrx_word' id='word_1_246' title='bbox 523 3422 558 3478; x_wconf 90' lang='lat' dir='ltr'><strong>ct</strong></span> <span class='ocrx_word' id='word_1_247' title='bbox 579 3414 666 3499; x_wconf 91' lang='lat' dir='ltr'><strong>quod</strong></span> <span class='ocrx_word' id='word_1_248' title='bbox 687 3437 799 3499; x_wconf 86' lang='lat' dir='ltr'><strong>porcos</strong></span> <span class='ocrx_word' id='word_1_249' title='bbox 821 3437 929 3480; x_wconf 89' lang='lat' dir='ltr'><strong>secum</strong></span> <span class='ocrx_word' id='word_1_250' title='bbox 952 3415 1135 3480; x_wconf 91' lang='lat' dir='ltr'><strong>adduceret.</strong></span> <span class='ocrx_word' id='word_1_251' title='bbox 1181 3415 1375 3500; x_wconf 88' lang='lat' dir='ltr'><strong>Preceptum</strong></span> <span class='ocrx_word' id='word_1_252' title='bbox 1400 3417 1466 3481; x_wconf 89' lang='lat' dir='ltr'><strong>fuit</strong></span> 
     </span>
     <span class='ocr_line' id='line_1_31' title="bbox 352 3517 1463 3606; baseline 0.003 -24"><span class='ocrx_word' id='word_1_253' title='bbox 352 3518 453 3582; x_wconf 90' lang='lat' dir='ltr'><strong>eciam</strong></span> <span class='ocrx_word' id='word_1_254' title='bbox 479 3519 567 3604; x_wconf 91' lang='lat' dir='ltr'><strong>quod</strong></span> <span class='ocrx_word' id='word_1_255' title='bbox 590 3517 702 3583; x_wconf 88' lang='lat' dir='ltr'><strong>uenire</strong></span> <span class='ocrx_word' id='word_1_256' title='bbox 727 3520 848 3584; x_wconf 84' lang='lat' dir='ltr'><strong>faceret</strong></span> <span class='ocrx_word' id='word_1_257' title='bbox 874 3519 927 3605; x_wconf 87' lang='lat' dir='ltr'><strong>xij.</strong></span> <span class='ocrx_word' id='word_1_258' title='bbox 958 3520 999 3584; x_wconf 90' lang='lat' dir='ltr'><strong>de</strong></span> <span class='ocrx_word' id='word_1_259' title='bbox 1022 3519 1183 3606; x_wconf 85' lang='lat' dir='ltr'><strong>legalibus</strong></span> <span class='ocrx_word' id='word_1_260' title='bbox 1209 3520 1396 3584; x_wconf 91' lang='lat' dir='ltr'><strong>hominibus</strong></span> <span class='ocrx_word' id='word_1_261' title='bbox 1421 3521 1463 3586; x_wconf 92' lang='lat' dir='ltr'><strong>de</strong></span> 
     </span>
     <span class='ocr_line' id='line_1_32' title="bbox 352 3624 1465 3711; baseline 0.004 -23"><span class='ocrx_word' id='word_1_262' title='bbox 352 3625 432 3688; x_wconf 89' lang='lat' dir='ltr'><strong>uilla</strong></span> <span class='ocrx_word' id='word_1_263' title='bbox 454 3624 498 3696; x_wconf 51' lang='lat' dir='ltr'><strong>de¹</strong></span> <span class='ocrx_word' id='word_1_264' title='bbox 516 3625 733 3711; x_wconf 87' lang='lat' dir='ltr'><strong>Wyndesores</strong></span> <span class='ocrx_word' id='word_1_265' title='bbox 754 3625 797 3691; x_wconf 93' lang='lat' dir='ltr'><strong>ad</strong></span> <span class='ocrx_word' id='word_1_266' title='bbox 822 3626 1017 3692; x_wconf 86' lang='lat' dir='ltr'><strong>certificand&#39;</strong></span> <span class='ocrx_word' id='word_1_267' title='bbox 1041 3627 1148 3692; x_wconf 86' lang='lat' dir='ltr'><strong>iustic&#39;</strong></span> <span class='ocrx_word' id='word_1_268' title='bbox 1171 3636 1231 3692; x_wconf 88' lang='lat' dir='ltr'><strong>etc.</strong></span> <span class='ocrx_word' id='word_1_269' title='bbox 1278 3627 1322 3690; x_wconf 88' lang='lat' dir='ltr'><strong>Et</strong></span> <span class='ocrx_word' id='word_1_270' title='bbox 1351 3649 1465 3692; x_wconf 86' lang='lat' dir='ltr'><strong>omnes</strong></span> 
     </span>
    </p>
   </div>
   <div class='ocr_carea' id='block_1_8' title="bbox 351 3728 1465 3922">
    <p class='ocr_par' dir='ltr' id='par_1_9' title="bbox 351 3728 1465 3922">
     <span class='ocr_line' id='line_1_33' title="bbox 352 3728 1465 3816; baseline 0.002 -24"><span class='ocrx_word' id='word_1_271' title='bbox 352 3728 464 3793; x_wconf 87' lang='lat' dir='ltr'><strong>uenire</strong></span> <span class='ocrx_word' id='word_1_272' title='bbox 480 3729 557 3792; x_wconf 84' lang='lat' dir='ltr'><strong>fecit</strong></span> <span class='ocrx_word' id='word_1_273' title='bbox 573 3751 679 3793; x_wconf 86' lang='lat' dir='ltr'><strong>coram</strong></span> <span class='ocrx_word' id='word_1_274' title='bbox 695 3729 882 3796; x_wconf 86' lang='lat' dir='ltr'><strong>iusticiariis</strong></span> <span class='ocrx_word' id='word_1_275' title='bbox 896 3731 1074 3795; x_wconf 86' lang='lat' dir='ltr'><strong>secundum</strong></span> <span class='ocrx_word' id='word_1_276' title='bbox 1090 3731 1178 3816; x_wconf 91' lang='lat' dir='ltr'><strong>quod</strong></span> <span class='ocrx_word' id='word_1_277' title='bbox 1193 3738 1383 3816; x_wconf 85' lang='lat' dir='ltr'><strong>preceptum</strong></span> <span class='ocrx_word' id='word_1_278' title='bbox 1398 3731 1465 3794; x_wconf 84' lang='lat' dir='ltr'><strong>fuit</strong></span> 
     </span>
     <span class='ocr_line' id='line_1_34' title="bbox 351 3832 1464 3922; baseline 0.004 -27"><span class='ocrx_word' id='word_1_279' title='bbox 351 3833 382 3896; x_wconf 87' lang='lat' dir='ltr'><strong>ei</strong></span> <span class='ocrx_word' id='word_1_280' title='bbox 411 3841 470 3897; x_wconf 90' lang='lat' dir='ltr'><strong>etc.</strong></span> <span class='ocrx_word' id='word_1_281' title='bbox 517 3833 560 3896; x_wconf 86' lang='lat' dir='ltr'><strong>Et</strong></span> <span class='ocrx_word' id='word_1_282' title='bbox 591 3832 778 3898; x_wconf 88' lang='lat' dir='ltr'><strong>Gilebertus</strong></span> <span class='ocrx_word' id='word_1_283' title='bbox 807 3835 847 3899; x_wconf 92' lang='lat' dir='ltr'><strong>de</strong></span> <span class='ocrx_word' id='word_1_284' title='bbox 873 3835 1007 3921; x_wconf 86' lang='lat' dir='ltr'><strong>Tegula,</strong></span> <span class='ocrx_word' id='word_1_285' title='bbox 1035 3834 1223 3900; x_wconf 83' lang='lat' dir='ltr'><strong>Gilebertus</strong></span> <span class='ocrx_word' id='word_1_286' title='bbox 1245 3835 1285 3899; x_wconf 90' lang='lat' dir='ltr'><strong>de</strong></span> <span class='ocrx_word' id='word_1_287' title='bbox 1309 3835 1464 3922; x_wconf 68' lang='lat' dir='ltr'><strong>Grangia</strong></span> 
     </span>
    </p>
   </div>
   <div class='ocr_carea' id='block_1_9' title="bbox 312 4081 1191 4147">
    <p class='ocr_par' dir='ltr' id='par_1_10' title="bbox 312 4081 1191 4147">
     <span class='ocr_line' id='line_1_35' title="bbox 312 4081 1191 4147; baseline 0.002 -14"><span class='ocrx_word' id='word_1_288' title='bbox 312 4105 315 4110; x_wconf 95' lang='lat'>·</span> <span class='ocrx_word' id='word_1_289' title='bbox 383 4085 392 4116; x_wconf 93' lang='lat'><strong>¹</strong></span> <span class='ocrx_word' id='word_1_290' title='bbox 409 4099 460 4134; x_wconf 83' lang='lat' dir='ltr'><strong>non</strong></span> <span class='ocrx_word' id='word_1_291' title='bbox 470 4081 597 4147; x_wconf 81' lang='lat' dir='ltr'><strong>repeated</strong></span> <span class='ocrx_word' id='word_1_292' title='bbox 927 4086 984 4138; x_wconf 84' lang='lat' dir='ltr'><strong>lord</strong></span> <span class='ocrx_word' id='word_1_293' title='bbox 996 4087 1025 4138; x_wconf 82' lang='lat' dir='ltr'><strong>of</strong></span> <span class='ocrx_word' id='word_1_294' title='bbox 1034 4086 1079 4137; x_wconf 86' lang='lat' dir='ltr'><strong>the</strong></span> <span class='ocrx_word' id='word_1_295' title='bbox 1090 4100 1191 4136; x_wconf 76' lang='lat' dir='ltr'><strong>monor.</strong></span> 
     </span>
    </p>
   </div>
   <div class='ocr_carea' id='block_1_10' title="bbox 350 4149 1461 4540">
    <p class='ocr_par' dir='ltr' id='par_1_11' title="bbox 382 4149 1161 4213">
     <span class='ocr_line' id='line_1_36' title="bbox 382 4149 1161 4213; baseline 0.005 -15"><span class='ocrx_word' id='word_1_296' title='bbox 382 4149 393 4182; x_wconf 83' lang='lat'><strong>¹</strong></span> <span class='ocrx_word' id='word_1_297' title='bbox 410 4149 466 4199; x_wconf 77' lang='lat' dir='ltr'><strong>The</strong></span> <span class='ocrx_word' id='word_1_298' title='bbox 482 4150 539 4199; x_wconf 75' lang='lat' dir='ltr'><strong>urit</strong></span> <span class='ocrx_word' id='word_1_299' title='bbox 555 4149 584 4198; x_wconf 81' lang='lat' dir='ltr'><strong>ct</strong></span> <span class='ocrx_word' id='word_1_300' title='bbox 601 4149 670 4200; x_wconf 79' lang='lat' dir='ltr'><strong>Pone</strong></span> <span class='ocrx_word' id='word_1_301' title='bbox 686 4149 727 4199; x_wconf 80' lang='lat' dir='ltr'><strong>for</strong></span> <span class='ocrx_word' id='word_1_302' title='bbox 742 4150 877 4212; x_wconf 80' lang='lat' dir='ltr'><strong>removing</strong></span> <span class='ocrx_word' id='word_1_303' title='bbox 958 4151 970 4184; x_wconf 75' lang='grc'><strong>7</strong></span> <span class='ocrx_word' id='word_1_304' title='bbox 986 4154 1120 4213; x_wconf 62' lang='lat' dir='ltr'><strong>Necnon,</strong></span> <span class='ocrx_word' id='word_1_305' title='bbox 1131 4152 1161 4203; x_wconf 81' lang='lat' dir='ltr'><strong>A.</strong></span> 
     </span>
    </p>

    <p class='ocr_par' dir='ltr' id='par_1_12' title="bbox 350 4213 1461 4540">
     <span class='ocr_line' id='line_1_37' title="bbox 350 4213 1461 4280; baseline 0.001 -15"><span class='ocrx_word' id='word_1_306' title='bbox 350 4215 395 4265; x_wconf 87' lang='lat' dir='ltr'><strong>the</strong></span> <span class='ocrx_word' id='word_1_307' title='bbox 407 4213 709 4278; x_wconf 75' lang='lat' dir='ltr'><strong>essehomthecounty</strong></span> <span class='ocrx_word' id='word_1_308' title='bbox 719 4219 800 4264; x_wconf 84' lang='lat' dir='ltr'><strong>court.</strong></span> <span class='ocrx_word' id='word_1_309' title='bbox 960 4217 1075 4268; x_wconf 66' lang='grc' dir='ltr'><strong>Β(Ξοοᾱει</strong></span> <span class='ocrx_word' id='word_1_310' title='bbox 1103 4231 1148 4267; x_wconf 80' lang='lat' dir='ltr'><strong>are</strong></span> <span class='ocrx_word' id='word_1_311' title='bbox 1169 4218 1275 4266; x_wconf 72' lang='lat' dir='ltr'><strong>adirem</strong></span> <span class='ocrx_word' id='word_1_312' title='bbox 1296 4216 1372 4267; x_wconf 78' lang='lat' dir='ltr'><strong>when</strong></span> <span class='ocrx_word' id='word_1_313' title='bbox 1396 4217 1461 4280; x_wconf 79' lang='lat' dir='ltr'><strong>they</strong></span> 
     </span>
     <span class='ocr_line' id='line_1_38' title="bbox 381 4278 1460 4355; baseline 0.004 -27"><span class='ocrx_word' id='word_1_314' title='bbox 381 4279 393 4313; x_wconf 85' lang='lat'>⁸</span> <span class='ocrx_word' id='word_1_315' title='bbox 409 4281 441 4328; x_wconf 88' lang='lat' dir='ltr'><strong>In</strong></span> <span class='ocrx_word' id='word_1_316' title='bbox 453 4279 476 4328; x_wconf 75' lang='lat' dir='ltr'>A</span> <span class='ocrx_word' id='word_1_317' title='bbox 487 4279 541 4328; x_wconf 84' lang='lat' dir='ltr'><strong>this</strong></span> <span class='ocrx_word' id='word_1_318' title='bbox 551 4278 646 4342; x_wconf 84' lang='lat' dir='ltr'><strong>phrase</strong></span> <span class='ocrx_word' id='word_1_319' title='bbox 656 4279 706 4355; x_wconf 77' lang='lat' dir='ltr'><strong>has</strong></span> <span class='ocrx_word' id='word_1_320' title='bbox 716 4279 844 4342; x_wconf 84' lang='lat' dir='ltr'><strong>perished.</strong></span> <span class='ocrx_word' id='word_1_321' title='bbox 928 4296 971 4331; x_wconf 82' lang='lat' dir='ltr'><strong>are</strong></span> <span class='ocrx_word' id='word_1_322' title='bbox 993 4282 1044 4331; x_wconf 84' lang='lat' dir='ltr'><strong>lost</strong></span> <span class='ocrx_word' id='word_1_323' title='bbox 1066 4297 1096 4332; x_wconf 89' lang='lat' dir='ltr'><strong>or</strong></span> <span class='ocrx_word' id='word_1_324' title='bbox 1118 4284 1165 4332; x_wconf 90' lang='lat' dir='ltr'><strong>not</strong></span> <span class='ocrx_word' id='word_1_325' title='bbox 1187 4281 1370 4344; x_wconf 75' lang='lat' dir='ltr'><strong>forthcoming.</strong></span> <span class='ocrx_word' id='word_1_326' title='bbox 1406 4283 1460 4332; x_wconf 91' lang='lat' dir='ltr'><strong>Du-</strong></span> 
     </span>
     <span class='ocr_line' id='line_1_39' title="bbox 381 4345 1461 4464; baseline 0.005 -6"><span class='ocrx_word' id='word_1_327' title='bbox 381 4345 767 4458; x_wconf 61' lang='lat' dir='ltr'><strong>2l“tb30⁸¹¹¹¹⁰‘³‘⁰¹³¹⁰³·</strong></span> <span class='ocrx_word' id='word_1_328' title='bbox 928 4347 1461 4464; x_wconf 54' lang='lat' dir='ltr'><strong>trasumenum:</strong></span> 
     </span>
     <span class='ocr_line' id='line_1_40' title="bbox 381 4445 1329 4540; baseline 0.004 -16"><span class='ocrx_word' id='word_1_329' title='bbox 381 4475 392 4508; x_wconf 79' lang='lat'>⁸</span> <span class='ocrx_word' id='word_1_330' title='bbox 409 4445 463 4524; x_wconf 69' lang='lat' dir='ltr'><strong>Tire</strong></span> <span class='ocrx_word' id='word_1_331' title='bbox 475 4445 555 4524; x_wconf 81' lang='lat' dir='ltr'><strong>Couit</strong></span> <span class='ocrx_word' id='word_1_332' title='bbox 564 4474 647 4525; x_wconf 86' lang='lat' dir='ltr'><strong>which</strong></span> <span class='ocrx_word' id='word_1_333' title='bbox 657 4475 702 4525; x_wconf 88' lang='lat' dir='ltr'><strong>the</strong></span> <span class='ocrx_word' id='word_1_334' title='bbox 714 4475 776 4537; x_wconf 82' lang='lat' dir='ltr'><strong>king</strong></span> <span class='ocrx_word' id='word_1_335' title='bbox 787 4475 835 4525; x_wconf 85' lang='lat' dir='ltr'><strong>has</strong></span> <span class='ocrx_word' id='word_1_336' title='bbox 848 4491 877 4526; x_wconf 82' lang='lat' dir='ltr'><strong>aa</strong></span> <span class='ocrx_word' id='word_1_337' title='bbox 928 4479 998 4536; x_wconf 85' lang='lat' dir='ltr'><strong>Low,</strong></span> <span class='ocrx_word' id='word_1_338' title='bbox 1010 4491 1053 4540; x_wconf 86' lang='lat' dir='ltr'><strong>pp.</strong></span> <span class='ocrx_word' id='word_1_339' title='bbox 1066 4479 1204 4528; x_wconf 68' lang='lat' dir='ltr'><strong>loe-169.</strong></span> <span class='ocrx_word' id='word_1_340' title='bbox 1322 4451 1329 4472; x_wconf 63' lang='grc'><strong>’</strong></span> 
     </span>
    </p>
   </div>
   <div class='ocr_carea' id='block_1_11' title="bbox 0 0 1665 5226">
    <p class='ocr_par' dir='ltr' id='par_1_13' title="bbox 0 0 1665 5226">
     <span class='ocr_line' id='line_1_41' title="bbox 0 0 1665 5226; baseline 0 0"><span class='ocrx_word' id='word_1_341' title='bbox 0 0 1665 5226; x_wconf 95' lang='lat' dir='ltr'><strong> </strong></span> 
     </span>
    </p>
   </div>
  </div>
 </body>
</html>
