3360 5236
202 616 274 677 685.

207 714 269 754 mor.

216 4223 272 4272 ue]

207 4292 279 4354 686.

216 4389 280 4430 Mldd.

323 413 387 474 528
629 427 766 486 ειετιιιι,
790 427 856 476 ιι).
883 413 975 487 1232,
998 428 1061 476 in.
1087 414 1134 477 16.

389 599 555 666 Walterus
577 602 618 666 de
641 602 810 667 Wildelrer
834 603 921 689 petit
943 625 1056 668 uersus
1078 603 1279 667 Willelmum
1304 601 1345 666 de
1369 601 1435 666 Ros

324 725 422 788 quem
438 703 529 768 Prior
542 703 583 768 de
600 704 761 770 Kiutham
782 715 877 770 uocat
892 705 934 770 ad
949 715 1130 770 warantum
1146 714 1180 770 et
1195 705 1252 792 qui
1267 705 1299 769 ei
1314 727 1435 769 weren-

324 805 405 870 tizat
442 805 528 891 quod
558 808 729 892 permittet
758 831 834 872 eum
864 808 983 873 hebere
1013 808 1206 874 racionabile
1236 809 1434 873 estouerium

323 931 419 974 suum
435 909 470 974 in
484 910 578 974 bosco
594 910 634 974 de
651 911 781 976 Husum
797 919 831 975 et
846 911 933 976 unde
949 911 1035 997 petit
1055 911 1142 998 quod
1164 912 1336 998 permittet
1357 934 1433 976 eum

325 1012 443 1076 hebere
466 1012 501 1076 in
523 1013 636 1076 eodem
659 1013 755 1078 bosco
777 1014 916 1078 husbote
939 1014 1071 1078 haibote
1094 1014 1190 1078 etad
1205 1014 1384 1078 ardendum
1400 1023 1435 1078 et

324 1116 541 1181 claudendum
557 1126 592 1181 et
607 1117 649 1182 ed
663 1127 770 1182 aratra
785 1127 819 1182 et
833 1118 899 1182 alie
913 1118 1067 1182 utensilia
1078 1126 1112 1182 et
1124 1117 1211 1182 unde
1227 1118 1327 1204 Hugo
1342 1126 1437 1202 peter

325 1243 403 1286 snus
427 1221 519 1286 cuius
543 1221 636 1286 heres
660 1222 729 1307 ipse
753 1231 803 1286 est
825 1223 889 1286 fuit
911 1222 1041 1287 seisitus
1063 1231 1102 1286 ιιι
1124 1222 1165 1287 de
1188 1221 1280 1286 feodo
1302 1222 1354 1286 die
1371 1243 1435 1306 quo

326 1323 409 1388 obiit
424 1333 458 1388 et
479 1333 636 1412 tanquam
659 1326 844 1412 pertinente
867 1327 908 1390 sd
931 1327 1069 1390 liberum
1092 1333 1317 1390 tenementum
1339 1347 1435 1390 suum

325 1425 360 1490 in
376 1427 572 1492 Wiuestunn
586 1436 732 1514 tempore
748 1429 849 1515 Regis
863 1430 893 1493 J.
911 1437 988 1492 ente
1172 1427 1182 1460 ¹
1198 1436 1232 1492 et
1248 1427 1334 1491 uude
1350 1427 1436 1512 petit

326 1529 478 1594 seisinam
500 1530 603 1616 petris
625 1530 676 1594 sui
698 1530 783 1594 sicut
805 1531 898 1594 heres
921 1530 1023 1615 patris
1045 1529 1105 1605 sui,
1122 1538 1157 1593 et
1179 1529 1259 1594 dicit
1277 1529 1363 1614 quod
1377 1551 1436 1614 per

327 1631 388 1696 hoc
403 1632 489 1718 quod
504 1632 572 1717 ipse
593 1632 749 1696 deforciet
771 1632 802 1696 ei
825 1632 1022 1696 estouerium
1045 1631 1127 1696 illud
1149 1630 1364 1696 deterioratus
1386 1639 1437 1696 est

326 1745 397 1812 etc,
412 1744 446 1798 et
462 1736 548 1800 unde
563 1735 644 1800 dicit
659 1736 746 1821 quod
761 1736 825 1800 fuit
840 1735 970 1800 seisitus
989 1744 1134 1820 tempore
1154 1735 1291 1800 Roberti
1305 1719 1346 1799 de
1362 1735 1434 1800 Ros

393 1840 437 1904 Et
452 1839 636 1904 Willelmus
658 1839 751 1904 uenit
774 1847 808 1903 et
830 1839 977 1904 defendit
999 1839 1051 1903 ius
1072 1861 1169 1904 suum
1192 1847 1226 1902 et
1248 1837 1436 1924 dicitquod

327 1943 493 2030 predictus
514 1945 613 2029 Hugo
634 1965 801 2029 nunquam
817 1945 880 2008 fuit
895 1943 1026 2008 seisitus
1040 1943 1080 2007 de
1096 1942 1257 2006 estouerio
1271 1941 1326 2006 illo
1342 1950 1380 2005 ut
1395 1943 1435 2007 de

328 2047 420 2112 feodo
435 2055 468 2112 et
485 2047 554 2112 iure
570 2069 629 2111 nec
645 2055 683 2111 ut
698 2047 739 2111 de
755 2047 915 2111 estouerio
936 2046 1022 2132 quod
1037 2046 1181 2132 pertinet
1196 2045 1237 2110 ed
1253 2045 1436 2130 predictum

327 2159 552 2215 tenementum
576 2173 671 2214 suum
687 2150 727 2214 de
743 2150 947 2234 Wynestune
968 2149 1046 2235 quia
1069 2149 1097 2213 si
1119 2149 1262 2234 aliquam
1284 2148 1436 2212 seisinam

328 2253 444 2320 habuit
459 2253 499 2317 de
515 2253 624 2339 aliquo
639 2253 799 2318 estouerio
815 2254 875 2318 hoc
891 2253 953 2317 fuit
969 2262 1114 2338 tempore
1137 2254 1305 2318 cuiusdam
1322 2254 1436 2318 Sibille

329 2357 369 2422 de
386 2358 528 2442 Resque
543 2357 676 2422 boscum
691 2357 785 2421 illum
808 2357 917 2422 tenuit
941 2357 976 2421 in
996 2356 1107 2420 dotem
1122 2365 1157 2420 et
1171 2357 1212 2421 de
1228 2357 1436 2443 permissione

329 2463 431 2549 ipsius
446 2461 560 2526 Sibille
575 2469 610 2525 et
624 2461 717 2526 cuius
731 2461 924 2526 senescallus
939 2461 1007 2547 ipse
1024 2461 1123 2547 Hugo
1138 2460 1210 2536 fuit,
1222 2468 1256 2524 et
1271 2458 1357 2545 quod
1372 2481 1438 2522 non

330 2566 392 2630 fuit
422 2565 552 2630 seisitus
580 2565 621 2630 de
652 2565 811 2630 estouerio
837 2566 893 2630 illo
919 2575 958 2630 ut
984 2565 1024 2631 de
1051 2567 1143 2631 feodo
1168 2588 1228 2630 nec
1254 2565 1336 2629 obiit
1361 2563 1436 2629 inde

329 2670 459 2734 seisitus
481 2677 518 2734 ut
542 2669 726 2754 pertinente
748 2669 791 2734 ed
813 2677 1038 2734 tenementum
1060 2670 1218 2734 suumde
1234 2667 1439 2754 anestune

330 2774 422 2860 ponit
446 2796 480 2838 se
506 2795 604 2858 super
629 2773 769 2858 petriam
798 2781 832 2838 et
862 2774 958 2838 offert
986 2773 1080 2838 Dom.
1111 2773 1195 2860 Regi
1224 2772 1266 2837 xl.
1295 2771 1349 2836 sot
1380 2793 1437 2857 pro

331 2879 481 2946 habenda
502 2877 610 2942 iurata
632 2887 666 2942 et
689 2901 746 2964 pro
768 2879 915 2943 facienda
935 2878 1101 2942 moncione
1120 2877 1162 2942 de
1178 2887 1322 2963 tempore
1338 2876 1437 2963 Regis

330 2985 361 3050 J.
378 2993 412 3048 et
427 2981 636 3068 recipiuntur.

397 3088 441 3152 Et
463 3087 628 3152 Walterus
651 3084 730 3149 dicit
754 3084 839 3170 quod
865 3093 960 3170 poter
984 3107 1062 3148 suus
1086 3084 1134 3149 ita
1159 3085 1223 3149 fuit
1248 3085 1378 3149 seisitus
1403 3093 1437 3148 et

331 3189 413 3255 obiit
428 3190 503 3254 inde
519 3189 648 3253 seisitus
664 3197 698 3252 et
713 3189 825 3252 eodem
842 3197 985 3274 tempore
1006 3188 1183 3253 secundum
1207 3188 1292 3274 quod
1315 3187 1437 3273 predic-

333 3303 405 3358 tum
420 3303 478 3369 est,
494 3301 528 3356 et
542 3293 617 3356 inde
633 3291 725 3378 ponit
740 3314 774 3356 se
789 3314 887 3376 super
901 3291 1048 3377 patriam.
1095 3292 1138 3356 Et
1155 3291 1228 3356 ideo
1248 3300 1437 3377 preceptum

332 3407 382 3462 est
408 3397 593 3462 uicecomiti
618 3396 704 3482 quod
734 3397 846 3460 uenire
876 3397 974 3460 faciet
1002 3419 1108 3461 coram
1137 3396 1322 3460 iusticieriis
1350 3395 1438 3481 apud

332 3499 657 3565 westmonasterium
680 3507 739 3564 etc.
761 3499 816 3584 xij.
838 3507 907 3562 tem
930 3499 1052 3563 milites
1074 3507 1133 3562 etc
1149 3499 1191 3563 ed
1213 3521 1438 3585 recognoscen-

331 3605 410 3670 dum
434 3625 531 3688 super
554 3610 792 3666 sacramentum
815 3625 912 3666 suum
936 3612 998 3667 etc.
1023 3601 1051 3668 si
1077 3601 1242 3688 predictus
1266 3603 1365 3689 Hugo
1390 3601 1461 3685 ite.

332 3709 413 3774 obiit
429 3707 560 3772 seisitus
574 3707 615 3770 de
630 3705 775 3791 predicto
791 3707 952 3772 estouen'o
963 3715 1002 3771 ut
1013 3707 1199 3792 pertinente
1215 3706 1257 3771 ad
1271 3715 1438 3770 tenemen-

332 3821 404 3876 tum
426 3833 522 3874 snum
545 3819 606 3874 etc.
624 3818 658 3874 et
679 3817 825 3894 tempore
846 3809 946 3895 Regis
960 3810 990 3874 J.
1007 3809 1185 3874 secundum
1207 3809 1293 3895 quod
1315 3809 1437 3895 predic-

333 3925 405 3980 tum
420 3923 469 3979 est
484 3914 539 3978 uel
553 3937 627 3992 non,
642 3923 677 3978 et
692 3913 779 3978 unde
795 3914 980 3978 Willelmus
995 3914 1075 3978 dicit
1095 3914 1181 4000 quod
1200 3936 1265 3978 non
1287 3913 1369 3977 obiit
1391 3914 1439 3977 ite

332 4018 462 4083 seisitus
485 4017 549 4081 nisi
572 4025 703 4081 tentum
728 4016 769 4081 de
795 4016 1005 4102 permissione
1029 4017 1173 4102 predicte
1197 4017 1336 4081 Isabelle
1359 4016 1438 4082 dum

332 4122 396 4186 fuit
411 4120 605 4184 senescallus
620 4143 699 4184 suus
714 4129 784 4198 etc,
799 4128 833 4183 et
849 4119 980 4184 interim
995 4143 1029 4184 se
1045 4119 1094 4184 ite
1108 4120 1288 4185 certificent
1303 4130 1362 4185 etc.
1382 4119 1386 4206 Ι

398 4223 560 4288 Henricus
596 4222 682 4286 filius
712 4222 870 4287 Willelmi
905 4223 992 4308 petit
1029 4245 1143 4288 uersus
1179 4222 1364 4287 Johennem
1397 4221 1437 4288 de

365 4395 374 4428 ¹
392 4395 414 4444 A
425 4391 506 4443 blank
518 4391 603 4440 which
614 4390 731 4454 deprives
742 4390 787 4442 the
801 4406 860 4441 cese
911 4391 987 4442 melre
996 4391 1058 4442 time
1067 4391 1188 4442 essentinl
1197 4391 1231 4453 by
1239 4389 1337 4451 haring
1345 4389 1437 4440 John'e

333 4461 361 4511 ol
377 4459 411 4509 its
427 4457 510 4522 point,
528 4456 598 4506 since
615 4455 730 4506 Willism
748 4457 820 4506 seeks
833 4463 860 4507 ιο
911 4457 983 4520 reign
997 4457 1146 4508 mentioned
1157 4457 1184 4505 in
1196 4456 1241 4506 the
1253 4455 1330 4506 issue.
