3276 5234
441 461 580 524 meren,
601 462 667 514 nn.
691 449 784 524 1229,
806 463 871 514 nn
896 452 944 518 13.
1176 455 1238 521 275

143 643 338 698 communem
362 633 504 720 exigunt
523 634 558 698 in
582 642 668 700 tene
684 633 787 720 ipsius
807 635 956 721 Magistri
974 635 1009 700 in
1028 633 1238 724 Oolingehem

143 734 258 802 deeicnt
282 735 368 801 idem
400 735 560 823 Magister
584 737 710 801 nullam
736 759 941 802 communem
968 737 1068 802 hebet
1093 738 1128 802 in
1154 746 1240 804 term

142 842 272 926 ipsorum
296 839 430 904 Radulfi
453 847 488 903 et
518 839 672 904 eliorum¹
695 863 754 904 nec
776 840 839 924 ipsi
860 840 1034 905 seruicium
1063 840 1094 904 ei
1116 841 1239 906 faciunt

142 967 231 1030 quare
245 965 463 1019 communem,
478 950 538 1008 ete

198 1049 239 1112 Et
256 1047 418 1112 Redulfue
437 1046 523 1111 filius
543 1045 651 1110 Pet1i¹
668 1067 726 1131 pro
745 1067 780 1110 ee
799 1053 834 1109 et
849 1044 999 1110 omnibus
1013 1047 1085 1112 aliis
1099 1070 1235 1134 quorum

141 1153 201 1216 loeo
222 1152 357 1238 ponitur
380 1151 473 1215 uenit
491 1157 526 1214 et
548 1151 627 1214 dicit
650 1149 736 1235 quod
759 1157 893 1236 pastura
915 1149 973 1215 ille
994 1149 1035 1214 de
1059 1173 1123 1236 qna
1146 1151 1235 1218 uisus

140 1254 232 1317 ectus
245 1261 296 1318 est
312 1261 348 1317 et
363 1275 426 1338 que
442 1259 577 1316 uocetur
590 1253 768 1338 Furlengee
783 1261 817 1316 et
833 1251 971 1337 quedem
986 1252 1093 1317 insule
1107 1262 1233 1339 spectet

139 1357 174 1422 ed
192 1366 308 1422 terram
330 1380 423 1422 suam
445 1356 486 1421 de
509 1357 687 1422 Knrletone
708 1363 742 1420 et
764 1364 815 1420 est
837 1355 877 1421 de
900 1355 980 1420 uilla
1001 1355 1041 1420 de
1064 1356 1234 1422 Cerletone

140 1461 276 1548 ibiquod
296 1463 384 1528 bene
402 1462 480 1527 licet
499 1461 566 1526 eis⁸
581 1462 696 1526 falcare
716 1459 838 1525 ibidem
861 1467 896 1524 et
916 1458 1049 1524 herbam
1072 1467 1106 1524 et
1121 1462 1232 1526 senum

141 1565 205 1628 inde
227 1573 394 1651 importare
418 1572 453 1630 et
476 1563 630 1628 animalia
652 1584 711 1628 sue.
733 1562 856 1627 ibidem
879 1584 1008 1648 pascere
1032 1561 1101 1626 eine
1124 1562 1233 1648 aliqua

140 1685 296 1728 mmmuna
318 1687 417 1750 quem
438 1663 585 1728 homines
604 1662 644 1727 de
668 1662 880 1748 Colingehem
903 1660 950 1724 ibi
970 1661 1088 1726 hebere
1112 1661 1233 1726 debent

141 1775 168 1830 et
188 1768 264 1832 bene
288 1767 373 1832 dicit
398 1767 485 1832 idem
509 1765 668 1832 Radulfus
694 1765 780 1830 filine
802 1765 893 1829 Petri
916 1763 1022 1850 ⁴quod
1045 1765 1151 1830 insula
1176 1765 1233 1830 ille.

140 1892 192 1956 que
218 1881 357 1936 uocatur
385 1871 579 1936 Liteleholm
608 1879 643 1935 et
672 1871 817 1956 predicte
845 1877 978 1956 pastura
1006 1892 1068 1956 que
1098 1879 1233 1936 uocetur

140 1976 403 2064 Inngefinlanges
417 1975 537 2041 habeb⁴
551 1975 620 2061 ipse
636 1975 670 2040 in
685 1975 845 2041 dominico
860 1975 908 2038 ite
922 1974 1009 2060 quod
1029 1973 1176 2039 homines
1190 1975 1230 2041 de

141 2077 298 2144 Garletona
324 2079 423 2144 uicini
445 2077 517 2142 sni⁸
539 2099 742 2142 communem
765 2077 888 2141 babent
910 2075 1031 2141 ibidem
1053 2077 1095 2142 ed
1117 2077 1231 2142 uoluu-

139 2191 227 2246 tetem
241 2205 338 2247 suam
353 2191 388 2246 et
402 2203 461 2268 per
474 2180 649 2246 seruicium
665 2179 750 2265 quod
765 2177 842 2243 inde
857 2177 887 2242 ei
903 2178 1032 2243 faciunt.

193 2284 232 2348 Et
253 2307 359 2371 quum
385 2283 550 2369 predictus
578 2281 737 2350 Radulius
766 2281 851 2346 filius
876 2281 965 2346 Petri
993 2281 1130 2347 aduocat
1159 2304 1229 2368 pre-

138 2387 241 2454 dictam
262 2390 406 2454 insulam
427 2397 462 2452 et
484 2387 645 2473 predictae
664 2387 940 2472 Langefurlenges
961 2384 1046 2471 quod
1070 2409 1109 2450 ee
1130 2385 1229 2450 hebet

138 2492 347 2570 indominieo‚
370 2490 617 2558 Consideratum
644 2498 693 2554 est
719 2489 805 2575 quod
831 2489 989 2554 Redulsue
1014 2488 1054 2553 de
1079 2489 1227 2576 Colinge·

138 2591 201 2658 hem
224 2595 392 2681 perquirat
415 2593 478 2658 eibi
501 2615 559 2678 per
581 2591 671 2657 eliud
696 2591 795 2656 breue
822 2599 856 2655 et
879 2598 971 2676 petet
994 2600 1112 2655 terrem
1138 2591 1227 2656 illem

137 2695 338 2762 indominico
357 2696 483 2761 deeicut
506 2703 643 2780 uterque
663 2717 774 2759 eorum
796 2693 979 2780 dicitquod
1003 2703 1089 2758 berre
1108 2694 1142 2758 in
1163 2717 1228 2780 que

137 2821 292 2866 mmmuna
317 2803 444 2886 petitur
467 2809 517 2864 eet
546 2799 743 2866 dominicum
767 2820 871 2872 suum,
897 2807 932 2863 et
958 2797 1021 2862 eit⁸
1045 2799 1080 2864 in
1103 2799 1225 2864 miseri-

136 2903 228 2968 mrdie
245 2927 304 2990 pro
321 2903 400 2968 saiso
421 2904 557 2968 elamore
578 2911 612 2967 et
632 2901 791 2967 Redulfus
806 2901 892 2966 filius
912 2901 1002 2966 Petri
1022 2911 1057 2966 eb
1073 2903 1130 2968 elii
1149 2903 1224 2968 inde

137 3003 194 3069 sine
207 3006 257 3071 die
272 3015 338 3072 ete.

96 3153 101 3170 .
189 3107 317 3174 'Aseise
330 3109 424 3174 uenit
438 3107 642 3196 recognitum
655 3107 684 3172 ei
699 3106 856 3172 Ricmdus
869 3106 972 3173 Coeus
987 3115 1080 3193 peter
1095 3109 1223 3174 Ricardi
1278 3122 1344 3164 Buek

136 3210 188 3276 fuit
205 3214 335 3279 seisitus
352 3213 388 3277 in
410 3211 569 3277 dominico
589 3233 647 3276 suo
671 3219 710 3276 ub
732 3210 773 3276 de
797 3213 890 3276 feodo
915 3212 955 3278 de
975 3213 1030 3298 xij.
1053 3235 1113 3278 aer.
1137 3223 1223 3280 terre

135 3336 197 3378 cum
220 3326 300 3402 pem
328 3317 363 3380 in
386 3317 493 3380 Etone
514 3323 573 3380 ete.
600 3313 652 3378 die
675 3322 735 3379 etc.
762 3322 797 3378 et
825 3314 853 3380 ei
883 3321 952 3393 ete,
976 3337 1073 3401 quem
1102 3325 1221 3382 terrem

135 3413 280 3484 bobertus
309 3419 428 3484 Ruffus
457 3427 492 3484 et
514 3417 672 3482 Amabilis
695 3439 775 3482 uxor
800 3417 870 3482 eius
893 3425 927 3482 et
951 3419 1110 3484 Henricus
1136 3420 1221 3486 filius

136 3518 222 3604 ipsine
240 3524 400 3588 Amabilie
420 3531 541 3588 tenent.
588 3521 653 3602 Qui
674 3521 813 3588 ueniunt
833 3531 866 3586 et
887 3522 1048 3588 Roberbus
1067 3533 1102 3588 eb
1121 3525 1220 3590 Ame-

136 3622 198 3692 bilis
219 3627 331 3693 dicunt
351 3627 437 3714 quod
456 3627 519 3714 ipsi
541 3635 656 3692 tenent
680 3635 798 3692 terrem
819 3627 909 3692 illam
933 3637 971 3692 ut
990 3628 1099 3694 dotem
1119 3630 1220 3715 ipsius

134 3728 288 3809 Amabilie,
303 3739 337 3796 et
352 3731 515 3796 Hernicus
528 3731 612 3794 infra
626 3737 749 3794 etatem
764 3737 822 3806 est,
838 3738 872 3794 eb
891 3729 1005 3795 dicunt
1020 3731 1105 3817 quod
1122 3734 1220 3799 assisa

135 3853 189 3896 non
201 3833 296 3899 debet
310 3835 386 3900 inde
399 3834 477 3912 fieri,
489 3833 566 3920 quia
579 3841 666 3898 terre
679 3833 736 3898 ille
750 3833 827 3898 deta
838 3834 901 3898 fuit
916 3834 1068 3920 predictis
1082 3835 1219 3903 Ricardo

160 4015 169 4048 ¹
184 4019 210 4068 in
220 4019 347 4070 Karbton’
359 4018 441 4070 added
452 4019 480 4068 in
489 4018 533 4069 the
541 4017 642 4082 margin
694 4020 734 4069 ior
751 4020 796 4070 the
814 4019 878 4071 land
894 4021 918 4071 ie
935 4022 1023 4074 mine)
1057 4022 1112 4074 Tne
1131 4023 1218 4074 aetion

134 4079 164 4142 by
172 4084 275 4134 another
286 4084 368 4146 bend3
385 4085 459 4135 these
467 4085 549 4134 words
560 4099 604 4134 ere
614 4085 643 4133 in
693 4085 759 4137 mile.

134 4145 248 4198 Bandc.
725 4149 830 4200 ”eidem
841 4153 960 4215 Rarum,
972 4156 1019 4203 not
1028 4155 1071 4216 eis,
1084 4154 1115 4212 Β,
1128 4153 1156 4202 0.

162 4213 172 4244 ¹
185 4213 302 4272 Bructeri,
311 4214 329 4264 f.
341 4217 388 4266 225
399 4215 424 4276 b,
437 4213 502 4264 eitee
512 4213 566 4264 this
574 4229 641 4264 eeee.
725 4215 764 4248 Η
781 4216 832 4266 Sie.

135 4275 182 4326 'Ibe
191 4279 339 4330 defendente
349 4279 483 4342 including
492 4280 577 4342 Rnlph
584 4279 641 4329 Fitz
724 4281 735 4313 ⁸
752 4281 807 4330 The
817 4279 1012 4334 oodefendente
1023 4283 1052 4333 οἰ
1061 4283 1146 4348 Relpb
1158 4283 1216 4334 Fitz

135 4339 199 4391 Peter
208 4344 271 4394 heve
286 4349 313 4394 to
329 4361 426 4396 mewer
442 4345 476 4408 by
487 4345 557 4394 what
573 4344 642 4406 right
693 4345 776 4396 Peter.

135 4405 266 4478 §hereum
273 4425 398 4460 eommon.
426 4409 642 4473 Belpb'eenewer
727 4411 788 4460 ‘sit
799 4411 924 4474 repented¹

137 4471 187 4520 ¹³⁶1
197 4474 270 4523 elsim
281 4489 315 4524 no
325 4491 442 4526 mmmon
454 4475 482 4526 in
500 4475 553 4525 this
570 4473 641 4532 land,
726 4475 737 4510 ⁷
752 4477 783 4530 B.
797 4492 831 4526 m.
845 4478 889 4536 103
908 4477 936 4528 0.
948 4492 984 4528 m.
997 4477 1037 4528 12.

1025 4581 1130 4642 18-2
