3308 5226
429 414 869 493 montanismum,
892 417 1072 484 16ῑ,-6-9.
1240 415 1304 486 701

196 599 489 669 de'Scaudefordia
507 602 652 668 Johanni
672 602 712 668 (16
733 603 958 681 Geudefordia,
972 603 1087 669 dicunt
1106 603 1202 690 qu'od·
1213 605 1306 670 Dom.

196 706 268 772 Rex
283 705 447 772 Ricardus
484 706 614 787 Quesiti
628 707 731 772 eciam
742 707 770 772 si
780 716 996 773 antecessores
1007 709 1139 774 Radulfi
1152 731 1307 797 umquam

194 809 357 876 dederunt
376 809 544 876 ecclesiam
564 809 605 874 (16
626 809 862 889 Scaudesordia
878 810 992 876 dicunt
1013 811 1100 898 quod
1122 835 1187 877 non
1208 813 1308 877 immo

195 936 324 1001 semper
337 922 553 980 antecessores
568 915 660 980 Dom.
676 914 784 1002 Regis
1191 921 1194 928 '

200 1057 203 1068 ‹
263 1017 308 1082 Et
322 1016 400 1103 quia
416 1016 582 1102 predictus
603 1017 766 1082 Henricus
785 1038 850 1082 non
870 1017 935 1082 fuit
953 1026 1159 1104 presentatus
1177 1019 1220 1084 ab
1239 1019 1310 1106 ipsa

196 1121 360 1187 Beatricia
380 1121 436 1188 uel
457 1121 598 1186 deulfo
623 1120 664 1186 de
688 1121 758 1208 Fay
782 1122 837 1186 uel
863 1122 1119 1188 antecessoribus
1144 1123 1211 1188 suis
1235 1146 1309 1188 con·

196 1225 375 1292 sideratum
389 1233 440 1290 est
458 1225 545 1312 quod
566 1225 729 1290 Beatricia
747 1224 849 1290 nichil
868 1225 977 1312 capiat
996 1247 1056 1312 per
1074 1226 1157 1292 hanc
1177 1225 1309 1292 assisam

197 1339 233 1397 61
246 1331 291 1397 sit
304 1331 341 1396 in
361 1331 579 1397 misericordia
597 1353 655 1417 pro
675 1331 755 1396 falso
775 1330 913 1396 clamore
934 1331 969 1396 et
988 1331 1082 1396 Dom.
1099 1332 1170 1396 Rex
1190 1331 1310 1398 habeat

197 1433 349 1500 seisinam
362 1455 456 1500 suam
469 1432 510 1498 de
525 1431 738 1498 aduocacione
753 1433 842 1498 illius
856 1433 979 1519 capelle
995 1441 1054 1500 etc

264 1537 309 1602 Et
331 1536 498 1603 Johannes
524 1535 564 1602 de
591 1537 623 1601 la
646 1538 753 1602 Herce
776 1537 993 1602 summonitus
1019 1539 1083 1623 quo
1109 1538 1251 1602 waranto
1275 1559 1309 1602 ee

198 1647 291 1706 tenet
312 1640 347 1705 in
369 1639 504 1706 ecclesia
529 1639 570 1704 de
598 1639 835 1719 Scaudefcrdia,
858 1641 952 1706 uenit
978 1648 1013 1706 et
1029 1640 1119 1706 ¹dicit
1144 1641 1230 1728 qu'od
1253 1665 1311 1728 per

198 1742 376 1812 Radulfum
400 1743 431 1808 16
455 1743 525 1828 Fay
546 1743 604 1829 qui
622 1743 713 1807 illam
733 1743 765 1808 ei
784 1743 925 1807 contulit
945 1751 1091 1828 tempore
1114 1743 1173 1808 Th’
1189 1743 1309 1810 Veire¹.

199 1846 244 1910 Et
269 1845 347 1931 quia
370 1845 574 1932 recognitum
599 1853 650 1910 est
675 1867 734 1931 per
754 1845 934 1932 predictam
956 1846 1089 1911 assisam
1111 1846 1197 1932 quod
1218 1849 1311 1912 ante·

198 1971 336 2014 cessores
366 1948 460 2014 Dom.
486 1948 587 2035 Regis
615 1969 743 2035 semper
771 1947 931 2014 dederunt
959 1949 1050 2014 illam
1080 1949 1260 2014 ecclesiam
1276 1953 1311 2014 et

198 2073 377 2138 numquam
391 2050 552 2116 Radulfus
562 2051 603 2116 (16
614 2051 684 2137 Tay
694 2051 748 2116 uel
759 2059 975 2117 antecessores
986 2051 1037 2116 sui
1048 2051 1139 2116 illam
1150 2052 1312 2120 dederunt

198 2155 262 2220 nisi
283 2163 429 2242 tempore
454 2177 569 2242 guerre
593 2154 831 2220 consideratum
858 2161 908 2220 est
933 2154 1020 2242 quod
1048 2155 1143 2222 Dom.
1166 2156 1238 2220 Rex
1261 2178 1311 2220 re-

199 2260 369 2346 cuperauit
390 2259 542 2326 seisinam
563 2259 605 2332 de
626 2259 684 2326 illa
704 2258 918 2325 aduocaoione
941 2266 1000 2323 etc
1022 2257 1120 2324 simul
1142 2281 1217 2324 cum
1238 2281 1310 2346 pre-

199 2363 287 2429 dicta
301 2363 425 2449 capella
439 2370 473 2428 et
488 2362 560 2431 aliis
575 2371 635 2428 etc.
654 2360 660 2448 Ι

203 2515 205 2520 -
263 2465 422 2532 'Thomas
459 2465 579 2531 Tuscat
616 2465 835 2531 summonitus
871 2466 936 2531 fuit
972 2465 1014 2532 ad
1050 2465 1310 2552 respondendum
1389 2543 1401 2574 ο
1434 2525 1437 2534 ,

199 2569 324 2636 Abbati
351 2569 392 2634 de
421 2570 569 2634 Burtona
591 2591 655 2660 quo
676 2569 747 2634 iura
769 2575 974 2635 communem
997 2569 1101 2657 exigit
1121 2579 1253 2656 pasture
1275 2570 1311 2636 in
1371 2605 1380 2612 υ
1395 2543 1412 2616 ·¹

199 2680 287 2742 terra
306 2673 409 2760 ipsius
430 2671 548 2736 Prioris
563 2671 598 2736 in
614 2671 701 2737 Oure
716 2671 843 2737 desicut
857 2671 945 2737 idem
960 2672 1071 2742 Abbas
1086 2673 1210 2738 nullam
1224 2695 1311 2738 com-

199 2787 334 2842 munem
349 2775 449 2842 habet
463 2776 499 2842 in
514 2784 602 2843 terra
612 2775 718 2862 ipsius
732 2777 855 2842 Tbome
870 2783 931 2842 etc.
945 2799 1006 2842 nec
1020 2777 1194 2842 seruicium
1210 2785 1270 2842 etc.

202 2931 205 2936 .
265 2883 309 2946 Ε1
324 2881 463 2946 Thomas
477 2881 571 2946 uenit
585 2887 619 2946 et
633 2880 714 2948 dicit
729 2881 815 2967 quod
829 2882 953 2948 nullam
967 2903 1171 2946 communem
1191 2882 1311 2949 clamat

199 2985 235 3052 in
264 2986 363 3063 Oure‚
391 2993 442 3051 set
471 3009 587 3052 uerum
620 2985 695 3050 uult
723 2985 839 3051 dicere.¹
898 2985 995 3053 Certe
1024 2985 1129 3053 diuise
1159 2992 1194 3050 et
1222 2992 1311 3053 mete

199 3087 408 3154 continentur
430 3087 518 3152 inter
540 3095 662 3152 terram
687 3087 806 3152 Prioris
831 3083 872 3154 (16
900 3086 988 3153 Oure
1005 3094 1045 3153 ,61
1067 3096 1186 3159 terram
1208 3087 1310 3173 ipsius

201 3192 327 3258 Thome
342 3190 397 3265 Ι(16
427 3189 641 3256 Merkwrthe⁸
670 3199 705 3258 et
733 3191 889 3278 quamdiu
918 3190 1043 3276 placuit
1072 3189 1178 3256 eidem
1208 3190 1311 3256 Priori

201 3297 320 3362 habere
335 3296 474 3362 assiam*
488 3297 523 3361 in
543 3305 630 3362 terra
649 3296 751 3382 ipsius
771 3295 894 3363 Thome
917 3295 952 3360 in
974 3294 1172 3362 Mark'wrthe
1194 3294 1310 3360 habuit

201 3399 270 3485 ipse
292 3397 432 3464 Thomas
454 3398 590 3464 aeeiam⁵
611 3397 646 3464 in
669 3405 757 3464 terra
779 3397 881 3484 ipsius
903 3396 1022 3464 Prioris
1043 3396 1083 3462 de
1107 3397 1204 3475 Oure,
1226 3397 1310 3462 etsi

201 3501 293 3566 Prior
307 3500 381 3566 uult
396 3499 586 3565 subtrahere
602 3522 636 3565 66
651 3499 720 3585 ipse
735 3499 875 3564 libenter
889 3499 1060 3565 subtrahet
1075 3521 1118 3577 se,
1133 3507 1184 3566 set
1197 3521 1311 3564 reuera

201 3603 242 3669 de
257 3602 397 3690 quadam
411 3602 527 3689 graua⁸
548 3625 612 3688 que
632 3611 769 3668 uocatur
787 3602 847 3668 616τ
866 3625 965 3689 quam
984 3602 1072 3668 idem
1093 3601 1183 3666 Prior
1202 3603 1311 3688 posuit

200 3707 236 3774 in
266 3706 340 3772 uisu
371 3729 430 3771 suo
459 3705 539 3771 dicit
568 3705 655 3792 quod
684 3706 842 3772 medietas
870 3707 959 3771 illius
987 3727 1087 3793 graue
1117 3715 1251 3772 suaest
1276 3715 1311 3773 61

200 3807 369 3873 hominum
389 3807 565 3875 liberorum
585 3831 717 3874 suorum
738 3817 772 3876 et
791 3808 958 3874 residuum
977 3817 1028 3874 est
1048 3809 1150 3894 ipsius
1170 3809 1311 3876 Abbatis

201 3918 236 3976 et
264 3910 351 3976 idem
381 3910 494 3976 Abbas
525 3911 631 3976 uoluit
660 3911 825 3977 attrahere
850 3912 912 3977 sibi
935 3919 1040 3977 totam
1062 3933 1197 3998 grauem
1220 3912 1310 3978 illam

200 4012 332 4092 iniuste,
354 4021 405 4078 set
428 4013 457 4078 si
479 4012 591 4078 Abbas
615 4013 689 4078 uult
714 4021 826 4080 tenere
849 4037 883 4080 66
907 4013 949 4079 6(1
971 4021 1098 4100 portem
1123 4036 1216 4080 suam
1241 4015 1310 4101 ipse

201 4117 342 4182 Thomas
356 4115 496 4181 libenter
508 4138 543 4182 66
558 4116 685 4182 tenebit
699 4117 849 4195 adanam
863 4117 933 4182 eine
948 4139 1120 4182 commune
1133 4125 1193 4184 etc

235 4261 644 4377 litlil‘f'ffli‘B'
813 4261 1177 4378 :mittit-mh

233 4391 246 4472 ‚⁸
262 4391 318 4442 The
328 4391 415 4454 places
427 4405 496 4444 seem
508 4391 666 4445 Maehworth
679 4392 730 4442 and
813 4393 824 4424 ⁸
840 4393 958 4454 Agreus.
1238 4451 1242 4462 1

203 4457 364 4510 Mrohlecver.
398 4495 401 4502 .
812 4457 1130 4520 ⁷uocarurst0ro9raue,
1144 4459 1174 4518 A,
1187 4459 1217 4508 B.
