3196 5226
360 419 404 482 98
550 432 681 482 nrmnr
703 432 777 480 nnn
799 432 935 494 nnsrnn,
958 433 1023 484 an.
1048 420 1140 494 1220,
1162 435 1225 484 nn.
1250 424 1277 483 4.

359 603 447 670 idem
476 604 589 671 Abbas
618 612 703 670 esset
732 604 870 692 perdens
898 604 942 672 de
957 605 1104 688 ‚seruicio
1133 629 1192 672 suo
1221 616 1256 672 et
1284 606 1325 672 de
1363 605 1478 680 feodo,

360 707 607 774 consideratum
627 708 778 794 estquod
797 708 871 772 finis
890 707 1056 794 predictus
1076 718 1219 774 cassetur
1239 719 1273 774 et
1287 709 1375 796 quod
1398 709 1477 795 ipse

358 807 399 872 de
425 816 531 872 cetero
555 807 652 872 faciat
681 807 722 872 de
751 807 843 874 feodo
873 808 959 894 quod
988 808 1051 894 ipsi
1072 817 1258 884 ¹tenuerunt
1286 808 1477 896 placitum¹

358 933 463 990 suum,
489 919 523 976 et
552 911 615 998 ipsi
637 911 702 976 sint
724 912 759 976 in
781 912 998 978 misericordia
1019 920 1054 976 et
1077 913 1190 978 Simon
1211 913 1353 978 reddidit
1376 934 1478 998 cyro·

357 1013 481 1100 grapho
506 1036 565 1078 sua
590 1014 710 1100 stipsi
739 1014 861 1080 habent
890 1015 977 1080 diem
1006 1014 1162 1080 reddendi
1191 1015 1382 1102 cirographo
1409 1037 1478 1080 sua

356 1113 444 1180 adis
461 1115 494 1181 S.
510 1115 619 1180 Mich'
634 1124 693 1180 etc.

233 1234 304 1296 108,
422 1220 573 1286 'Roeisia
597 1243 661 1308 que
685 1221 749 1286 fuit
771 1244 852 1286 uxor
874 1223 996 1288 Thome
1018 1222 1059 1288 de
1082 1221 1262 1288 Erdintona
1282 1245 1340 1308 per
1362 1230 1477 1287 attor-

233 1331 306 1372 nux.
358 1330 472 1402 natum
488 1345 586 1400 suum
598 1323 684 1410 petit
701 1346 814 1388 uersus
836 1323 998 1390 Comitem
1013 1325 1215 1390 Willelmum
1237 1325 1475 1388 Marescallum

357 1423 491 1488 terciam
517 1433 644 1510 partem
673 1424 770 1488 unius
799 1433 948 1490 caruoate
977 1435 1062 1490 terre
1091 1449 1165 1491 cum
1195 1426 1406 1512 pertinenciis
1435 1427 1474 1490 in

358 1528 516 1594 Burstede
532 1537 571 1593 ut
585 1528 695 1593 dotem
710 1551 802 1594 snam
818 1537 877 1594 etc.
894 1528 980 1594 unde
995 1529 1160 1616 predictus
1174 1531 1314 1595 Thomas
1328 1539 1390 1595 etc

423 1633 467 1698 Et
489 1632 605 1698 Comes
626 1631 720 1696 uenit
741 1641 776 1698 et
798 1633 877 1698 dicit
899 1634 985 1720 quod
1006 1657 1071 1698 non
1093 1635 1192 1700 dehet
1215 1635 1256 1700 ed
1280 1636 1339 1702 hoc
1362 1635 1472 1700 breue

194 1747 345 1834 mam·
357 1735 547 1822 respondere
563 1737 640 1824 quia
653 1737 753 1802 breue
768 1737 848 1804 dicit
863 1738 904 1804 de
922 1747 1110 1804 tenemento
1129 1739 1216 1804 unde
1238 1740 1338 1804 nichil
1361 1740 1472 1804 habet

194 1839 327 1891 qu⁰d¹²¹⁰¹¹st
357 1847 392 1904 et
406 1839 476 1926 ipsa
490 1839 590 1905 hahet
605 1839 714 1905 dotem
729 1841 899 1926 presertim
914 1841 949 1906 in
965 1841 1152 1921 Erdintona,
1167 1851 1201 1907 et
1221 1843 1346 1908 desicut
1361 1843 1471 1908 breue

356 1941 436 2008 dicit
465 1943 552 2030 quod
581 1943 680 2010 nichil
711 1944 811 2010 habet
840 1967 905 2012 non
934 1945 1009 2010 uult
1034 1945 1161 2010 adhoc
1186 1947 1285 2012 breue
1312 1955 1373 2012 etc
1399 1948 1471 2012 nisi

357 2046 446 2112 curia
460 2055 520 2112 etc.

192 2165 237 2260 ll*
265 2165 311 2205 ³¹¹0
421 2153 466 2217 Et
481 2152 610 2218 Roeisia
624 2153 717 2218 uenit
732 2161 767 2218 et
781 2153 927 2218 defendit
938 2154 1024 2240 quod
1039 2155 1162 2219 nullam
1179 2163 1298 2220 terram
1313 2154 1420 2234 habet⁸
1430 2155 1469 2220 in

192 2212 341 2344 fflffissl
356 2257 474 2334 dotem,
486 2265 536 2322 set
552 2280 665 2322 reuera
679 2257 809 2344 quando
824 2259 1031 2324 Marescallus
1046 2259 1163 2324 habuit
1178 2260 1358 2324 custodiam
1374 2269 1467 2326 terre

193 2351 343 2446 gfflffi
357 2382 419 2446 que
443 2359 506 2433 fuit
532 2359 654 2424 domini
677 2361 728 2426 sui
751 2360 820 2446 ipsc
847 2361 923 2426 fecit
949 2361 981 2426 ei
1004 2362 1113 2426 dotem
1137 2362 1171 2426 in
1198 2361 1386 2440 Erdintono,
1410 2371 1468 2427 set

192 2447 309 2530 {illm
356 2464 489 2550 quando.
514 2465 606 2529 heres
634 2463 757 2528 domini
786 2464 837 2530 sui
866 2465 1071 2552 recuperauit
1104 2475 1223 2531 terram
1260 2489 1353 2532 suam
1390 2467 1466 2552 ipse

193 2541 296 2624 Ἧι
357 2566 532 2634 disseisiuit
558 2589 628 2631 eam
653 2567 701 2631 ita
724 2567 810 2654 qnod
833 2567 933 2632 nichil
956 2567 1056 2633 habet
1079 2576 1114 2634 et
1137 2568 1210 2633 ideo
1238 2569 1324 2654 petit
1349 2568 1466 2635 dotem

356 2693 457 2737 suam.

421 2775 466 2838 Et
496 2773 702 2838 Marescallus
731 2773 811 2839 dicit
840 2774 927 2860 quod
957 2774 1140 2850 Willclmus
1167 2773 1300 2840 Crassus
1326 2775 1404 2839 fecit
1432 2776 1466 2840 ei

356 2877 506 2943 saisinam
521 2877 561 2942 de
577 2877 652 2942 dote
667 2900 734 2954 sua,
749 2886 784 2942 et
799 2877 834 2942 in
848 2877 966 2942 seisina
980 2877 1052 2955 fuit,
1067 2879 1145 2942 etsi
1164 2886 1276 2964 postea
1291 2879 1369 2942 fecit
1384 2879 1464 2944 inde

356 2981 561 3046 uoluntatem
582 3003 675 3046 suam
697 2981 830 3045 uidetur
852 2981 884 3045 ei
903 2980 989 3067 quod
1010 2981 1069 3046 hoc
1092 3004 1156 3046 non
1171 2982 1269 3046 debet
1292 2983 1323 3046 ei
1346 3007 1464 3048 nocere

355 3072 396 3150 ad
412 3085 677 3172 respondendum.

422 3191 465 3256 Et
491 3200 565 3278 post
591 3191 684 3256 uenit
708 3190 841 3256 Roeisia
864 3199 899 3256 et
922 3189 1008 3276 petit
1033 3189 1200 3254 licenciam
1225 3189 1396 3255 recedendi
1418 3191 1462 3256 de

355 3295 449 3360 breui
464 3305 497 3360 ct
513 3296 613 3361 habet
628 3305 663 3361 et
678 3295 751 3360 ideo
767 3295 974 3360 Marescallus
989 3295 1058 3359 sine
1072 3294 1134 3362 die.

420 3399 551 3464 ⁴Assiso
571 3400 662 3464 uenit
683 3397 888 3485 recognitum
910 3397 982 3483 quis
1004 3397 1181 3463 aduocatus
1204 3407 1348 3484 tempore
1371 3401 1463 3486 pacis

293 3535 298 3547 ·
355 3503 557 3588 presentauit
572 3502 721 3568 ultimam
736 3523 907 3588 porsonam
922 3523 985 3586 que
1008 3511 1138 3566 mortua
1158 3509 1208 3566 est
1228 3501 1270 3566 ad
1290 3503 1459 3568 ecclesiam

355 3605 396 3670 de
419 3606 565 3683 Pultona‚
584 3628 646 3691 que
670 3614 766 3670 uacat
787 3613 845 3670 etc
869 3605 961 3670 cuius
983 3604 1229 3670 aduocaoionem
1252 3605 1462 3672 Wenteliena

356 3710 396 3775 de
426 3711 592 3776 Boullers⁶
621 3711 741 3774 clamat
770 3732 883 3776 uersus
912 3709 1077 3774 Abbatem
1106 3709 1147 3773 de
1178 3709 1377 3788 Lilleshulla,
1402 3713 1462 3797 qni

206 3787 230 3864 r·
251 3790 265 3818 η
304 3791 325 3820 ⁰*
356 3814 448 3878 uenit
463 3837 521 3899 per
542 3821 743 3878 attornatum
765 3835 861 3878 suum
884 3822 918 3878 et
940 3813 1021 3878 dicit
1043 3812 1129 3899 quod
1151 3812 1251 3876 assisa
1272 3834 1338 3876 non
1360 3814 1461 3879 debet

355 3915 431 3981 inde
457 3917 535 3994 fieri,
559 3917 636 4003 quia
658 3917 741 3980 bene
765 3917 927 4003 cognoscit
952 3915 1044 4002 quod
1062 3915 1225 3980 Robertus
1246 3915 1287 4004 de
1312 3917 1461 3982 Boullers

355 4021 556 4104 presentauit
574 4021 725 4084 ultimam
747 4042 915 4106 personam
934 4029 994 4084 etc.
1016 4029 1050 4084 et
1072 4020 1158 4084 idem
1182 4019 1345 4085 Robertus
1367 4021 1461 4088 dedit

355 4133 428 4210 post
442 4125 717 4210 presentacionem
733 4147 824 4188 snam
840 4124 944 4188 eidem
960 4123 1084 4188 Abbati
1102 4133 1137 4188 et
1158 4123 1289 4188 ecclesie
1306 4125 1337 4189 S.
1355 4125 1460 4191 Maris

387 4301 395 4334 ¹
410 4305 534 4366 placitum
545 4303 574 4362 A,
587 4305 739 4354 uoluntatem
750 4304 780 4352 Β.
961 4303 972 4334 ⁴
989 4303 1019 4351 A.
1032 4317 1068 4352 m.
1080 4305 1127 4360 283
1145 4303 1176 4352 B.
1185 4317 1220 4352 m.
1235 4304 1265 4352 18
1276 4302 1306 4352 ἃ.

385 4367 693 4492 :trahit
961 4371 1085 4429 ⁶¹³“‘“'’
1100 4369 1129 4418 Β·
