3314 5238
226 637 298 701 593.

236 737 288 777 Μ.

351 435 414 498 458
647 447 799 509 rnnurr,
822 447 886 497 nn.
912 435 1005 511 1231,
1028 449 1092 500 na
1118 439 1166 500 15.

416 622 618 688 ¹Willclmus
648 621 764 687 Russel
793 624 1011 690 summonitus
1040 623 1082 690 ad
1112 625 1369 713 cognoscendum
1400 647 1459 711 por

349 727 435 814 quod
457 726 630 793 seruicium
656 725 764 792 tenuit
794 733 1019 793 tenementum
1049 751 1145 794 suum
1174 729 1215 795 de
1246 729 1386 795 Radulfo
1416 729 1457 794 de

349 830 502 896 Pesehale
518 829 604 916 quod
624 831 733 896 tenuit
749 839 786 895 ut
802 831 967 918 pertinens
987 832 1029 898 ad
1047 833 1228 898 manerium
1243 833 1284 899 de
1300 833 1456 898 Pesehale

348 941 383 998 et
403 941 562 1020 quantum
583 941 676 997 tenet
696 932 789 998 uenit
807 941 842 998 et
865 934 946 1000 dicit
970 936 1056 1021 quod
1074 943 1167 1001 tenet
1191 936 1320 1001 feodum
1342 936 1455 1001 dimid

348 1034 463 1098 militis
482 1035 517 1099 in
534 1034 743 1100 Fauconham
759 1036 845 1122 quod
860 1037 1004 1123 pertinet
1019 1038 1060 1104 ad
1075 1039 1258 1125 predictum
1273 1039 1455 1104 manerium

347 1137 388 1204 de
404 1139 566 1205 Pesehale.

412 1243 456 1307 Et
472 1243 634 1308 Robertus
649 1243 752 1307 Malot
767 1249 859 1308 tenet
874 1243 1002 1310 circiter
1016 1246 1056 1311 ix.
1072 1269 1133 1311 aer.
1150 1254 1235 1312 terre
1256 1247 1291 1312 in
1307 1247 1455 1332 Walepol

347 1345 510 1411 reddendo
525 1346 600 1412 inde
616 1347 655 1432 vj.
672 1347 726 1412 sol.
740 1369 797 1432 per
811 1369 884 1412 ann.
897 1357 932 1413 et
946 1357 1095 1434 preterea
1109 1350 1151 1414 ad
1166 1351 1344 1416 exercitum
1360 1351 1454 1415 Dom.

347 1451 447 1538 Regis
462 1449 504 1514 ed
519 1457 647 1515 scutum
663 1473 714 1514 xx.
730 1450 784 1514 soi
801 1451 843 1536 tj.
858 1450 930 1517 den
940 1449 951 1482 ¹
962 1459 996 1516 et
1011 1451 1053 1516 ed
1068 1452 1142 1538 plus
1156 1453 1231 1538 plus
1240 1461 1274 1518 et
1289 1453 1330 1518 sd
1346 1453 1455 1517 minus

347 1576 462 1618 minua

413 1657 456 1722 Et
478 1656 609 1720 Hamon
629 1653 715 1718 filins
738 1654 876 1719 Ordmer
898 1663 988 1720 tenet
1009 1678 1036 1720 v.
1052 1677 1114 1722 aer.
1129 1663 1215 1722 terre
1233 1665 1268 1722 et
1288 1657 1363 1721 dim.
1379 1679 1455 1721 cnm

346 1769 428 1848 pert.
455 1761 490 1824 in
513 1759 667 1824 Pesehale
691 1757 855 1823 reddendo
880 1757 956 1823 inde
982 1781 1041 1845 per
1063 1782 1136 1825 ann.
1160 1761 1237 1846 xxij.
1259 1759 1331 1825 den.
1356 1760 1457 1826 etad

347 1873 476 1930 scutum
487 1863 511 1950 j
527 1885 624 1929 marc.
635 1863 658 1948 j.
675 1863 748 1928 den.
765 1861 855 1927 etad
870 1863 944 1948 plus
958 1863 1032 1948 plus
1047 1871 1106 1929 etc.

412 1970 456 2033 Et
481 1969 580 2054 Hugo
599 1967 640 2032 de
660 1968 692 2032 le
711 1967 889 2054 Ohaunge'
905 1975 997 2032 tenet
1019 1968 1147 2034 circiter
1168 1969 1201 2056 ij.
1216 1991 1277 2036 scr.
1290 1977 1325 2034 et
1347 1969 1456 2035 reddit

346 2073 422 2140 inde
438 2095 498 2159 per
512 2095 585 2136 ann.
601 2072 659 2158 iiij.
675 2072 746 2136 den.
762 2093 820 2158 pro
835 2071 923 2136 omni
939 2072 1083 2138 scruioio.

411 2179 455 2242 Et
478 2177 637 2242 Radulfus
659 2177 790 2262 Dereby
809 2183 901 2241 tenet
923 2175 964 2261 vj.
985 2198 1045 2240 sor.
1067 2199 1125 2262 pro
1147 2176 1204 2262 iiij.
1225 2177 1279 2243 eol.
1302 2199 1360 2262 per
1381 2199 1455 2242 ann.

346 2291 381 2348 et
396 2281 437 2347 ad
453 2281 620 2368 quodlibet
636 2279 819 2367 scutagium
835 2279 876 2365 vj.
892 2279 964 2344 den.
979 2279 1007 2344 si
1022 2281 1121 2345 fixerit
1137 2281 1242 2346 maius
1258 2282 1311 2346 uel
1327 2281 1446 2347 minus.

412 2386 455 2450 Et
471 2384 593 2450 Cecilis
607 2383 647 2448 de
663 2382 855 2448 Herefordia
869 2381 962 2447 uenit
977 2389 1012 2446 et
1026 2381 1205 2468 dicitquod
1220 2391 1312 2448 tenet
1323 2383 1456 2448 feodum

346 2491 421 2556 dim.
438 2488 551 2554 militis
566 2495 601 2553 et
615 2486 722 2551 reddit
737 2487 778 2551 de
794 2486 939 2574 scutagio
954 2484 996 2550 ad
1014 2493 1144 2551 scutum
1165 2509 1215 2550 xx.
1232 2487 1287 2554 sol.
1303 2510 1333 2553 x.
1349 2487 1405 2554 sot
1422 2494 1458 2551 et

346 2596 388 2661 ad
403 2595 476 2682 plus
491 2593 564 2679 plus
580 2599 613 2656 et
628 2591 670 2656 ad
684 2591 793 2655 minus
809 2591 925 2656 minus.

289 2751 295 2764 .
411 2696 596 2762 ⁴Galfridus
617 2695 658 2760 de
682 2695 842 2782 symilly⁶
864 2694 1081 2760 summonitus
1097 2694 1161 2758 fuit
1183 2693 1225 2758 ed
1244 2696 1455 2760 warentizan-

287 2831 293 2842 ·
346 2803 425 2868 dum
449 2803 550 2868 Elene
577 2801 729 2866 Priorisse
751 2800 792 2865 de
815 2800 1043 2865 Wrockeshale
1061 2800 1086 2886 j.
1109 2799 1189 2886 uirg.
1213 2807 1298 2864 terre
1321 2809 1356 2865 et
1378 2801 1458 2867 dim.

346 2931 421 2974 cum
441 2915 521 2994 pert.
542 2907 577 2971 in
596 2905 792 2970 Radefordia
814 2927 893 2991 quas
916 2913 1008 2970 tenet
1030 2905 1125 2970 etde
1145 2927 1184 2970 eo
1204 2913 1315 2969 tenere
1335 2907 1458 2970 clamat

346 3020 381 3077 et
403 3012 490 3076 unde
516 3017 638 3075 certam
660 3009 819 3074 Willelmi
841 3009 881 3074 de
907 3009 1046 3095 Symilly
1065 3009 1168 3095 patris
1191 3009 1292 3095 ipsius
1316 3009 1458 3075 Galfridi

346 3115 437 3181 cuius
461 3115 554 3179 heres
575 3114 643 3199 ipse
668 3121 718 3178 est
743 3112 844 3178 habet
869 3120 939 3189 etc,
963 3119 998 3177 et
1024 3111 1110 3176 unde
1133 3113 1280 3197 predicta
1301 3113 1459 3176 Prior-issa

345 3219 494 3304 queritur
513 3219 608 3308 ¹quod
637 3217 801 3304 predictus
832 3215 995 3282 Galfridus
1024 3215 1196 3301 inplacitat
1225 3216 1260 3280 in
1296 3216 1455 3281 comitatu

346 3323 507 3409 quendem
529 3323 695 3388 Simonem
716 3321 756 3386 de
772 3319 967 3387 Radefordie
988 3327 1156 3384 tenentem
1179 3319 1281 3406 ipsius
1301 3321 1457 3386 Priorisse

346 3435 380 3492 et
403 3425 506 3512 exigit
531 3425 573 3490 ab
597 3447 635 3490 eo
660 3425 798 3490 seruicia
820 3432 855 3489 et
878 3423 1127 3489 consuetudines
1153 3445 1234 3510 quas
1260 3423 1364 3488 facere
1390 3447 1456 3488 non

345 3529 444 3594 debet
464 3529 589 3594 desiout
609 3539 696 3594 terra
710 3530 768 3594 illa
787 3529 865 3593 data
880 3528 943 3593 fuit
963 3527 1069 3592 eidem
1090 3527 1243 3592 Priorissc
1263 3527 1298 3591 in
1319 3527 1454 3592 liberam

345 3653 460 3718 puram
487 3639 521 3696 et
547 3639 739 3718 perpetuam
766 3631 974 3695 elemosinam
1001 3629 1114 3715 quieta
1136 3629 1178 3694 ab
1205 3629 1293 3693 omni
1318 3630 1457 3694 seculari

345 3735 481 3799 seruicio
511 3743 544 3798 et
574 3733 743 3798 exaccione
774 3740 808 3797 et
834 3755 892 3818 per
918 3739 1040 3796 certam
1066 3731 1205 3817 predicti
1231 3731 1388 3796 Willelmi
1414 3732 1455 3797 dc

345 3837 588 3902 confirmacione
609 3859 705 3922 quam
730 3835 802 3922 ipsa
823 3837 945 3921 profert
969 3843 1003 3898 et
1029 3857 1092 3920 que
1119 3834 1179 3898 hoc
1203 3841 1345 3898 testatur
1367 3836 1456 3900 unde

346 3940 541 4006 deteriorata
559 3947 609 4003 est
629 3947 689 4004 eto.
708 3947 742 4004 et
761 3939 836 4004 inde
856 3939 1005 4024 producit
1027 3947 1158 4018 sectam,
1179 3937 1183 4023 Ι
1202 3939 1346 4004 scilicet⁶
1368 3940 1455 4026 qnod

346 4043 501 4109 concessit
521 4050 556 4107 et
575 4042 781 4107 confirmauit
802 4043 846 4127 [ei
866 4066 924 4129 pro
942 4043 967 4128 j.
982 4043 1066 4107 libra
1082 4042 1204 4128 piperis
1218 4041 1384 4108 reddenda
1398 4065 1457 4130 per

378 4224 387 4256 ¹
404 4223 434 4272 B.
446 4237 482 4271 m.
496 4222 534 4274 10.
572 4222 618 4272 See
630 4221 711 4272 above
723 4222 787 4272 Osse
799 4223 855 4272 533.
956 4223 967 4256 ⁸
984 4225 1085 4290 sinay,
1099 4223 1131 4273 B.

378 4289 389 4321 ⁸
405 4288 488 4364 When
500 4289 603 4349 soutsge
614 4287 637 4337 is
648 4292 744 4352 twenty
753 4287 873 4350 shillings
955 4287 967 4320 ⁶
983 4287 1056 4339 With
1067 4292 1165 4339 scilicet
1175 4289 1292 4352 beginas
1308 4305 1366 4339 new
1380 4306 1453 4354 pera

344 4355 657 4482 htputttttut.
922 4353 1454 4484 totitatih⁶ri⁰t¹¹ttiitiiritffi

377 4484 434 4532 ⁴13.
446 4498 480 4532 m.
495 4484 533 4532 10.
923 4485 1010 4534 notin
1021 4485 1052 4535 B.
