3360 5236
502 411 652 473 rnnrrr,
674 411 739 460 an.
765 397 943 472 113111.
968 395 1017 464 17.
1248 398 1311 468 687

206 581 303 648 Loeo¹
334 589 502 668 petentem
531 591 566 647 et
595 581 739 648 Priorem
769 580 809 646 de
847 579 1041 646 Shirburnia
1069 589 1237 648 tenentem
1270 586 1310 652 de

205 685 418 752 aduoeaeione
444 685 575 750 ecclesie
597 683 638 750 de
659 685 893 771 Wyndlesham
916 693 1027 750 utrum
1049 685 1136 752 idem
1159 687 1249 754 Prior
1270 690 1311 755 de

207 788 399 856 Shirburnia
428 788 532 853 maius
561 789 612 853 ius
641 788 761 854 habeat
790 788 825 852 in
846 787 1059 854 aduoeaeione
1082 789 1139 856 illa
1159 813 1202 855 an
1224 791 1311 856 idem

207 893 300 960 Prior
328 893 368 958 de
399 892 496 957 Nouo
526 892 610 958 Loco
640 900 675 956 et
704 891 840 958 eeclesia
869 915 928 956 sua
956 891 997 958 de
1028 893 1125 958 Nouo
1149 894 1233 961 Loco
1255 897 1311 982 qui

207 1005 392 1064 tenentete

272 1103 316 1166 Et
331 1100 425 1166 uenit
439 1099 516 1165 ree'²
530 1123 588 1186 per
601 1099 681 1164 istos
696 1099 762 1165 scil.
783 1099 968 1165 Willelmus
989 1099 1030 1165 de
1045 1101 1151 1187 Wylre
1174 1111 1208 1168 et
1228 1104 1285 1168 alii
1293 1101 1312 1180 ⁸,

206 1205 262 1291 qui
279 1204 393 1268 dicunt
412 1225 510 1289 super
530 1210 767 1268 sacramentum
790 1201 876 1288 quod
898 1202 1072 1288 aliquando
1093 1226 1157 1268 non
1180 1206 1313 1272 fuerunt

205 1317 374 1374 manentes
395 1307 430 1372 in
450 1307 530 1372 uilla
548 1305 552 1393 Ι
573 1307 630 1372 illa
644 1307 707 1372 nisi
722 1315 852 1372 tantum
867 1315 933 1371 tres
948 1307 1094 1372 homines
1109 1307 1166 1393 qui
1180 1309 1313 1375 fuerimt

205 1413 390 1500 parochiani
412 1413 613 1500 pertinentes
635 1412 677 1478 ad
703 1411 869 1478 ecelesiam
894 1411 935 1478 de
958 1413 1153 1501 Wockinges
1175 1423 1209 1480 et
1231 1424 1313 1502 aput

205 1517 400 1603 Wockinges
423 1517 555 1581 fuerunt
584 1537 716 1601 corpora
739 1515 875 1602 sepulti⁴
901 1522 936 1580 et
959 1516 1053 1601 pueri
1082 1517 1248 1602 baptizati,
1279 1527 1313 1585 et

204 1623 308 1688 creuit
321 1622 402 1687 uilla
411 1629 446 1686 et
461 1643 559 1708 quare
575 1621 670 1708 longe
685 1621 818 1686 fuerunt
832 1619 872 1686 de
885 1621 1062 1708 Wolringes
1073 1623 1165 1686 uenit
1180 1624 1312 1709 quidam

206 1725 348 1812 Honing'
370 1724 426 1811 qui
449 1725 557 1790 tenuit
578 1725 615 1790 in
636 1724 742 1810 capite
765 1724 805 1790 de
828 1725 921 1790 Dom.
945 1725 1045 1812 Rege,
1068 1733 1103 1790 et
1125 1726 1158 1790 in
1182 1735 1312 1794 tantum

206 1831 332 1894 loeutus
368 1829 432 1894 fuit
468 1851 542 1894 cum
571 1850 708 1914 persona
736 1828 793 1914 qui
825 1837 904 1893 tune
939 1828 1095 1914 temporis
1132 1829 1195 1894 fuit
1232 1839 1313 1916 aput

207 1931 404 2019 Woekinges
433 1929 519 2017 quod
549 1929 723 1996 eonceseit⁶
752 1929 783 1994 ei
813 1930 899 2016 quod
928 1931 1048 1996 faceret
1076 1931 1124 1996 ibi
1153 1932 1314 2018 quoddam

206 2035 380 2100 oratorium
398 2033 433 2098 in
454 2055 517 2119 quo
537 2031 712 2118 aliquando
734 2032 912 2098 celebrauit
934 2031 1119 2118 capellanus
1140 2033 1181 2098 de
1197 2035 1312 2100 Woclr-

205 2139 297 2225 iuges
311 2145 346 2202 et
361 2135 536 2224 aliquando
551 2136 633 2223 legit
648 2133 786 2223 ewang’⁰
797 2143 857 2201 eta
895 2135 1012 2201 Postea
1021 2143 1165 2222 tempore
1178 2138 1313 2204 Henrici

205 2241 304 2328 Regis
318 2240 373 2306 aui
394 2240 489 2304 Dom.
511 2239 612 2324 Regis
634 2237 712 2324 quia
733 2237 898 2324 predictus
920 2238 962 2304 H.
986 2237 1162 2324 denegauit
1183 2240 1312 2306 cuidam

206 2345 406 2431 Hospeshort
420 2343 568 2408 uenatori
579 2341 672 2408 Dom.
685 2342 785 2429 Regis
796 2341 995 2407 dianerium'
1006 2365 1101 2406 suum
1111 2343 1204 2408 uenit
1219 2343 1312 2410 Dom.

205 2449 275 2513 Rex
295 2455 330 2512 et
349 2445 528 2512 disseisiuit
547 2445 593 2511 Η.
616 2453 650 2510 et
674 2452 792 2509 terram
815 2443 905 2509 illam
928 2443 1019 2509 dedit
1041 2443 1104 2530 ipsi
1127 2446 1313 2532 Hopeshort

205 2559 239 2616 et
264 2549 423 2637 Hopesh’⁸
437 2548 611 2636 quemdam
633 2549 737 2614 filium
760 2547 911 2614 clericum
932 2571 1028 2635 quem
1049 2549 1127 2614 feeit
1141 2572 1312 2616 monacum

204 2652 291 2740 apud
317 2651 563 2719 Shireburniam
587 2659 622 2716 et
645 2673 720 2716 eum
743 2651 800 2716 illo
829 2651 921 2716 dedit
950 2651 1199 2718 aduooaeionem
1225 2653 1313 2720 illius

162 2753 166 2760 ’
205 2757 326 2844 capelle
341 2756 464 2822 Domui
478 2755 519 2820 de
535 2754 756 2831 Shireburnia,
771 2761 805 2820 et
825 2761 939 2840 postea
958 2755 1069 2820 amisit
1083 2763 1202 2820 terram
1222 2755 1312 2822 illam

205 2879 262 2942 per
271 2855 526 2943 recognicionem
541 2877 659 2941 magne
673 2853 771 2920 assise
789 2875 903 2918 uersus
923 2853 1057 2940 heredes
1078 2853 1181 2940 ipsius
1202 2855 1244 2920 H.
1265 2855 1314 2921 ita

205 2961 290 3047 quod
313 2959 448 3024 ecclesia
471 2958 511 3025 de
537 2958 716 3045 Wockinge
742 2979 870 3043 semper
892 2956 1009 3022 habuit
1034 2956 1075 3022 de
1104 2958 1228 3044 capella
1256 2958 1313 3024 illa

204 3062 397 3149 quandoque
420 3061 464 3147 iij
495 3061 549 3128 sol.
574 3060 767 3147 quandoque
790 3060 867 3126 dim.
897 3083 990 3126 mare
1017 3060 1209 3148 quandoque
1238 3061 1312 3148 plus

205 3166 331 3232 racione
347 3166 556 3232 subiectionis
571 3166 656 3231 sieut
675 3165 716 3230 de
739 3165 864 3252 capella
882 3165 1067 3251 pertinente
1085 3165 1127 3230 ad
1143 3165 1310 3232 matricem

205 3270 378 3336 eeclesiam.
423 3269 468 3336 Et
489 3269 567 3355 quia
588 3268 774 3356 Hopeshort
796 3269 923 3334 nullum
945 3268 997 3334 ius
1022 3268 1138 3334 habuit
1164 3269 1199 3334 in
1225 3277 1311 3336 terra

205 3375 260 3440 illa
287 3371 363 3439 nec⁹
388 3371 479 3437 Prior
507 3371 548 3436 de
571 3371 784 3437 Shireburnia
804 3371 986 3458 ingressum
1008 3372 1124 3438 habuit
1146 3395 1205 3459 per
1226 3395 1311 3452 eum,

204 3477 345 3544 dicunt¹⁰
375 3476 462 3563 quod
491 3475 605 3541 Prior¹¹
635 3475 676 3542 de
707 3475 803 3540 Nouo
833 3476 917 3540 Loco
946 3475 1051 3540 maius
1081 3475 1132 3542 ius
1154 3475 1254 3542 habet
1276 3477 1311 3542 in

203 3581 416 3648 aduocaeione
445 3602 543 3667 quam
574 3579 665 3645 Prior
693 3579 733 3644 de
764 3578 976 3646 Shireburnia
1004 3577 1089 3643 sieut
1118 3578 1158 3644 de
1189 3581 1313 3667 capella

237 3805 246 3838 ¹
263 3802 731 3867 Newsrksbbey,wind1emamsnd
782 3799 917 3852 nnoertain
925 3819 933 3861 3
950 3799 997 3850 but
1012 3801 1145 3858 distamen,
1158 3802 1306 3864 dlpmrium,

204 3869 373 3946 Wolrinqare
389 3869 418 3919 in
435 3869 537 3932 Surrey.
573 3869 624 3917 For
640 3867 732 3918 earlier
782 3865 1102 3954 spelpnownasmeaning
1117 3865 1218 3919 dinnsr.
1254 3867 1309 3944 Thp

204 3934 568 4062 ‘'ttflttttttttt:
782 3930 1309 4058 llllh‘llsffllltslltlllllll

237 4065 248 4098 ³
270 4065 320 4116 Sic.
367 4064 423 4114 The
450 4078 541 4114 names
569 4063 598 4112 of
623 4061 658 4113 all
687 4061 731 4112 the
814 4061 1049 4123 ⁸Supplytatuit.

204 4130 362 4193 reeognitors
373 4128 546 4180 wouldbeon
558 4128 602 4178 the
612 4129 671 4178 roll.
815 4126 914 4176 ”Gora
927 4133 951 4176 et
963 4125 1005 4190 (1).
1039 4124 1094 4175 The
1105 4123 1178 4176 Prior
1188 4127 1218 4176 ol
1234 4125 1308 4178 Sher·

238 4197 248 4229 ¹
265 4195 336 4244 (tort.
347 4197 454 4258 sepulta.
783 4191 865 4242 borne
875 4189 984 4241 claimed
994 4189 1078 4240 under
1093 4190 1241 4253 Hopsshort
1256 4193 1309 4244 and

237 4259 315 4310 ‘sis
783 4255 806 4306 is
828 4259 929 4313 tenant,
952 4269 982 4306 so
1010 4254 1151 4319 seemingly
1178 4256 1211 4308 he
1239 4265 1310 4310 must

235 4321 731 4439 11111111
782 4320 1071 4448 11111

160 4439 163 4446 ’
204 4453 309 4512 dotted:
338 4452 401 4503 thus
423 4453 467 4504 the
490 4454 547 4504 first
574 4453 680 4515 syllable
707 4451 730 4502 lu
815 4451 834 4484 ¹¹
851 4453 927 4504 Prior
938 4451 971 4514 by
982 4455 1131 4502 annotator.
