3308 5226
370 450 432 513 626
578 461 811 522 ιιιοιιιιιιιιιε,
833 461 897 510 ιι).
923 449 1017 522 1233,
1039 463 1101 510 ιιι
1128 445 1264 512 17-18.

368 633 538 698 deliberari
568 633 666 699 facist
694 631 844 698 bidentes
873 655 953 718 ques
982 632 1048 698 ism
1077 631 1174 718 cepit,
1205 640 1244 696 ut
1279 631 1408 708 dicitur,
1445 639 1482 696 et

369 737 622 803 Archidicconus
637 737 734 802 faciat
751 737 878 803 absolui
892 736 1041 801 homines
1055 735 1158 822 ipsius
1172 736 1312 801 Abbatis
1327 736 1361 800 in
1377 737 1482 800 forma

369 840 511 921 ecclesie,
536 849 595 906 etc
642 841 685 904 Et
712 839 933 926 unusquisque
959 862 1071 904 eorum
1100 838 1203 904 sitin
1225 839 1336 904 eedem
1360 838 1482 904 seisins

369 965 434 1028 quc
462 966 549 1008 nunc
579 950 640 1008 etc.
685 941 753 1006 ¹Ad
783 941 871 1006 diem
900 942 995 1006 illum
1025 941 1119 1006 uenit
1148 940 1261 1006 Abbas
1290 941 1325 1006 in
1351 939 1483 1026 propris

368 1067 505 1132 persons
519 1053 553 1111 et
568 1045 648 1110 dicit
664 1045 751 1110 idem
768 1043 863 1110 Arch'
880 1044 981 1131 qucd²
995 1046 1119 1110 nullum
1140 1068 1346 1110 communem
1362 1044 1482 1110 hebuit

368 1148 402 1213 in
417 1148 578 1214 dominico
592 1171 651 1213 suc
666 1147 701 1212 in
718 1149 823 1212 Perus
834 1147 1038 1224 Ferendum,
1052 1170 1112 1212 nec
1127 1169 1212 1212 enno
1223 1156 1258 1212 et
1269 1147 1322 1212 die
1333 1171 1397 1234 quo
1408 1148 1480 1212 Rex

368 1250 535 1316 Johannes
556 1251 648 1316 dedit
670 1250 718 1314 eis
741 1249 922 1314 manerium
945 1249 1043 1314 illud⁸
1065 1273 1124 1314 nec
1146 1258 1267 1336 postea,
1290 1249 1391 1314 donec
1417 1249 1482 1335 ipsi

369 1354 573 1420 tradiderunt
589 1355 770 1420 manerium
785 1355 867 1420 illud
876 1353 918 1420 cd
933 1354 1059 1420 firmam
1075 1355 1206 1420 uillenis
1220 1355 1289 1420 suis
1303 1355 1343 1421 de
1360 1356 1481 1420 Feren-

368 1458 458 1524 dunc
487 1467 521 1524 et
550 1459 627 1524 iude
658 1459 752 1546 ponit
778 1483 812 1525 se
836 1481 934 1545 super
958 1459 1105 1545 petriam.
1152 1459 1196 1524 Et
1225 1459 1482 1524 Amhidicconus

368 1561 449 1627 dicit
478 1563 564 1650 quod
593 1563 662 1650 ipse
693 1573 743 1629 est
773 1564 807 1628 in
836 1564 956 1630 seisinc
981 1572 1054 1650 post
1081 1572 1218 1628 mortem
1248 1563 1409 1629 Johennis
1439 1563 1481 1628 de

370 1667 566 1753 Tynemuwe
591 1668 822 1754 predecessoris
844 1669 904 1748 sui,
926 1677 961 1734 et
983 1669 1052 1755 ipse
1074 1668 1241 1734 Johennes
1263 1667 1327 1732 fuit
1349 1667 1425 1732 inde
1446 1667 1482 1732 in

369 1767 489 1834 seisinc
509 1793 594 1835 anno
615 1780 650 1836 et
670 1771 723 1836 die
743 1795 808 1856 quo
828 1771 893 1836 fuit
913 1772 1011 1836 uiuus
1025 1781 1060 1836 et
1074 1780 1231 1849 mortuus,
1246 1779 1281 1836 et
1296 1770 1371 1836 inde
1387 1771 1481 1856 ponit

369 1897 404 1937 se
420 1897 520 1960 super
534 1875 674 1960 petriam
690 1883 724 1938 et
740 1875 851 1940 Abbes
866 1875 1024 1939 similiter.
1070 1875 1114 1938 Et
1134 1874 1207 1938 ideo
1223 1883 1412 1960 preceptum
1429 1881 1481 1938 est

370 1977 431 2042 uio’
447 1978 557 2044 Berok
573 1977 660 2064 quod
680 1978 792 2043 uenire
812 1979 910 2043 faciat
930 2001 1037 2043 coram
1057 1978 1244 2043 iusticisriis
1267 1978 1355 2064 apud
1370 1979 1481 2042 West-

370 2082 601 2146 monesterium
616 2105 637 2147 a
651 2083 703 2147 die
720 2091 778 2146 etc.
795 2091 867 2146 octo
888 2089 955 2146 tem
978 2083 1100 2146 milites
1122 2081 1237 2168 quam⁴
1259 2105 1317 2168 per
1336 2105 1425 2168 quos,
1446 2092 1482 2148 et

369 2184 430 2248 uic'
447 2185 549 2251 Oxou.
570 2184 649 2249 elios
670 2192 750 2260 octo,
765 2185 822 2270 qui
842 2207 906 2248 non
929 2184 996 2248 sint
1018 2184 1226 2250 essonicbiles
1248 2185 1289 2250 ad
1312 2207 1481 2271 recognos-

369 2288 508 2354 cendum
523 2311 620 2374 super
634 2296 881 2363 sacramentum,
897 2288 924 2352 si
939 2287 1104 2374 predictus
1122 2287 1145 2352 J
1146 2289 1289 2353 ohannes
1312 2289 1353 2353 de
1375 2289 1481 2374 Tyme-

371 2415 476 2456 muwe
491 2415 576 2457 anno
591 2401 626 2456 et
640 2391 714 2456 die⁶
729 2414 793 2477 quo
808 2391 872 2455 fuit
887 2391 985 2456 uiuus
1000 2401 1035 2456 et
1050 2399 1198 2457 mortuns
1214 2393 1278 2456 fuit
1292 2393 1424 2458 scisitus
1438 2393 1482 2458 de

369 2519 542 2561 commune
571 2504 702 2581 pasture
729 2495 763 2560 in
789 2495 934 2581 predicto
963 2495 1124 2562 dominico
1154 2505 1193 2560 ιιι
1223 2497 1408 2582 pertinente
1438 2498 1482 2562 ad

369 2599 535 2664 ecclesiam
547 2621 639 2664 suem
655 2598 695 2663 de
709 2598 931 2684 Langefoniis„
944 2607 979 2664 et
988 2599 1074 2664 idem
1086 2599 1341 2665 Archidiaconus
1352 2625 1484 2687 semper

369 2713 442 2790 post
457 2725 532 2768 eum
547 2703 701 2767 continue
716 2702 818 2767 donec
833 2724 891 2788 per
904 2702 1012 2788 ipsum
1034 2703 1199 2768 Abbatem
1221 2704 1285 2768 fuit
1304 2705 1483 2790 inpeditus,

370 2816 405 2872 et
420 2830 453 2871 se
470 2807 546 2872 inde
561 2805 610 2870 ita
624 2805 811 2870 certificent.

434 2911 598 2976 ‘Scherus
615 2909 655 2974 de
676 2910 706 2974 S.
728 2908 860 2974 Andres
883 2918 917 2974 et
937 2909 1073 2974 Metillis
1094 2933 1175 2974 uxor
1196 2911 1268 2976 eius
1290 2915 1484 2980 summoniti

319 3049 325 3060 ·
370 3016 503 3080 fuerunt
518 3013 560 3079 sd
574 3012 833 3099 respondendum
849 3013 992 3078 Roberto
1008 3014 1048 3078 de
1063 3014 1151 3079 Toke
1172 3038 1236 3100 quo
1257 3017 1327 3081 iure
1342 3018 1483 3105 exigunt

227 3159 256 3188 uo
370 3141 574 3184 communem
589 3125 721 3203 pmture
737 3116 773 3180 in
795 3124 882 3180 terra
901 3117 1003 3203 ipsius
1025 3117 1161 3182 Roberti
1181 3119 1215 3182 in
1240 3121 1338 3198 Lete,
1353 3122 1484 3190 desicut

370 3223 439 3308 ipse
468 3221 592 3286 nullam
623 3242 828 3284 communem
858 3219 958 3285 hebet
987 3220 1022 3286 in
1053 3229 1140 3287 terra
1167 3223 1270 3308 ipsius
1300 3225 1415 3292 Ssheri
1446 3239 1483 3294 et

372 3325 542 3391 Matillidis
556 3325 591 3389 in
608 3323 754 3389 Gehem'
770 3330 829 3388 etc.
850 3321 855 3408 Ι

436 3431 480 3494 Ει
503 3429 644 3496 saherus
666 3435 701 3492 et
727 3426 863 3491 Matillis
888 3449 947 3513 per
971 3435 1153 3494 cttomatos
1179 3452 1253 3496 suos
1277 3433 1416 3500 ueniunt
1447 3446 1483 3502 et

370 3534 483 3599 dicunt
509 3533 596 3620 quod
617 3555 752 3617 semper,
776 3554 796 3595 c
817 3541 996 3617 conquestu
1019 3533 1139 3621 Anglie
1161 3557 1264 3621 usque
1286 3559 1372 3603 nunc
1394 3563 1482 3605 com-

243 3673 256 3702 ο
370 3639 620 3704 municsuerunt
635 3659 708 3702 cum
724 3636 837 3702 eodem
858 3637 1001 3702 Roberto
1022 3646 1057 3702 et
1077 3641 1333 3706 antecessoribus
1355 3643 1423 3708 suis
1446 3645 1482 3710 in

370 3744 476 3810 Locke
492 3751 526 3808 et
541 3743 627 3807 idem
644 3741 807 3806 Robertus
822 3750 856 3806 et
876 3751 1094 3808 antecessores
1113 3766 1241 3830 semper
1263 3749 1481 3815 communica-

369 3856 489 3913 uerunt
505 3847 539 3912 in
562 3846 657 3910 terris
677 3845 819 3930 ipsorum
842 3845 956 3910 Scheri
976 3853 1012 3910 et
1035 3847 1206 3914 Metillidis
1230 3849 1265 3913 in
1290 3851 1425 3931 Gehm,
1447 3864 1483 3920 et

369 3953 456 4018 unde
482 3952 595 4017 dicunt
621 3949 708 4035 quod
737 3949 800 4035 ipsi
829 3959 1104 4035 recupercuerunt
1132 3951 1285 4017 seisinam
1314 3977 1407 4021 susm
1438 3961 1481 4025 de

369 4057 483 4124 ecdem
498 4077 670 4124 commune
684 4076 797 4119 uersus
812 4053 952 4118 eundem
968 4053 1149 4120 Robertum
1167 4079 1274 4122 comm
1294 4059 1483 4128 iusticieriis

403 4222 412 4254 1
431 4223 524 4270 Postea
535 4219 602 4269 from
613 4217 709 4267 Ecstor
721 4223 795 4266 term.
982 4216 993 4248 ⁴
1009 4215 1108 4280 Supply
1130 4219 1211 4278 αιιοες
1240 4225 1293 4268 tum
1314 4223 1409 4272 militer
1432 4240 1484 4287 per

403 4285 414 4316 ²
430 4287 497 4348 quod
507 4282 645 4334 interlined
655 4282 715 4332 here
724 4280 818 4331 should
826 4295 898 4331 corne
950 4296 1017 4344 qrroc,
1031 4283 1062 4330 Δ.

370 4350 484 4400 between
495 4351 559 4398 dicit
571 4348 623 4398 sud
634 4349 707 4406 idern,
719 4349 751 4396 Δ.
981 4346 1085 4396 'etdie
1096 4347 1224 4410 mpested.

403 4410 898 4475 81ιιοιιιιει.ιοιιι,ιι.683;3ιιιιιι1ιγ
980 4409 1166 4464 ‘tunm

370 4479 440 4530 John
452 4487 480 4529 to
491 4479 623 4528 Beanlien.
979 4475 990 4508 ⁷
1007 4475 1092 4526 Leuke
1102 4476 1156 4527 and
1168 4477 1292 4529 Gothum.
