3212 5230
332 381 654 444 mensunusum.
678 368 771 442 1230,
795 381 858 430 nn
882 369 1018 430 14-15.
1163 367 1227 432 349

143 555 300 622 Ricardum
327 565 361 620 et
390 555 533 622 eundem
555 555 757 620 Willelmum
780 554 821 620 de
844 553 1030 622 Siffrewall'.
1075 554 1119 618 Et
1141 553 1227 620 uice·
1345 565 1348 572 ’

141 682 235 724 comes
254 658 349 723 nichil
378 659 456 724 inde
479 658 556 723 fecit
578 665 613 722 et
634 679 694 722 nee
716 656 886 722 iusticias-ii
908 657 1067 722 miserunt
1088 655 1227 722 assisam.

143 764 181 828 Et
199 763 265 828 ideo
286 771 473 849 preceptum
496 771 546 828 est
565 761 749 828 uiceeomiti
768 761 854 847 quod
875 761 986 826 uenire
1006 761 1104 826 faciat
1124 782 1230 825 coram

142 866 309 932 iusticiariis
326 865 414 952 apud
429 864 754 930 westmonasterium
775 871 834 928 etc
851 864 1066 950 recognitores
1085 863 1230 928 eiusdem

143 969 228 1034 assisa
245 969 354 1034 mortis
375 969 584 1034 antecessoris
604 968 646 1034 ad
664 967 906 1034 certificandum
922 967 1113 1032 iusticiarios
1124 966 1165 1032 de
1180 989 1230 1032 sa-

143 1081 288 1138 cramento
297 1072 382 1158 quod
395 1072 470 1136 inde
483 1073 628 1136 lecerunt
639 1080 673 1138 et
685 1071 731 1136 ibi
740 1071 860 1136 habeat
871 1069 1032 1156 predictos
1041 1069 1230 1134 Ricardum¹

144 1176 180 1240 ad
189 1175 373 1240 audiendam
388 1175 655 1240 certificacionem
671 1175 760 1240 illam
776 1183 810 1239 et
825 1174 867 1240 ad
882 1173 1140 1260 respondendum
1158 1196 1230 1260 pre-

143 1277 219 1343 dicto
229 1278 345 1342 Thema
360 1277 402 1342 de
415 1285 502 1342 terra
515 1277 572 1342 illa
586 1285 621 1342 et
635 1277 785 1342 similiter
799 1276 911 1341 uenire
927 1276 1024 1342 faciat
1039 1276 1231 1342 iusticiarios

145 1381 268 1466 prefatos
281 1379 323 1444 ad
337 1379 522 1444 faciendum
536 1377 703 1444 reeordum
717 1378 758 1444 de
773 1379 873 1443 assisa
886 1378 944 1444 illa
958 1379 1042 1444 sicut
1058 1403 1164 1444 coram
1184 1381 1231 1445 eis

144 1490 226 1567 eapte
238 1481 298 1546 luit
312 1489 347 1546 et
362 1480 449 1567 quod
461 1480 603 1545 habeant
613 1479 661 1544 ibi
671 1479 785 1546 breuia
795 1479 919 1544 nostra'
929 1503 988 1566 per
999 1503 1062 1566 que
1074 1489 1231 1568 ceperunt

145 1585 242 1650 misas
252 1585 322 1650 illas
333 1593 369 1650 et
380 1583 512 1650 nomina
525 1583 762 1670 recognitorum
777 1584 834 1669 qui
848 1607 954 1649 eoram
970 1585 1016 1650 eis
1031 1586 1229 1652 iurauerunt

87 1742 106 1762 .
199 1688 378 1754 'lohannes
393 1688 434 1753 de
450 1687 538 1754 Oauz
556 1695 591 1752 ct
605 1687 705 1752 Alina
725 1711 805 1752 uxor
819 1689 889 1754 eius
908 1689 931 1754 J
932 1711 1020 1754 ames
1035 1690 1076 1754 de
1093 1690 1181 1756 Oauz
1196 1699 1231 1755 et
1255 1709 1380 1750 sommi.

145 1792 239 1856 Alesia
266 1815 346 1856 uxor
374 1792 444 1856 eius
466 1814 524 1878 per
545 1799 725 1856 attornatos
748 1815 823 1857 suos
846 1794 1035 1878 optulerunt
1057 1816 1091 1858 se
1115 1803 1230 1880 quarto

145 1896 188 1960 die
207 1919 312 1962 uersus
340 1895 526 1961 Johannem
547 1894 589 1960 de
612 1894 729 1959 Baillol
751 1894 791 1959 de
814 1895 934 1980 placito
956 1895 1042 1982 quod
1065 1897 1162 1962 meiat
1184 1897 1231 1964 eis

144 1999 323 2064 escambium
353 1999 396 2064 ad
425 1999 606 2064 ualenciam
629 2005 688 2063 etc.
711 1998 746 2062 in
772 1999 924 2077 Berlawe,
947 1999 1173 2066 Crumbecliue
1197 2010 1232 2068 et

144 2101 389 2166 Rstberdmhelm
410 2123 508 2187 quam
528 2110 648 2166 terram
669 2101 812 2166 Albreda
831 2123 894 2187 que
917 2101 981 2166 fuit
1000 2125 1081 2168 uxor
1095 2103 1167 2168 Ade
1190 2104 1231 2170 de

142 2203 261 2268 Birlawe
290 2203 495 2289 recuperauit
524 2203 558 2268 in
588 2203 698 2268 dotem
723 2225 836 2268 uersus
864 2204 1025 2291 predictos
1045 2206 1230 2274 «Iohannem

141 2307 257 2372 Alinam
277 2308 413 2374 Jamum
434 2318 469 2372 et
492 2307 635 2374 Alesiam
660 2317 695 2372 et
721 2308 807 2374 unde
829 2317 1029 2374 uocauerunt
1055 2310 1230 2398 Hugonem

141 2409 175 2474 dc
187 2411 294 2476 Baillol
310 2420 438 2498 patrem
452 2411 590 2497 predicti
607 2412 766 2478 Johannis
787 2412 828 2477 de
848 2413 965 2478 Baillol
987 2413 1029 2478 ad
1051 2423 1230 2480 warantum

143 2522 172 2576 et
195 2515 248 2600 qui
276 2515 353 2580 feeit
375 2513 530 2579 defaltum
552 2523 723 2600 postquam
746 2523 881 2580 uocatus
902 2515 966 2580 fuit
987 2516 1030 2583 ad
1051 2526 1230 2583 warantum

142 2639 298 2704 perquam
318 2617 433 2682 cadem
448 2617 592 2682 Albreda
611 2618 814 2703 recuperauit
833 2618 983 2684 saisinam
1006 2642 1097 2684 suam
1118 2643 1230 2686 uersus

143 2719 306 2804 predictum
336 2720 522 2785 «iohannem
552 2719 593 2785 de
616 2719 705 2786 Caua
726 2729 760 2785 et
782 2720 862 2786 alios
883 2720 970 2786 unde
992 2721 1230 2790 consideratum

144 2825 196 2890 fuit
214 2825 296 2912 quod
326 2825 492 2911 predictus
514 2825 538 2889 J
539 2824 681 2888 ohannes
702 2823 743 2889 de
766 2823 854 2890 Caua
876 2831 911 2890 et
932 2823 989 2888 alii
1010 2823 1167 2892 haberent
1188 2825 1230 2892 de

144 2937 215 2992 terra
227 2929 327 3014 ipsius
343 2927 494 3014 Hugonis
508 2927 551 2991 ad
565 2926 745 2991 ualenciam
760 2933 795 2990 et
809 2925 887 3012 quia
905 2925 1044 3012 predicti
1063 2927 1087 2993 J
1088 2928 1230 2996 ohannes

144 3030 176 3096 de
189 3031 270 3097 Caua
284 3039 319 3096 et
334 3031 392 3096 alii
406 3029 515 3116 questi
529 3030 661 3094 fuerunt
675 3028 761 3116 quod
781 3030 908 3094 nullum
925 3030 1031 3096 adhue
1046 3031 1230 3098 habuerunt

144 3135 322 3200 escambium
341 3135 579 3200 consideratum
602 3133 666 3198 fuit
690 3133 777 3219 quod
796 3133 961 3199 lohannes
983 3135 1069 3200 filius
1089 3144 1123 3201 et
1138 3137 1230 3204 heres

144 3236 263 3320 predicti
277 3236 429 3323 Hugonis
443 3243 703 3301 summoneretur
720 3233 806 3321 quod
825 3243 910 3300 esset
927 3235 1003 3302 inde
1023 3259 1230 3323 responsurus

144 3341 204 3406 eto*
242 3341 286 3406 Et
305 3341 375 3426 ipse
396 3339 438 3405 ad
458 3341 559 3404 alium
579 3339 667 3405 diem
687 3339 863 3404 essoniauit
881 3363 915 3406 se
931 3340 971 3406 de
986 3342 1121 3408 seruieio
1135 3343 1229 3410 Dom.

144 3437 228 3525 Regis
255 3447 289 3504 et
319 3439 437 3504 habuit
465 3438 553 3504 diem
582 3461 642 3524 per
670 3437 898 3503 essoniatoram
927 3461 1023 3504 suum
1045 3439 1167 3506 scilicet
1188 3440 1230 3506 ad

144 3561 225 3625 quem
245 3565 307 3608 non
331 3541 431 3606 uenit
475 3541 520 3606 Et
539 3541 613 3606 ideo
633 3539 674 3606 de
694 3549 781 3605 terra
795 3541 896 3627 ipsius
910 3540 1069 3607 «lobannis
1083 3543 1231 3629 capiatur

145 3643 171 3708 in
196 3668 323 3710 manum
353 3645 446 3710 Dom.
470 3643 570 3732 Regis
599 3643 642 3708 ad
671 3643 852 3708 ualenciam
874 3643 999 3708 etdies
1021 3651 1080 3710 etc.
1104 3645 1229 3732 etipse

144 3758 370 3814 summoneatur
389 3758 448 3814 eta
469 3747 555 3834 quod
577 3747 621 3812 sit
641 3769 850 3833 responsurus
871 3754 905 3812 et
927 3754 1112 3814 ostensurus
1132 3771 1230 3835 quare

145 3875 197 3917 non
210 3853 351 3918 seruauit
366 3851 453 3917 diem
468 3851 530 3917 sibi
545 3851 660 3916 datum
675 3873 733 3938 per
748 3851 976 3916 essoniatorem
992 3859 1050 3916 etc

169 4012 222 4062 1Ιιι
237 4014 258 4062 Δ
272 4013 408 4077 originally
421 4014 547 4076 mediator
563 4013 652 4062 Ricar·
735 4012 747 4044 ⁴
763 4011 819 4061 Tha
839 4015 982 4062 warrantor
1000 4009 1055 4061 dics
1074 4011 1142 4062 alter
1157 4011 1230 4076 indg-

144 4079 220 4128 dmt
232 4079 392 4136 Wiurzm
410 4078 490 4128 butst
504 4079 654 4128 Willelmum
704 4080 784 4127 ment.
817 4076 938 4126 without
959 4091 1012 4140 any
1030 4090 1088 4126 nau
1109 4075 1167 4127 urit
1188 4077 1230 4128 his

144 4142 250 4194 arunas
263 4147 308 4194 out
326 4143 379 4193 and
396 4157 432 4193 an
448 4146 561 4205 attempt
577 4142 654 4193 made
704 4139 762 4192 heir
777 4155 826 4192 can
842 4141 873 4192 bc
889 4140 1032 4204 oompsllad
1050 4145 1078 4192 to
1094 4142 1169 4192 make
1185 4141 1230 4193 the

144 4213 166 4258 u
175 4213 229 4258 turn
236 4209 361 4272 mediator
373 4207 431 4258 into
438 4209 587 4272 pradictum.
704 4206 842 4268 sxehange.
877 4205 932 4264 Bt..
941 4207 960 4256 l.
968 4208 1016 4258 aba
1028 4206 1054 4264 b,
1063 4205 1128 4256 citas
1139 4211 1166 4257 to
1177 4207 1230 4258 this

169 4272 281 4334 'siat
704 4271 778 4322 elleot
798 4287 815 4321 a
840 4285 899 4322 ease
920 4271 988 4320 from
1010 4270 1082 4323 Trin.
1106 4273 1137 4326 Δ.
1160 4271 1191 4324 Β.
1214 4276 1230 4322 8

169 4335 220 4387 'a
231 4353 265 4388 m.
276 4339 300 4390 3.
336 4338 403 4388 Over
413 4335 516 4400 against
527 4336 580 4388 this
596 4351 654 4388 oasa
705 4335 860 4400 eonoerning
872 4335 925 4388 this
937 4335 1015 4399 Hugh
1024 4336 1118 4390 Baliol.

144 4401 180 4454 tbc
189 4417 266 4453 soom
277 4403 362 4456 writes
374 4405 471 4456 ὸοοοοι.
