3212 5230
318 413 550 478 monimum,
572 417 637 468 an.
661 404 754 479 1230,
777 417 840 469 An.
864 404 999 466 14—15.
1143 405 1205 467 351

186 588 226 652 Et
239 586 368 653 Jacobua
382 594 417 652 et
433 586 596 654 Nicholaa
608 587 748 653 ueniunt
763 595 798 653 et
808 595 928 674 petunt
940 587 1091 654 anditum
1102 587 1210 654 breuis

132 701 161 757 et
182 693 271 758 breue
299 713 356 756 non
381 691 554 756 inuenitur
575 701 610 757 et
631 700 790 758 testatum
815 692 974 779 estquod
1004 692 1210 780 deperditum

132 803 221 958 estlet
241 795 309 860 ideo
329 795 396 860 sine
418 795 474 861 die
496 803 531 860 et
554 795 739 861 Gilebertus
761 795 927 882 perquirat
949 796 1040 861 alind
1061 797 1160 861 breue
1182 796 1210 860 si

132 917 166 958 uo
177 894 260 958 uerit.

81 1010 97 1072 ·,
185 997 334 1062 ¹Dionisia
348 1019 411 1082 que
427 997 492 1061 fuit
510 1020 590 1062 uxor
604 996 735 1062 Ricardi
750 997 884 1062 Pistoris
902 997 1023 1082 optulit
1042 1019 1076 1062 se
1097 1003 1211 1082 quarto
1247 1003 1367 1052 nemora·

131 1103 173 1168 die
193 1125 296 1168 uersus
315 1102 422 1166 Adam
445 1102 587 1166 Fabrum
609 1101 650 1166 de
672 1101 792 1188 placito
808 1101 832 1188 j.
855 1101 959 1166 eolde'
979 1124 1053 1166 cum
1076 1108 1156 1187 pert.
1177 1102 1212 1166 in

131 1205 169 1269 la
181 1205 309 1269 Bernete
323 1227 422 1290 quam
442 1203 514 1289 ipsa
531 1204 651 1268 clamat
672 1225 784 1268 uersus
804 1226 880 1268 eum
900 1213 939 1268 ut
961 1204 1012 1268 ine
1034 1226 1129 1268 suum
1152 1213 1211 1270 etc.

131 1307 164 1370 Et
189 1306 256 1371 Ada
282 1329 345 1370 non
374 1306 468 1370 uenit
497 1314 557 1370 etc.
587 1315 621 1370 et
651 1306 730 1370 alias
760 1306 838 1370 fecit
866 1306 1021 1371 defaltam
1050 1307 1098 1371 ita
1127 1307 1213 1392 quod

131 1419 294 1495 preceptum
324 1409 388 1474 fuit
417 1410 601 1474 uioecomiti
630 1409 717 1496 quod
746 1419 876 1497 caperet
904 1411 1026 1476 soldam
1056 1410 1145 1475 illam
1177 1411 1212 1475 in

130 1535 242 1577 nanum
264 1513 355 1578 Dom
379 1513 480 1598 Regis
507 1520 542 1577 et
564 1511 742 1577 uicecomee
763 1511 933 1577 mandauit
957 1512 1042 1599 quod
1067 1513 1212 1599 precepit

130 1613 238 1679 balliuia
258 1615 396 1680 Abbatie
420 1614 451 1679 S
468 1613 588 1678 Albani
610 1622 645 1678 et
666 1613 729 1699 ipsi
751 1613 850 1678 nichil
872 1613 948 1679 inde
970 1615 1123 1681 lecerunt.
1169 1615 1212 1680 Et

130 1717 188 1782 ideo
200 1727 383 1804 preceptum
398 1727 448 1783 est
469 1717 652 1784 uiceoomiti
673 1718 774 1804 quod⁸
790 1719 921 1784 omittat
936 1729 1067 1806 propter
1081 1720 1211 1786 liberta·

132 1830 184 1886 tem
202 1823 333 1908 predicti
354 1822 496 1888 abbatis
517 1822 595 1908 quin
614 1821 619 1909 Ι
640 1822 748 1909 capiat
769 1831 804 1888 et
826 1823 960 1888 mandet
982 1824 1069 1889 diem
1094 1832 1153 1890 etc
1177 1832 1212 1890 et
1278 1837 1322 1890 [tt]

130 1935 308 1992 summoneat
326 1926 511 2013 predictum
532 1927 697 1992 Abbatem
713 1927 798 2013 quod
813 1927 857 1992 sit
872 1937 930 1992 etc.
947 1936 981 1992 et
996 1929 1110 1994 balliui
1124 1951 1210 1994 sum·
1224 1935 1369 2024 fflfflffld

132 2041 298 2096 moneantur
325 2032 412 2118 quod
441 2031 508 2096 sint
542 2039 601 2096 etc
631 2033 815 2118 responsuri
850 2055 948 2118 quare
984 2043 1102 2098 terram
1131 2033 1211 2098 'non
1223 2031 1359 2126 ffiffl*

130 2143 261 2218 oelefflssl
289 2143 349 2198 el&
396 2134 439 2198 El
468 2133 529 2209 dio'
558 2134 644 2220 quod
658 2211 660 2217 ¹
674 2157 739 2198 non
768 2135 1022 2200 mandauerunt⁵
1050 2137 1135 2202 sicut
1164 2137 1211 2202 eis
1223 2123 1373 2218 ffi‘llll'ffl·

133 2249 296 2323 preceptum
311 2238 376 2303 fuit
391 2246 450 2303 etc
1223 2217 1345 2256 'mmm

58 2347 101 2411 lte,
180 2342 282 2408 ‘Anna
295 2366 359 2430 que
375 2343 439 2408 luit
454 2365 534 2407 uxor
552 2342 711 2408 Gileberti
731 2343 772 2408 de
795 2344 907 2409 Monte
930 2367 988 2431 per
1009 2339 1210 2409 attomatum
1223 2311 1331 2414 ruogm
1353 2321 1377 2350 Φ

133 2467 207 2511 suum
219 2448 299 2534 petit
314 2470 428 2513 uersus
443 2447 618 2534 Hugonem
635 2448 750 2513 Russel
770 2448 903 2513 terciam
922 2458 1049 2536 partem
1064 2449 1088 2536 j.
1108 2472 1209 2514 carue.
1222 2438 1359 2532 ffllflg.

132 2563 198 2613 terre
210 2573 278 2615 cum
292 2558 373 2637 pert.
386 2549 421 2614 in
433 2549 646 2616 Blockesham
661 2559 700 2615 ut
715 2550 824 2616 dotem
838 2573 929 2616 suam
945 2552 1031 2617 unde
1046 2551 1210 2638 predictus
1222 2532 1369 2664 ffillllhlm‘

133 2651 290 2720 (lilebertus
305 2677 377 2720 eam
393 2655 522 2719 dotauit
536 2662 596 2720 etc
1222 2689 1370 2738 Nonqucdu

1222 2737 1269 2785 qula
1278 2741 1366 2775 uocatur

182 2758 219 2822 Et
238 2760 336 2847 Hugo
357 2781 423 2824 non
445 2757 538 2824 uenit
558 2767 610 2824 set
630 2759 777 2847 Rogerus
798 2757 908 2823 Dollin
927 2766 1111 2824 attornatus
1132 2783 1209 2824 suus
1221 2783 1373 2878 affirm

133 2881 177 2944 per
194 2874 324 2950 quatuor
345 2864 467 2929 milites
489 2871 549 2930 etc.
571 2863 664 2928 uenit
686 2872 720 2929 et
742 2871 838 2928 uocat
863 2862 938 2928 inde
964 2863 1006 2928 ed
1029 2873 1209 2929 warantum
1221 2876 1373 2970 fflffl„

132 2961 291 3032 Unlridum
306 2967 412 3032 filium
427 2965 587 3032 Gileberti
601 2965 641 3030 de
657 2966 769 3031 Monte
784 2965 840 3052 qui
860 2973 910 3030 est
930 2965 1013 3030 infra
1032 2975 1155 3031 etatem
1174 2975 1209 3031 et
1221 2970 1362 3056 ffl‘fflsp

132 3065 309 3136 inuntodia
331 3069 489 3134 Willelmi
514 3069 592 3156 May
616 3077 651 3134 et
675 3069 798 3133 dictum
826 3076 876 3133 est
898 3068 930 3132 ei
952 3069 1037 3155 quod
1059 3069 1355 3148 ostenderem

133 3177 229 3237 unam
253 3173 306 3240 uel
333 3173 423 3238 aliud
449 3172 702 3237 instrumentum
727 3179 858 3257 propter
887 3171 973 3258 quod
1002 3156 1361 3289 warentizarelssrllfrffpffn

133 3271 226 3341 debeat
252 3287 285 3343 et
315 3277 384 3364 ipse
413 3276 514 3342 nichil
539 3275 690 3341 ostendit.
736 3276 852 3340 Postea
876 3286 1076 3362 compertum
1100 3285 1150 3342 est
1173 3278 1209 3342 in
1221 3295 1353 3346 primur.

134 3379 223 3444 rotulis
243 3381 329 3467 quod
355 3379 541 3445 Gilebertue
566 3377 607 3444 de
631 3378 797 3443 Montibus
823 3387 916 3466 pater
940 3379 1041 3464 ipsius
1066 3381 1209 3446 Umhidi

132 3477 194 3544 alins
212 3483 430 3550 warentizauit
451 3489 486 3547 et
508 3481 581 3547 ideo
603 3482 723 3548 habeat
743 3489 922 3547 warantum
942 3505 1037 3552 suum
1058 3493 1115 3549 etc
1165 3485 1210 3549 Et

133 3579 287 3654 Willelmus
309 3589 387 3675 May
406 3596 515 3654 custos
534 3593 777 3653 summoneatur
795 3587 831 3651 in
850 3585 1006 3652 comitatu
1027 3587 1059 3652 N
1062 3588 1209 3674 orhamp-

134 3695 198 3754 tone

60 3775 101 3846 lll-
182 3789 301 3860 'Sibilla
326 3817 390 3882 que
417 3793 481 3859 fuit
506 3816 587 3859 uxor
610 3792 761 3859 Nicholai
787 3793 963 3880 Harangod
987 3791 1073 3879 petit
1096 3814 1209 3859 uersus
1264 3803 1328 3843 ¹³0⁰ss

157 3914 279 3974 ¹l.m.l.
713 3919 884 3974 ⁸t.m.a‹1.

157 3979 241 4045 ’Qua
253 3987 345 4037 willon
359 3985 416 4036 bed.
450 3985 494 4039 (lo.
506 3985 587 4036 titt
604 3985 631 4036 b.
714 3986 725 4020 l
742 3986 798 4036 The
809 3987 891 4036 words
902 3988 934 4036 ot
945 4003 973 4036 eo
984 3985 1051 4035 refer
1065 3987 1112 4036 not
1123 3989 1151 4036 to
1163 3987 1209 4037 the

133 4041 173 4094 an
181 4047 290 4115 Duecnge
300 4051 350 4102 har
366 4053 438 4102 coldo
447 4051 633 4104 munerator
683 4049 771 4102 inlant
781 4051 828 4101 bnt
839 4056 867 4102 to
879 4051 923 4101 the
930 4065 1023 4115 person
1030 4051 1088 4100 who
1096 4051 1209 4102 vouoher

134 4109 212 4175 salop.
682 4116 746 4166 him.
781 4117 882 4167 semble
909 4115 954 4166 the
975 4115 1063 4166 infant
1084 4121 1157 4166 murt
1178 4121 1206 4168 at

158 4175 298 4242 ’Suum
312 4181 343 4231 Δ.
683 4196 747 4232 once
773 4183 885 4232 warraut
913 4181 935 4230 il
960 4179 1003 4230 hia
1024 4185 1142 4232 anecetor
1160 4181 1209 4232 hae

158 4239 267 4296 ‘seen
279 4247 368 4296 Lm.
683 4245 827 4297 waranted
848 4247 893 4296 the
915 4261 988 4296 acme
1007 4249 1099 4296 tenant
1118 4246 1146 4296 in
1163 4262 1208 4298 an·

157 4303 243 4360 ”non
258 4319 373 4375 ceperant
391 4319 438 4362 ete.
459 4321 483 4364 et
502 4315 567 4362 ἀίεπι
583 4327 634 4362 uon
683 4311 758 4361 other
773 4311 867 4362 action.
902 4311 966 4362 Ido
981 4315 1028 4362 not
1040 4311 1095 4362 find
1111 4311 1164 4363 thia
1180 4312 1208 4361 in

135 4372 295 4476 perdocentur,
307 4378 342 4435 A;
359 4377 407 4426 but
424 4377 468 4427 the
485 4379 526 4428 die
543 4377 566 4426 ia
582 4377 633 4426 like
683 4375 805 4474 Brpcton.
840 4376 887 4490 836
898 4375 915 4428 l.
931 4378 977 4426 381
990 4377 1013 4426 b.

149 4438 172 4482 ll·
743 4443 847 4490 ΔΑΜ
877 4479 883 4492 .
