3196 5226
353 475 414 537 168
657 485 892 545 1919111919.
917 469 1009 543 1222,
1031 483 1094 530 in.
1119 469 1146 530 6.

359 683 361 690 ⁴
417 660 460 724 Et
475 659 565 724 Prior
579 681 637 744 per
655 651 973 723 attornatum'suum
994 655 1074 720 dicit
1094 653 1181 741 quod
1200 653 1372 718 aduocacio
1395 653 1453 718 illa

351 764 392 829 ad
421 787 496 830 eum
525 763 667 849 pertinet
697 771 731 827 92
759 763 881 848 profert
909 770 1032 826 cartam
1062 760 1184 824 Thome
1206 759 1247 824 de
1272 757 1451 822 Beseuilla¹

351 867 505 932 auunculi
525 867 626 952 ipsius
648 866 807 930 Johannis
829 865 920 929 cuius
943 865 1035 928 heres
1056 863 1125 948 ipse
1148 870 1198 926 est
1220 871 1362 946 stoque
1386 869 1451 925 tes-

352 978 442 1035 tatur
456 969 542 1055 quod
556 969 624 1055 ipse
644 969 735 1034 dedit
755 977 815 1034 etc.
832 969 892 1033 deo
913 977 947 1032 et
967 966 1099 1032 ecclesie
1119 964 1159 1029 de
1183 963 1395 1030 Chauoumba
1416 971 1452 1026 92

351 1071 510 1136 canonicis
524 1080 584 1137 etc.
599 1071 764 1136 ecclesiam
779 1070 819 1135 dc
836 1071 957 1135 Estona
976 1091 1050 1134 cum
1071 1067 1220 1131 omnibus
1240 1063 1452 1150 pertinenciis

352 1174 418 1239 suis
439 1174 474 1238 in
494 1174 628 1239 liberam
648 1195 762 1260 puram
778 1181 812 1238 92
826 1181 1017 1259 9919929919
1032 1170 1240 1236 elemosinam
1255 1176 1315 1233 eto.
1330 1167 1452 1252 etipse

352 1283 386 1340 92
401 1275 534 1340 heredes
550 1277 601 1341 sui
616 1276 870 1341 warantizabunt
889 1284 949 1340 etc.
964 1283 1076 1340 contra
1094 1281 1153 1338 etc.
1199 1272 1324 1336 Profert
1346 1270 1451 1335 eciam

351 1387 473 1443 cartam
491 1379 640 1465 Episcopi
660 1379 825 1464 Hugonis⁹
845 1401 907 1465 que
927 1377 1048 1442 donum
1071 1375 1152 1442 illud
1174 1375 1343 1440 confirmat
1364 1375 1452 1439 91992

351 1483 588 1548 racionabiliter
602 1483 648 1548 eis
663 1484 785 1548 1992919
800 1483 863 1547 1912
878 1481 964 1547 unde
979 1481 1143 1567 predictus
1159 1480 1248 1544 Prior
1262 1479 1343 1544 dicit
1362 1479 1452 1564 quod

352 1587 422 1673 ipse
441 1587 606 1653 lohannes
629 1596 678 1653 est
700 1587 793 1653 heres
815 1587 916 1672 ipsius
939 1587 1060 1651 Thome
1083 1595 1118 1650 et
1139 1586 1238 1650 debet
1260 1585 1306 1650 919
1328 1585 1451 1649 (199919

351 1691 433 1756 illud
446 1692 656 1756 warentizare.

416 1795 460 1859 Et
481 1795 646 1860 Johannes
668 1796 761 1860 99912
782 1804 816 1860 92
837 1795 917 1860 (11912
937 1794 1023 1880 quod
1043 1803 1132 1858 carta
1150 1793 1207 1857 illa
1227 1793 1258 1857 91
1272 1815 1336 1856 999
1350 1791 1453 1857 (19292

351 1921 463 1964 999919
484 1921 543 1964 999
565 1899 667 1963 Ρ11911
687 1900 804 1978 991919,
819 1899 896 1984 9919
915 1921 1029 1962 reuera
1048 1899 1212 1983 predictus
1232 1897 1371 1962 Thomas
1386 1897 1452 1961 1912

351 2004 530 2068 999999199
545 2025 622 2068 suus
637 2013 671 2068 et
691 2003 760 2088 ipse
780 2011 830 2067 992
851 2002 943 2066 29199
963 2001 1033 2066 9199
1053 2010 1103 2066 992
1125 2001 1288 2086 predictus
1310 2001 1452 2065 Thomas

350 2113 472 2169 cartam
486 2105 576 2170 illem
592 2107 668 2170 19912
682 2107 761 2170 dum
775 2105 843 2190 ipse
862 2105 926 2169 fuit
947 2104 1030 2168 infra
1050 2111 1172 2168 etatem
1193 2111 1227 2167 92
1247 2103 1282 2167 19
1304 2103 1453 2168 custodia

351 2209 501 2295 Hugonis
520 2209 560 2274 (19
582 2209 793 2274 Chaucumba
810 2208 988 2273 hindatoris
1004 2207 1167 2271 Prioratus
1183 2205 1222 2271 de
1239 2205 1453 2272 Ohaucumba

350 2313 473 2378 domini
498 2314 548 2378 sui
572 2321 606 2377 et
629 2313 663 2376 in
690 2312 749 2377 teli
774 2321 920 2398 tempore
946 2333 1010 2396 quo
1039 2309 1126 2373 idem
1156 2309 1295 2374 Thomas
1325 2310 1450 2374 nullam

352 2417 502 2481 seisinam
524 2417 639 2480 habuit
662 2417 701 2480 de
724 2415 833 2500 aliqua
854 2423 941 2480 terra
962 2415 1015 2478 uel
1035 2413 1076 2478 (19
1096 2412 1308 2478 aduocacione
1324 2422 1358 2477 et
1373 2414 1451 2477 inde

351 2521 443 2605 ponit
458 2541 491 2584 99
506 2541 602 2604 99991
616 2519 755 2582 19192919
770 2527 820 2583 set
834 2541 948 2583 reuera
962 2526 1074 2603 postea
1084 2538 1142 2601 per
1152 2538 1307 2602 magnum
1320 2527 1451 2602 tempus

351 2623 444 2687 uenit
458 2623 497 2686 ad
514 2631 633 2686 terram
654 2643 745 2686 suam
766 2630 801 2686 92
820 2621 937 2686 habuit
958 2621 1109 2686 seisinam
1132 2629 1166 2684 et
1188 2620 1223 2684 in
1245 2619 1363 2685 saisina
1385 2621 1451 2684 fuit

352 2749 409 2812 per
423 2727 564 2812 quinque
579 2749 685 2790 annos.

191 2873 339 2921 pomum
417 2829 461 2892 Et
487 2829 576 2892 Prior
597 2827 676 2892 dicit
697 2828 783 2914 quod
807 2829 891 2893 19929
912 2828 975 2892 1912
997 2827 1057 2892 2911
1079 2835 1224 2912 29199919
1247 2849 1310 2913 quo
1332 2827 1452 2892 habuit

189 2921 334 3015 ῗξξξῃῗζὲῗ
352 2939 474 2997 etatem
497 2939 530 2995 et
554 2953 617 3015 quo
643 2931 706 2994 fuit
727 2931 762 2994 in
791 2930 909 2995 seisina
937 2930 977 2994 (19
1007 2939 1094 2994 terra
1122 2951 1181 2993 999
1210 2937 1245 2994 92
1273 2929 1358 3014 petit
1387 2931 1451 2994 sibi

188 3013 332 3146 §liciniis
351 3035 480 3100 allocari
516 3034 601 3119 quod
636 3033 723 3097 idem
758 3033 923 3098 Johannes
958 3033 1120 3119 cognoscit
1156 3031 1242 3118 quod
1278 3041 1451 3118 postquam

189 3118 331 3241 elffii?
351 3138 490 3202 Thomas
511 3137 603 3201 uenit
625 3137 666 3200 ad
696 3146 817 3201 etatem
840 3145 875 3201 et
897 3136 1013 3201 habuit
1036 3145 1155 3204 terram
1184 3159 1276 3202 suam
1306 3160 1370 3201 non
1401 3160 1451 3202 re-

188 3212 308 3334 ffi‘dffgt
350 3239 504 3304 clamauit
525 3247 636 3302 contra
656 3247 777 3302 cartam
798 3237 887 3302 illam
903 3247 937 3303 et
952 3261 1065 3303 reuera
1079 3240 1162 3304 bene
1182 3239 1344 3326 cognoscit
1363 3239 1451 3324 quod

188 3344 339 3436 ssffissffl
352 3345 533 3408 Willelmus
562 3343 602 3407 de
632 3343 794 3407 Beseuilla
822 3351 1003 3407 antecessor
1031 3343 1175 3406 eiusdem
1197 3343 1355 3408 Joharmis
1378 3365 1450 3427 pre·

189 3436 326 3520 bilbili*
349 3447 493 3513 sentauit
515 3446 665 3510 ultimam
685 3467 851 3530 personam
874 3454 933 3510 etc.
950 3454 984 3509 92
999 3445 1084 3530 quod
1102 3456 1191 3510 carta
1205 3448 1349 3532 predicta
1364 3448 1452 3510 19929

188 3529 339 3670 {isiffiffi
350 3551 414 3615 fuit
428 3551 512 3614 sicut
527 3549 707 3634 predictum
722 3557 772 3612 992
793 3557 936 3632 29199919
957 3556 991 3612 92
1012 3557 1050 3612 92
1070 3571 1168 3634 99919
1187 3561 1221 3614 92
1244 3551 1319 3616 inde
1341 3552 1451 3636 ponit³

187 3671 323 3756 pgnngneegp
350 3677 384 3720 99
399 3677 495 3740 99991
510 3663 610 3718 testes
624 3652 805 3716 nominatos
820 3652 854 3716 in
874 3661 963 3716 carta
982 3652 1078 3716 simul
1100 3677 1174 3717 cum
1196 3656 1268 3719 aliis
1290 3657 1451 3742 legalibus

187 3763 322 3857 ffiggdffiln·
350 3759 535 3824 hominibus
551 3759 685 3822 luonem
701 3757 742 3822 de
757 3758 951 3822 Molintona⁴
962 3766 996 3822 et
1011 3759 1033 3822 J
1035 3759 1176 3824 ohannes
1191 3761 1342 3825 similiter
1356 3763 1450 3846 ponit

187 3857 384 3950 {llffilssfflse
404 3863 438 3926 in
458 3862 547 3926 illam
567 3861 706 3924 iuratam
729 3869 763 3924 et
785 3861 864 3924 dicit
887 3861 972 3946 quod
994 3861 1127 3926 clericus
1149 3865 1206 3948 qui
1228 3864 1343 3927 ultimo
1366 3865 1450 3930 obiit

186 3951 311 4038 11111111
350 3987 484 4051 persona
512 3987 638 4050 semper
667 3965 775 4029 tenuit
803 3985 904 4049 usque
934 3964 974 4027 ad
1005 3965 1129 4029 obitum
1159 3989 1254 4030 suum
1281 3968 1449 4032 ecclesiam

186 4043 320 4178 {ffiiipffiip
349 4070 439 4135 illam
454 4093 493 4134 ex
509 4069 591 4133 dono
606 4067 814 4132 antecessoris
829 4068 880 4132 sui
895 4076 929 4132 92
947 4067 1019 4132 ideo
1040 4092 1104 4133 999
1124 4072 1268 4154 99912912
1291 4073 1449 4138 Thomam

185 4148 315 4268 9991111(
349 4175 547 4242 9999991991
569 4194 663 4236 99991
685 4170 856 4235 reclamare
882 4179 994 4235 contra
1015 4181 1136 4236 cartam
1162 4173 1259 4239 illam.
1305 4175 1349 4240 Et
1375 4177 1450 4242 ideo

380 4307 390 4339 1
407 4305 543 4360 pompa,
556 4303 585 4352 Β,
956 4300 966 4332 ³
983 4308 1087 4361 tempore
1100 4317 1146 4362 quo
1160 4303 1328 4362 Ttoruossuit
1339 4306 1450 4353 11199191·

379 4372 391 4404 ²
406 4372 617 4433 cooflmtoriocem
624 4369 740 4426 11999929
752 4368 871 4481 Episcopi
922 4380 956 4414 aa
968 4372 992 4413 et
1004 4366 1092 4414 tabuit
1103 4373 1193 4414 etatem
1204 4375 1227 4414 ct
1239 4370 1297 4417 inde
1307 4373 1390 4430 pontt,
1403 4369 1433 4418 B.

350 4438 538 4494 Lincolateruts,
561 4433 592 4482 Β.
627 4432 652 4484 Β.
672 4431 751 4493 Hugh
788 4429 826 4480 'ed
843 4429 871 4479 in
953 4429 1061 4480 ⁴Other
1071 4445 1160 4480 names
1171 4431 1199 4480 in
1211 4432 1242 4481 B.

349 4504 419 4552 1200.
769 4533 772 4541 ·
