3196 5226
374 465 437 528 132
684 479 824 542 mmm,
848 480 912 529 22.
937 466 1030 541 1222,
1052 479 1115 530 ιιι
1139 468 1167 530 6.

373 658 407 713 22
433 649 583 714 2212122111
607 649 709 734 222112
733 649 784 714 221
813 657 847 714 22
873 657 981 714 totum
1006 649 1047 715 de
1074 651 1173 716 uerbo
1199 651 1233 716 in
1260 653 1400 716 uerbum
1426 671 1487 736 per

372 776 486 839 eorpus
510 753 644 816 Roberti
667 753 707 817 de
737 753 897 838 Cloptona
923 754 980 839 qui
1009 754 1069 818 hoc
1099 755 1192 819 offert
1219 755 1393 820 defendere
1426 775 1487 840 per

373 881 487 943 corpus
501 878 596 921 suum
612 857 696 922 sieut
711 858 801 922 22112
814 858 1073 923 considerauerit

233 981 338 1020 112222
439 957 685 1025 consideratum
700 968 749 1023 est
764 960 850 1044 quod
864 959 1009 1024 duellum
1025 960 1067 1024 sit
1083 960 1170 1024 inter
1190 983 1243 1024 eos
1260 967 1295 1024 et
1313 959 1484 1024 Robertus

253 1175 323 1238 165.

373 1065 430 1130 dat
445 1061 578 1128 uadium
593 1062 787 1127 defendendi
801 1071 835 1126 et
850 1061 1068 1148 Reginaldus¹
1084 1063 1248 1148 probandi

439 1171 631 1258 Prooeptum
658 1167 721 1232 suit
745 1167 929 1232 uioeoomiti
956 1167 1042 1253 quod
1066 1189 1125 1253 221
1149 1177 1386 1233 sacramentum
1421 1177 1484 1232 ete

239 1274 329 1314 cornua
373 1276 547 1364 diligenter
568 1273 744 1359 inquireret
766 1296 829 1359 que
852 1273 994 1358 dampna
1014 1272 1198 1338 Willelmus
1220 1274 1335 1338 Bssset
1361 1273 1485 1338 habuit

373 1402 432 1465 221
460 1380 659 1444 disseisinam
686 1399 783 1462 quam
807 1376 932 1441 Alanus
958 1377 998 1442 de
1025 1377 1258 1443 Dunstanuilla
1283 1377 1314 1442 ei
1336 1378 1417 1442 fecit
1441 1377 1483 1442 de

373 1492 460 1548 terra
474 1485 514 1550 de
535 1483 715 1568 Treuelgsn
734 1503 793 1566 per
812 1481 911 1546 breue
933 1482 1068 1546 Henrioi
1087 1482 1147 1546 filii
1162 1481 1314 1548 Comitis¹
1328 1491 1362 1548 et
1377 1505 1482 1568 quam

373 1596 492 1652 terram
514 1589 601 1652 idem
623 1585 807 1650 Willelmus
833 1591 946 1668 222222
970 1586 1175 1671 recuperauit
1199 1609 1312 1651 uersus
1335 1586 1481 1651 eundem

373 1691 515 1756 Alanum
535 1715 593 1778 per
612 1689 767 1754 iudicium
788 1687 875 1752 curie
897 1695 967 1765 eto,
982 1697 1016 1752 22
1036 1688 1215 1754 2122221222
1235 1690 1406 1755 mandauit
1421 1713 1482 1776 per

373 1795 547 1912 2212122122
561 1793 646 1880 quod
661 1793 838 1878 dampnum
853 1791 969 1856 habuit
983 1791 1026 1856 ud
1046 1793 1225 1858 ualenciam
1242 1795 1338 1881 xxxij.
1355 1795 1427 1858 libr.
1445 1803 1481 1859 et

373 1900 437 1985 viiJ'
454 1901 601 1966 soletis
618 1898 688 1962 den.
705 1897 831 1961 undeo.
848 1905 882 1960 22
903 1896 959 1981 iiij.
976 1897 1069 1961 solidi
1089 1909 1289 1963 amouentur.
1335 1897 1379 1962 Et
1403 1899 1480 1962 ideo

298 2005 555 2110 n‹JJmWillelmus
578 2005 697 2070 11211222
722 2004 821 2067 111222
845 2002 886 2067 od
912 2002 1135 2068 uioeeomitem
1162 2004 1248 2089 quod
1278 2003 1319 2068 de
1349 2004 1479 2067 22221112

223 2129 283 2250 ΘΞ..
294 2075 515 2202 gss'eiusdem
530 2107 677 2172 Alanim
691 2107 814 2170 11211122
832 2127 891 2170 222
910 2106 979 2170 2122
1002 2106 1210 2172 dilacione
1182 2130 1213 2172 21
1235 2109 1353 2173 11211212
1376 2109 1478 2172 faeiat

303 2213 466 2299 0⁸xxvij
497 2212 565 2276 libr
596 2233 654 2296 pro
683 2209 823 2294 dampno
852 2209 938 2294 quod
973 2232 1032 2296 per
1065 2209 1266 2276 disseisinam
1296 2221 1357 2277 eto
1386 2211 1477 2276 unde

284 2223 574 2401 erecuperauit
593 2313 743 2377 seisinam
767 2335 825 2398 per
845 2312 1001 2377 iudicium
1023 2313 1126 2378 curie⁸
1146 2337 1204 2399 pos
1206 2323 1260 2378 tea
1206 2313 1403 2378 tdictum
1426 2323 1478 2378 est

371 2417 457 2503 quod
480 2417 604 2481 Alanus
629 2416 710 2480 obiit
734 2424 768 2480 22
792 2415 864 2480 ideo
890 2415 983 2480 heres
1009 2437 1086 2480 suus
1114 2425 1359 2526 summoneatur
1387 2417 1476 2503 quod

370 2523 484 2587 reddat
470 2529 531 2586 221
521 2521 689 2586 'denarios
703 2520 775 2584 illos
789 2528 849 2584 222.
865 2529 899 2585 22
915 2521 978 2584 2121
968 2521 1104 2585 'feeerit
1119 2531 1178 2586 etc.

436 2624 618 2690 Willelmus
655 2625 807 2708 Paynelle
844 2647 903 2710 per
933 2633 1135 2688 attornatum
1164 2647 1259 2689 suum
1289 2625 1410 2711 optulit
1440 2649 1475 2690 se

265 2755 325 2784 enon
371 2737 485 2814 quarto
500 2727 553 2792 die
573 2751 685 2792 uersus
701 2727 881 2791 Walterum
902 2727 943 2792 de
964 2729 1141 2792 Senewalle
1164 2727 1275 2814 quise
1298 2728 1476 2796 2222212212

370 2831 411 2896 (12
433 2832 517 2896 malo
540 2831 615 2895 lecti
638 2853 750 2895 uersus
772 2855 846 2896 eum
869 2831 910 2896 de
931 2831 1050 2917 placito
1071 2839 1154 2895 torre
1176 2839 1235 2895 etc.
1252 2839 1287 2895 et
1308 2831 1476 2897 Walterus

370 2957 434 2999 non
464 2935 557 2999 uenit
585 2957 644 2999 222
673 2935 795 2999 milites
824 2935 880 3020 qui
910 2935 1055 2998 fecerunt
1082 2935 1188 2998 uisum
1215 2933 1256 2998 de
1280 2955 1326 3009 eo,
1350 2933 1475 2999 seilicet

370 3039 526 3104 Ricardus
543 3037 609 3103 Ess’
625 3047 685 3104 222.
700 3061 836 3124 quorum
856 3038 921 3103 duo
941 3061 974 3103 se
995 3039 1240 3103 essoniauerunt
1262 3047 1322 3104 222.
1343 3047 1378 3102 22
1399 3039 1475 3102 ideo

369 3143 546 3207 uieeeomes
561 3143 680 3206 11211222
694 3165 825 3227 corpora
839 3151 899 3207 222.

314 3307 319 3318 ,
434 3248 600 3312 Johannes
629 3247 668 3310 de
699 3247 822 3311 Breusa
849 3269 908 3332 per
936 3255 1137 3311 attornstum
1167 3269 1262 3310 suum
1288 3245 1409 3331 optulit
1439 3269 1474 3311 22

293 3367 306 3394 ⁰
370 3375 481 3416 uersus
505 3353 721 3438 Reginaldum
741 3351 782 3416 de
803 3352 926 3416 Breusa
944 3352 985 3416 de
1005 3352 1124 3438 placito
1144 3351 1297 3416 audiendi
1314 3350 1474 3414 iudicium

370 3479 464 3521 suum
485 3459 538 3523 uel
561 3459 694 3522 tenendi
716 3457 915 3522 concordiam
938 3456 1024 3520 inter
1046 3479 1099 3520 eos
1120 3458 1318 3542 prolocutum
1341 3465 1376 3520 22
1398 3479 1473 3521 222-

370 3583 490 3625 2222212
506 3571 564 3626 eto.
581 3571 615 3626 et
630 3585 726 3647 super
740 3563 799 3626 hoe
815 3561 907 3625 uenit
922 3561 1008 3624 idem
1024 3561 1223 3646 Reginaldus
1237 3570 1271 3625 et
1286 3561 1366 3625 dicit
1385 3562 1473 3647 quod

369 3665 409 3729 (12
439 3666 528 3730 22112
557 3665 675 3751 placito
704 3667 802 3730 debet
831 3666 861 3730 ei
891 3664 1091 3750 respondere,
1116 3665 1193 3750 quia
1217 3675 1290 3751 post
1314 3666 1472 3751 placitum

368 3771 455 3835 inter
478 3795 531 3836 eos
558 3781 682 3837 motum
709 3780 743 3836 22
765 3781 877 3835 222212
899 3771 1151 3857 prohibicionem
1174 3771 1296 3836 domini
1319 3771 1418 3858 Regis
1442 3772 1473 3836 ei

369 3877 491 3940 1222212
511 3876 664 3940 12112222
686 3875 823 3940 12212212
840 3875 927 3939 idem
950 3875 972 3939 J
974 3875 1115 3939 ohannes
1135 3875 1169 3938 in
1189 3873 1318 3960 propria
1336 3896 1475 3959 persona

369 3987 487 4043 terram
503 4003 594 4044 22212
615 3989 649 4044 22
669 3980 763 4044 uillas
783 3979 958 4043 combussit
979 3987 1012 4041 et
1035 3977 1181 4040 homines
1203 3999 1276 4040 suos
1299 3977 1415 4041 oceidit
1438 3987 1472 4042 22

368 4093 472 4148 222212
500 4083 643 4148 firmauit
668 4106 765 4169 super
790 4103 864 4146 eum
891 4105 949 4168 per
977 4081 1063 4167 quod
1094 4081 1272 4166 dampnum
1302 4080 1401 4144 habet
1430 4081 1473 4144 ad

399 4245 408 4276 ¹
426 4245 497 4294 Gorr.
508 4247 643 4295 Jolmnnes.
943 4242 1068 4304 Reginald
1080 4243 1143 4292 Esrl
1156 4243 1184 4292 ol
1200 4241 1328 4291 Cornusll
1339 4256 1355 4291 2
1366 4241 1473 4292 bastard

398 4311 515 4373 ²Hsnry
537 4311 581 4360 fitz
604 4309 667 4358 Earl
689 4323 718 4358 or
739 4309 784 4357 fitz
806 4308 893 4358 02222
944 4324 991 4357 222
1003 4309 1032 4357 of
1042 4309 1131 4370 HenrJ⁷
1143 4307 1187 4358 the
1199 4308 1276 4357 First.

366 4373 419 4430 had
430 4375 538 4424 claimed
550 4379 576 4424 to
588 4373 651 4424 hold
663 4375 790 4424 Cornwsll
807 4373 835 4422 in
854 4375 891 4423 122
975 4373 986 4405 ⁸
1003 4373 1083 4422 What
1092 4373 1190 4423 follows
1200 4372 1283 4423 would
1292 4373 1323 4422 ba
1331 4372 1472 4436 2222221122

366 4439 418 4489 and
439 4439 491 4490 had
513 4441 632 4491 assumed
651 4455 685 4489 an
708 4439 803 4489 almost
820 4439 892 4501 roysl
943 4455 976 4488 on
990 4439 1033 4489 the
1044 4439 1111 4488 Roll.

365 4505 503 4568 authority.
540 4507 642 4554 112222
658 4521 673 4554 a
690 4504 794 4554 bastard
806 4519 853 4553 son
866 4506 894 4552 ol
