3314 5238
471 476 620 539 5555555,
643 475 707 525 no.
733 463 911 538 115115.
936 463 985 525 15.
1213 463 1275 524 555

162 647 275 733 Agnes
290 647 460 735 cognoscit
478 645 564 733 quod
584 645 787 733 mesuagium
808 644 890 711 illud
910 645 1010 710 estin
1025 645 1187 711 suburbio.
1232 645 1277 709 Et

161 751 234 815 ideo
253 759 395 816 teneant
417 751 450 815 ei
471 750 633 816 iusticiam
655 749 833 816 secundum
855 748 1123 814 consuetudinem
1143 748 1222 814 uille
1242 757 1277 814 et

161 854 323 920 liberetur
338 856 387 920 eis
401 855 501 920 breue
506 854 525 920 ¹.

106 1015 112 1029 .
226 957 446 1047 'Preceptum
461 959 524 1025 5115
539 958 722 1025 uicecomiti
737 958 823 1046 quod
838 959 958 1022 faceret
977 979 1046 1022 5555
1068 957 1278 1022 555155551155
1371 972 1384 1000 ⁰

160 1061 285 1128 diuisae
307 1064 400 1128 inter
418 1072 538 1128 terram
562 1062 680 1126 Prioris
700 1062 740 1128 (15
763 1061 897 1127 Wenloc
919 1062 954 1126 in
978 1061 1079 1126 Stoke
1102 1069 1136 1126 55
1158 1069 1277 1126 terram

161 1167 302 1232 Walteri
320 1167 436 1231 Haket
458 1173 493 1230 et
515 1165 697 1252 Margarete
720 1165 828 1230 uxoris
850 1164 921 1230 eius
942 1165 977 1229 in
992 1164 1176 1230 Wethulla⁸
1193 1163 1279 1228 sicut

160 1293 230 1335 5555
257 1271 388 1335 debent
412 1277 446 1334 55
469 1269 574 1334 solent
603 1275 638 1334 et
667 1268 754 1334 unde
783 1268 870 1333 idem
897 1267 987 1332 Prior
1015 1268 1164 1354 queritur
1191 1267 1279 1354 quod

160 1367 304 1453 predicti
322 1369 489 1433 Walterus
510 1376 545 1432 et
565 1368 749 1454 Margareta
768 1367 842 1453 plue
861 1374 1067 1445 attraxerunt
1084 1367 1126 1432 ad
1148 1367 1278 1432 feodum

160 1495 258 1537 suum
283 1495 389 1558 quam
412 1471 455 1536 ad
478 1471 564 1557 ipsos
585 1470 730 1556 pertinet
753 1470 939 1536 habendum
963 1469 1105 1535 circiter⁴
1129 1491 1185 1535 sex
1215 1493 1277 1538 555.

160 1585 246 1641 terre
262 1599 345 1642 cum
360 1584 441 1662 pert.
458 1584 492 1639 et
506 1583 625 1661 petunt
639 1575 713 1640 illas
727 1573 812 1640 sicut
826 1595 884 1660 per
898 1573 997 1639 breue
1013 1573 1054 1638 de
1069 1581 1164 1639 recto.

226 1681 273 1746 Et
288 1681 461 1746 Walter-us
475 1701 533 1766 pro
547 1701 581 1743 se
596 1687 630 1743 55
646 1679 830 1765 Margareta
843 1699 943 1742 uxore
955 1677 1025 1744 eius
1036 1677 1175 1743 ueniunt
1187 1676 1278 1743 'inde

160 1783 271 1848 uisum
288 1792 354 1848 eto
370 1791 405 1847 et
419 1782 551 1846 interim
567 1789 626 1846 etc.

108 1945 114 1958 ,
226 1885 266 1950 ‘J
267 1885 432 1950 ohannes⁷
446 1893 481 1950 et
495 1883 638 1949 Albreda
652 1905 733 1948 uxor
747 1883 818 1948 eius
832 1889 951 1968 petunt
967 1905 1079 1948 uersus
1094 1883 1277 1950 Walterum
1357 1895 1370 1924 ⁰

161 1989 269 2054 filium
286 1989 411 2076 Rogeri
426 1987 636 2053 medietatem
658 1987 703 2073 iij.
721 2009 781 2052 aer.
798 1996 832 2053 55
843 1988 867 2072 j.
890 1987 1034 2075 mesuag'
1051 2011 1125 2054 cum
1146 1997 1226 2075 pert.
1242 1990 1278 2056 in

162 2094 444 2158 Hunstanestuna
458 2101 497 2158 ut
511 2092 621 2156 dotem
637 2115 738 2158 suam.
899 2143 907 2156 .

227 2197 276 2261 Et
292 2196 460 2260 Walterus
475 2195 567 2260 uenit
582 2203 616 2260 et
632 2194 795 2281 cognoscit
810 2193 896 2285 quod
911 2195 1053 2260 uillanue
1068 2203 1117 2261 555
1133 2204 1167 2261 55
1185 2203 1278 2261 tenet

162 2300 196 2364 in
208 2299 393 2386 uillenagio
402 2299 442 2364 de
457 2299 480 2363 J
481 2298 607 2363 ohanne
620 2299 810 2385 Eetraunge.
856 2299 900 2363 Et
911 2299 934 2364 J
935 2299 1078 2364 ohannes
1089 2309 1123 2364 55
1135 2301 1278 2366 Albreda

162 2425 228 2468 non
242 2403 465 2490 possunthoc
487 2403 634 2468 dedicere
652 2410 687 2468 et
708 2402 782 2468 ideo
798 2403 962 2469 Walterus
977 2404 1053 2470 inde
1075 2405 1145 2470 eine
1166 2404 1220 2470 die
1242 2414 1278 2470 et

163 2507 227 2593 ipsi
241 2507 437 2594 perquirant
452 2505 503 2572 se⁸
517 2515 578 2574 etc.

62 2621 73 2636 '
112 2671 118 2682 ,
228 2608 444 2695 'Preceptum
465 2609 528 2674 fuit
550 2609 674 2674 Abbati
697 2609 728 2674 S.
750 2609 935 2674 Eadmundi
956 2609 1060 2696 primo
1082 2619 1115 2676 et
1138 2611 1278 2677 secundo

164 2712 254 2798 quod
271 2711 430 2776 recordari
445 2712 563 2776 laceret
575 2711 735 2798 loquelam
747 2732 811 2797 que
821 2711 884 2775 fuit
899 2711 934 2776 in
949 2712 1039 2778 curia
1048 2713 1080 2778 S.
1093 2713 1279 2778 Eadmundi

164 2816 256 2880 inter
293 2815 474 2880 Robertum
510 2815 552 2880 de
589 2815 731 2904 Oouling
769 2817 966 2901 apellantem
1004 2825 1039 2881 et
1075 2817 1278 2882 Willelmum

166 2920 394 3005 Mauueyseyn
410 2919 610 2984 Willelmum
629 2921 735 2985 filiurn
751 2920 821 2985 eius
836 2921 1019 2986 Walterum
1035 2921 1229 3008 Mauueysin
1244 2931 1279 2986 et

165 3023 327 3110 quosdam
342 3023 422 3087 alios
435 3024 591 3108 apellatoo
605 3023 646 3089 de
657 3047 736 3110 pace
751 3025 845 3090 Dom.
861 3026 962 3112 Regis
976 3025 1114 3090 infracta
1125 3035 1159 3090 et
1174 3025 1279 3112 plagis

166 3128 256 3192 unde
277 3149 333 3192 555
348 3126 513 3212 apellauit,
528 3135 563 3192 et
578 3127 664 3192 unde
680 3128 842 3192 Robertue
857 3137 991 3215 questus
1005 3129 1069 3194 suit
1084 3129 1200 3194 falsum
1216 3129 1278 3193 sibi

166 3233 201 3298 in
217 3233 335 3299 eadem
350 3231 441 3296 curia
455 3231 577 3316 factum
593 3231 690 3297 151555
705 3231 862 3297 iudicium
878 3255 916 3297 eo
936 3232 1022 3318 quod
1044 3255 1118 3297 curn
1140 3231 1279 3317 predicti

166 3335 303 3421 apellati
325 3333 508 3420 posuissent
533 3349 567 3398 55
589 3355 687 3419 super
708 3334 847 3419 patriam
870 3334 904 3398 in
927 3333 1040 3398 eadem
1063 3333 1153 3398 curia
1172 3343 1206 3398 et
1220 3356 1279 3419 per

167 3439 309 3524 patriam
325 3438 531 3504 recessissent
539 3437 644 3523 quieti
655 3437 695 3504 de
711 3439 816 3524 apello
831 3439 887 3504 illo
902 3439 989 3505 idern
1005 3439 1115 3504 Abbae
1127 3439 1279 3527 exigebat

200 3661 211 3694 ¹
228 3661 276 3710 See
287 3659 368 3710 abore
379 3659 444 3710 Care
456 3661 512 3712 577.
750 3659 862 3709 51115155
873 3659 937 3711 lord.

201 3727 212 3759 ¹
229 3727 260 3774 B.
272 3741 310 3774 m.
321 3728 346 3775 8.
782 3727 793 3758 ⁰
808 3726 879 3777 B.m.
891 3726 941 3776 ed.
958 3725 1279 3790 Forenrlierprooeedingr

201 3789 310 3841 'stoke
327 3791 366 3841 St.
383 3787 514 3852 Milbnrgh
529 3789 582 3840 and
593 3789 699 3840 Wheat·
751 3805 792 3840 555
808 3791 888 3840 above
905 3791 970 3840 0555
986 3793 1042 3848 511,
1061 3793 1127 3841 from
1149 3791 1234 3841 which
1256 3791 1278 3842 it

169 3855 227 3906 hill.
750 3871 834 3905 reema
845 3855 904 3905 5555
915 3856 1012 3905 Robert
1023 3861 1051 3906 at
1062 3871 1133 3906 rome
1143 3857 1232 3920 period
1248 3873 1279 3907 or

202 3922 214 3953 ⁴
229 3921 349 3970 Between
361 3921 463 3969 circiter
473 3919 526 3970 and
540 3937 591 3981 rex,
610 3921 656 3970 bnt
671 3920 699 3970 in
750 3920 825 3970 other
836 3921 968 3970 withdrew
979 3921 1045 3970 lrom
1056 3921 1099 3970 hir
1111 3921 1162 3970 5515
1174 3922 1278 3982 against

171 3986 216 4036 the
226 3985 337 4047 margin,
350 3984 373 4034 15
387 3993 491 4034 matum.
526 3985 551 4034 It
568 3987 591 4034 15
608 3987 654 4034 not
671 3985 699 4034 in
750 3985 898 4035 rhonbbot.
931 3986 1059 4036 15155155
1075 3990 1174 4050 easyto
1191 3987 1279 4038 decido

171 4051 202 4102 B.
236 4051 249 4100 1
271 4065 315 4099 nm
338 4050 472 4099 uncertain
495 4049 609 4100 whether
630 4049 652 4100 15
676 4050 700 4099 is
750 4052 852 4114 exectly
868 4050 937 4101 what
953 4049 1088 4114 happened
1108 4051 1148 4100 155
1169 4067 1186 4102 5
1206 4057 1277 4116 post-

173 4119 261 4166 mennt
272 4119 300 4164 to
312 4114 382 4164 bein
394 4114 438 4164 the
450 4118 512 4164 text.
751 4117 831 4177 script
847 4131 882 4165 on
898 4131 933 4166 an
950 4116 1041 4166 earlier
1057 4117 1106 4166 roll
1123 4131 1183 4180 may
1199 4118 1230 4168 bo
1250 4119 1280 4168 51

204 4181 330 4243 υ115551]
342 4187 366 4229 et
380 4186 477 4242 petunt,
495 4179 526 4228 B.
560 4179 700 4230 ’15155555
750 4179 816 4230 later
833 4181 893 4230 (1555
908 4180 974 4231 than
991 4181 1036 4231 the
1053 4185 1129 4246 entry
1139 4197 1174 4231 on
1191 4184 1277 4233 asub-

172 4245 273 4296 1511155.
289 4246 433 4304 View,1'{3.
750 4249 858 4307 aequent
884 4246 942 4295 roll.
976 4245 1090 4308 Perhaps
1117 4246 1162 4297 the
1182 4251 1279 4298 matter

205 4311 261 4361 1Β.
276 4325 312 4358 m.
325 4309 374 4358 81.
750 4325 803 4359 was
814 4313 861 4359 not
872 4311 1020 4360 endnedto
1032 4311 1096 4374 drop
1111 4311 1219 4362 5555555
1233 4312 1278 4362 the

205 4375 215 4412 ⁷
232 4375 332 4438 Supply
343 4374 399 4436 Inp'
413 4373 444 4438 (l)
456 4373 487 4424 Β.
750 4375 835 4424 Abbot
846 4374 898 4425 hed
910 4375 973 4424 been
985 4375 1127 4440 infringing
1144 4376 1189 4428 555
1205 4378 1278 4441 royel

205 4440 332 4502 ⁸8upply
348 4453 435 4488 555555
451 4441 591 4490 15555555
612 4441 635 4489 ri
657 4456 699 4488 no·
750 4439 872 4504 privilege
884 4439 912 4490 51
922 4440 981 4491 trial
992 4441 1026 4504 by
1036 4441 1103 4506 jury.

175 4507 275 4567 luerint,
305 4505 337 4554 B.
386 4503 458 4566 They
485 4509 555 4554 must
582 4519 628 4556 555
656 4505 700 4554 the
879 4517 881 4523 ⁴
