3196 5226
315 481 439 530 HILARY
462 480 537 528 nun
559 479 695 542 unsrun,
718 480 783 530 nu.
808 467 902 544 1220,
925 480 988 530 aa.
1012 467 1041 530 l.
1164 469 1225 530 105

146 657 297 722 hominum
309 657 334 722 si
346 659 416 744 ipsa
431 656 569 724 Edelina
583 657 647 722 luit
661 668 820 744 umquam
831 657 944 724 seisita
958 657 992 721 in
1007 656 1168 723 dominico
1188 665 1227 721 ut

148 757 182 820 de
195 757 280 822 lando
292 757 327 822 de
340 767 427 822 terra
440 757 498 822 illa
512 765 682 843 postquam
698 765 785 822 terra
802 757 859 822 illa
878 757 957 822 data
975 757 1039 822 fuit
1059 757 1164 822 Alano
1186 757 1227 822 de

148 861 315 950 Plugenhay
341 862 376 927 iu
405 861 614 948 maritagium
643 885 718 926 cum
748 861 819 946 ipsa
848 861 1042 939 clemencia,
1064 861 1113 927 ita
1141 861 1228 947 quod

148 965 207 1050 ipsa
220 967 344 1031 Fdelina
358 989 430 1032 eam
447 966 525 1032 dare
543 975 652 1053 posset
671 965 734 1052 ipsi
755 965 896 1031 Henrico
915 967 970 1032 uel
989 989 1062 1032 non.
1107 966 1228 1032 Veniat

148 1073 240 1138 inmte
252 1073 301 1137 die
314 1081 373 1138 etc

62 1181 108 1246 117.
201 1177 319 1242 ¹Abbas
344 1177 386 1242 de
411 1179 521 1264 Burgo
544 1199 603 1263 per
630 1185 832 1240 attomatum
861 1196 957 1240 suum
986 1174 1086 1261 peciit
1114 1196 1227 1239 uersus
1298 1199 1312 1229 ο

148 1276 325 1342 willelmum
348 1277 390 1342 de
415 1279 544 1364 Thorpe
566 1277 618 1364 vij.
645 1300 734 1342 acras
760 1285 845 1342 terre
865 1299 940 1342 cum
960 1275 1167 1363 pertinenciis
1192 1275 1227 1341 in

147 1379 255 1465 l'liorpe
276 1389 308 1444 et
324 1379 348 1466 j.
373 1380 576 1467 mesuagium
599 1403 672 1444 cum
695 1379 905 1466 pertinenciis
926 1379 961 1444 in
984 1379 1101 1466 Burgo,
1116 1387 1155 1444 ut
1176 1377 1228 1444 ius

146 1483 258 1546 ecclesie
285 1505 349 1560 sue,
372 1483 416 1547 Et
444 1483 628 1548 Willelmus
656 1482 750 1546 uenit
780 1491 839 1548 etc.
863 1489 897 1546 et
926 1481 1057 1546 uocauit
1086 1481 1228 1546 indeed

146 1595 303 1652 warantum
324 1587 447 1652 scilicet
464 1586 506 1651 de
522 1587 573 1672 vij.
590 1586 670 1651 acris
687 1586 858 1650 Widonem
873 1585 913 1650 de
929 1585 1122 1651 Wateruilla
1137 1594 1171 1650 et
1186 1585 1227 1650 de

146 1691 289 1777 mesuagio
308 1691 540 1777 Berengerium
561 1691 672 1777 Hoget
696 1697 730 1755 et
753 1689 870 1754 habuit
891 1689 1050 1754 auxilium
1076 1689 1164 1755 curie
1185 1689 1227 1755 de

145 1791 196 1855 illis
207 1793 442 1858 summouendis
457 1792 544 1880 quod
558 1801 666 1858 essent
681 1815 702 1858 a
714 1791 768 1858 die
783 1801 842 1858 eto.
859 1800 894 1857 et
909 1800 988 1857 tunc
1002 1815 1036 1857 se
1052 1793 1228 1858 essoniauit

147 1896 315 1974 Willelmus,
337 1906 372 1961 et
393 1897 518 1962 dictum
540 1896 605 1961 fuit
626 1896 814 1962 eseoniatori
836 1918 895 1961 suo
917 1897 1003 1982 quod
1025 1905 1227 1982 exspectaret

145 2021 239 2064 uersus
260 2000 440 2087 Wydonem
464 2009 499 2065 et
525 2000 766 2085 Berengerium,
788 2008 822 2064 et
845 1999 914 2086 ipse
937 2023 1002 2064 non
1025 2001 1228 2086 exspectauit

145 2111 201 2179 eto,
220 2125 276 2168 nec
300 2103 364 2189 ipsi
387 2111 556 2168 uenerunt.
602 2105 645 2168 Et
668 2105 746 2190 quia
769 2103 855 2168 idern
879 2103 1062 2169 Willelmus
1088 2127 1153 2168 non
1178 2113 1228 2170 est

145 2215 254 2269 secutus
275 2227 388 2272 uersus
410 2215 568 2270 warantos
589 2229 664 2270 suos
686 2216 719 2271 et
741 2207 804 2292 ipsi
833 2207 978 2272 lecerunt
1008 2207 1172 2286 desaltam,
1194 2216 1229 2272 et

145 2309 200 2392 ipse
217 2333 276 2374 non
296 2311 397 2376 habet
418 2333 496 2397 quos
511 2311 642 2375 uocauit
656 2309 698 2374 ad
713 2319 901 2386 warantum,
917 2309 1163 2376 Consideratum
1179 2319 1229 2376 est

146 2413 215 2496 quod
239 2415 351 2480 Abbas
380 2415 584 2500 recuperauit
613 2413 764 2478 saisinam
793 2437 885 2478 suam
915 2422 949 2480 et
978 2414 1162 2480 Willelmus
1193 2415 1228 2480 in
1240 2424 1376 2521 Quam

145 2517 350 2596 misericordia,
373 2527 408 2584 et
437 2541 477 2582 ex
503 2518 611 2604 gracia
635 2517 723 2582 curie
746 2518 809 2604 ipsi
831 2517 938 2604 Wydo
960 2525 994 2582 et
1016 2519 1366 2606 Berengeriuaffiffi

146 2631 392 2688 summoueantur
406 2623 493 2709 quod
508 2622 574 2686 sint
589 2645 610 2687 a
623 2622 751 2687 diecto
768 2622 809 2687 ad
824 2621 1105 2688 warentizandum.
1241 2613 1362 2698 iffi*

70 2721 111 2782 m
196 2727 281 2793 'Dies
313 2728 411 2792 datus
440 2736 491 2792 est
520 2727 663 2792 Arnaldo
692 2726 733 2790 de
763 2726 913 2790 Maitona
942 2733 977 2790 et
1005 2726 1151 2792 Waltero
1187 2727 1228 2792 de
1241 2705 1392 2792 illiniti

147 2829 272 2897 llartona
293 2832 484 2918 petentibus
507 2853 565 2918 per
586 2839 787 2897 attornatum
813 2854 909 2896 suum
936 2840 970 2896 et
996 2832 1160 2897 Willelmo
1188 2832 1229 2898 de
1241 2801 1391 2884 iiifflelii

1241 2892 1268 2932 ad
1277 2892 1369 2931 mu

147 2932 341 3022 llemeburgo
355 2944 390 2999 et
406 2934 532 2999 Serloni
546 2934 614 2998 filio
629 2934 759 2999 Anfridi
774 2934 831 3020 qui
844 2957 879 3000 ao
894 2935 1018 3000 faciunt
1032 2937 1230 3022 responsales
1241 2938 1382 3034 affl*

147 3035 253 3102 Radulli
276 3039 340 3103 lilii
360 3038 519 3104 Willelmi
539 3037 580 3102 de
605 3039 820 3125 Flemeburgo
845 3040 988 3104 tenentis
1008 3039 1048 3104 de
1068 3040 1230 3107 audienda
1284 3048 1348 3089 ¹³2⁰*-

147 3137 297 3204 eleoeione⁸
314 3139 356 3204 de
382 3139 423 3224 vj.
441 3139 569 3204 bouatis
589 3147 673 3204 terre
696 3163 770 3204 cum
794 3140 1002 3226 pertinenciis
1023 3141 1058 3206 in
1080 3142 1231 3208 Maitona

148 3241 215 3306 unde
234 3244 321 3309 idem
347 3243 508 3308 Radulfus
531 3243 588 3329 qui
613 3253 728 3309 teneus
752 3252 802 3308 est
826 3243 934 3328 posuit
959 3266 993 3308 se
1019 3244 1055 3308 in
1077 3267 1230 3332 magnam

147 3346 253 3412 emisam
276 3357 339 3414 etc.
356 3357 391 3412 et
413 3347 500 3434 petit
523 3348 777 3433 recoguicionem
800 3347 871 3412 lieri
897 3348 969 3434 quie
992 3369 1102 3412 eorum
1125 3349 1229 3414 maius

146 3447 186 3512 ius
197 3449 309 3517 habeat
324 3452 360 3516 in
375 3460 463 3516 terra
476 3451 534 3516 illa
553 3473 574 3516 a
593 3451 646 3515 die
666 3459 726 3516 etc.
742 3473 799 3536 pro
823 3450 951 3515 defectu
971 3449 975 3535 Ι
996 3451 1171 3516 electorum
1192 3476 1230 3518 eo
1294 3463 1340 3514 Μ]

147 3554 215 3636 quod
233 3579 343 3622 omnes
363 3557 514 3621 obierunt
535 3565 569 3620 et
588 3555 661 3621 ideo
676 3565 816 3642 quatuor
829 3556 870 3621 de
885 3579 969 3621 nouo
984 3567 1230 3632 summouentur
1242 3561 1369 3648 fflffin·

146 3663 192 3719 etc
221 3669 252 3724 et
285 3661 466 3724 uioecomes
501 3661 614 3725 mittat
648 3661 778 3726 eosdem
812 3660 934 3725 milites
970 3660 1011 3725 ad
1047 3661 1229 3746 predictum
1241 3659 1393 3751 ffiffiss,

147 3757 301 3828 Radulfum
327 3763 369 3828 ad
399 3762 598 3828 audiendum
624 3763 652 3828 si
677 3763 746 3849 ipse
773 3765 841 3828 loco
867 3787 926 3829 suo
951 3765 1041 3829 misit
1070 3765 1230 3851 predictos
1241 3749 1391 3836 fflffliiioio

145 3862 326 3934 Willelmum
347 3876 381 3933 et
405 3869 573 3934 Serlonem
598 3877 657 3936 eto.
679 3877 714 3934 et
736 3869 809 3934 illos
829 3879 1032 3934 summoneat
1055 3870 1141 3956 quod
1164 3871 1231 3936 sint
1242 3843 1392 3976 &ltili

147 3973 193 4032 eto
210 3969 247 4035 ad
264 3969 509 4036 testificandum
530 3980 589 4036 etc.
611 3971 639 4036 si
662 3971 749 4036 idem
773 3971 934 4036 Radullus
957 3971 1047 4036 misit
1070 3971 1231 4057 predictos
1241 3937 1383 4078 {Eppffi

146 4081 193 4136 etc
210 4073 271 4140 loco
292 4099 351 4141 suo
370 4075 412 4140 ad
433 4075 691 4160 respondendum
712 4098 770 4162 pro
793 4097 831 4140 eo
854 4075 1006 4161 predictis
1031 4076 1174 4141 Arnaldo
1196 4087 1231 4142 et
1242 4076 1375 4164 3333?

147 4173 269 4254 Waltero
283 4181 325 4246 de
340 4180 489 4267 predicta
503 4187 589 4246 terra
603 4187 638 4244 et
652 4179 694 4244 ad
709 4178 895 4266 eligendum
911 4187 971 4244 etc.
987 4178 1039 4264 xij.
1057 4187 1116 4262 etc,
1242 4170 1372 4257 limiti.

1241 4263 1392 4360 uiuat

173 4365 181 4461 ζ
194 4367 219 4418 *i
232 4385 263 4420 ω·
274 4373 323 4428 ²73
341 4371 370 4420 Β·
382 4385 418 4420 m.
432 4370 462 4418 21
475 4367 501 4418 d·
704 4369 792 4446 twalve
803 4369 961 4446 recognitam
977 4369 1006 4419 ol
1021 4369 1131 4431 agrand
1147 4370 1230 4446 maiae
1242 4358 1391 4450 ssfflfi

195 4436 221 4482 Ᾰ·
231 4449 263 4484 ¹1¹·
274 4439 322 4496 27;
340 4436 370 4485 Β·
382 4451 418 4484 m·
431 4437 462 4483 21
475 4433 500 4483 d·
705 4434 827 4496 touchrng
850 4449 889 4486 su
911 4449 1035 4498 ox·gangs
1059 4436 1088 4485 of
1114 4435 1175 4486 land
1202 4452 1229 4486 m
1241 4451 1381 4491 sumamus

172 4495 182 4525 '
196 4497 228 4548 To
242 4501 302 4552 hear
318 4501 363 4552 the
379 4502 438 4550 lour
461 4497 567 4562 knights
588 4499 652 4550 elect
704 4499 815 4558 Martem
1242 4497 1341 4538 masta
