3360 5236
364 399 427 462 592
660 409 811 470 rmxrrr,
835 411 899 460 an.
926 396 1017 470 1233,
1040 409 1101 458 an
1128 397 1175 462 17.

363 581 532 670 Nigasiam
558 581 696 658 nominc,
725 602 788 666 que
815 580 932 644 habuit
958 580 1129 666 quemdam
1158 580 1261 646 filium
1292 583 1473 648 Henricum

361 685 499 762 nomine,
520 693 555 750 et
577 684 739 750 Henricus
761 682 925 770 quandam
948 681 1048 748 filiam
1071 683 1256 750 Johannam
1278 685 1416 763 nomine,
1438 697 1473 750 et

360 788 384 852 J
384 789 513 853 ohanna
527 787 590 852 fuit
605 795 710 853 mater
724 785 820 851 istius
834 785 992 850 Willelmi
1007 784 1048 850 de
1069 785 1223 873 Ouinges,
1239 795 1274 852 et
1288 787 1375 853 unde
1390 787 1473 852 dicit

360 893 446 978 quod
468 893 536 980 ipse
559 899 609 957 est
631 891 724 956 heres
745 889 848 976 ipsius
871 889 1024 969 Gaurani,
1043 889 1121 977 quia
1140 889 1257 956 Petrus
1277 913 1341 955 non
1362 891 1473 978 potuit

360 1018 428 1061 esse
444 997 536 1062 heres
551 1005 586 1061 et
601 995 759 1060 dominus.

425 1100 468 1164 Et
483 1101 560 1186 quia
575 1098 759 1164 Willelmus
774 1097 938 1184 cognoscit
953 1099 1154 1184 parentelam
1169 1100 1256 1165 inter
1276 1123 1331 1166 eos
1350 1109 1385 1166 et
1406 1123 1472 1166 non

359 1211 410 1268 est
432 1211 500 1268 tam
522 1203 722 1290 propinquus
745 1201 838 1266 heres
859 1201 944 1266 sicut
966 1201 1016 1267 et¹
1037 1202 1132 1279 Petr',
1148 1211 1182 1268 et
1202 1213 1350 1290 preterea
1371 1205 1474 1270 habet

359 1329 479 1371 sorores
499 1330 562 1394 que
582 1315 660 1371 sunt
680 1306 924 1392 propinquiores
947 1307 1141 1394 Gemagano
1161 1330 1260 1394 quam
1280 1309 1368 1373 idem
1389 1309 1472 1374 Wil-

360 1409 485 1486 lelmus‚
495 1409 743 1475 Consideratum
755 1409 905 1495 estquod
920 1409 1037 1474 Petrus
1052 1409 1184 1496 quietus
1197 1411 1238 1475 de
1255 1411 1314 1476 hoc
1329 1411 1422 1476 breui
1437 1397 1473 1476 et

360 1514 543 1579 Willelmus
567 1514 594 1578 si
618 1513 729 1578 credat
752 1537 785 1578 se
810 1513 862 1579 ius
882 1513 1002 1579 habere
1023 1515 1190 1600 perquirat
1210 1515 1273 1580 sibi
1293 1538 1351 1603 per
1370 1517 1471 1581 breue

359 1618 400 1684 de
414 1628 502 1684 recto
517 1620 545 1683 si
560 1619 709 1696 uoluerit,
724 1628 759 1683 et
773 1618 817 1683 sit
832 1619 867 1684 in
881 1620 1099 1684 misericordia
1112 1643 1170 1706 pro
1186 1621 1265 1685 falso
1280 1622 1425 1686 clamore.

425 1722 486 1787 Ela
501 1722 674 1788 Comitissa
694 1721 891 1787 Sarrisburie
907 1722 1106 1787 summonita
1126 1723 1191 1787 fuit
1212 1723 1255 1788 ad
1276 1723 1472 1810 responden-

294 1845 314 1874 ι
358 1825 438 1892 dum
468 1825 623 1891 Matillidi
651 1825 826 1890 Abbatisse
856 1825 1015 1912 Romesye
1041 1826 1082 1890 de
1107 1826 1228 1912 placito
1256 1849 1355 1912 quare
1382 1827 1471 1914 cepit

359 1932 470 1996 enoria
488 1931 590 2018 ipsius
609 1930 784 1996 Abbatisse
805 1939 840 1995 et
860 1931 980 1996 iniuste
1000 1929 1145 1996 detinuit
1163 1939 1234 2009 etc,
1248 1939 1283 1996 et
1298 1931 1385 1996 unde
1400 1932 1472 2018 ipsa

359 2035 535 2100 Abbatissa
556 2035 704 2121 queritur
727 2057 786 2121 per
808 2043 1010 2100 attornatum
1037 2055 1133 2098 suum
1159 2035 1246 2121 quod
1269 2057 1343 2100 curn
1370 2036 1471 2100 habet

359 2138 564 2204 hundredum
594 2138 634 2202 de
664 2135 863 2202 Weresdona
889 2159 947 2222 per
975 2136 1080 2201 carta'
1105 2145 1344 2202 antecessorum
1374 2138 1470 2203 Dom.

359 2241 459 2329 Regis
495 2239 658 2306 reddendo
694 2239 770 2304 inde
800 2262 859 2325 per
887 2261 1010 2303 annum
1039 2239 1225 2305 uiceccmiti
1254 2240 1295 2305 xl
1327 2241 1381 2306 sol.
1412 2263 1472 2327 pro

359 2346 509 2412 omnibus
530 2354 565 2411 et
586 2367 645 2431 pro
667 2343 821 2431 predictis
843 2343 883 2408 xl
900 2344 954 2409 sol
976 2343 1132 2429 placitare
1154 2343 1272 2408 debeat
1295 2351 1330 2408 et
1352 2344 1472 2410 habere

359 2450 468 2514 omnia
493 2449 614 2535 placita
642 2449 683 2513 de
710 2447 823 2512 eodem
850 2445 1019 2511 hundredo
1042 2469 1105 2533 que
1129 2447 1296 2532 pertinent
1319 2445 1361 2512 ad
1385 2446 1474 2512 uice-

358 2552 509 2616 comitem
524 2550 670 2637 predicta
686 2545 930 2617 Comitissa'wlt
950 2549 1105 2636 placitare
1127 2550 1249 2636 placita
1267 2550 1325 2614 illa
1345 2557 1380 2615 et
1396 2551 1472 2637 plus

359 2655 462 2742 exigit
477 2677 575 2740 quam
590 2653 751 2739 predictos
766 2651 982 2738 quadraginta
995 2651 1060 2730 sol,
1075 2660 1110 2716 et
1129 2661 1261 2738 propter
1280 2653 1340 2718 hoc
1360 2654 1474 2718 aueria

359 2780 418 2823 sua
439 2759 511 2844 capi
532 2759 611 2823 facit
633 2759 682 2824 ita
703 2757 789 2845 quod
812 2757 1008 2822 deteriorata
1031 2765 1082 2821 est
1108 2765 1142 2820 et
1165 2756 1344 2843 dampnum
1370 2757 1473 2824 habet

358 2860 400 2925 ad
415 2860 596 2925 ualenciam
611 2883 684 2926 xxx.
700 2883 794 2926 marc.
811 2871 845 2926 et
861 2859 937 2926 inde
953 2860 1103 2947 producit
1118 2869 1179 2926 etc.

424 2964 468 3028 Et
485 2963 658 3029 Comitissa
672 2987 730 3050 per
741 2971 943 3028 attornatum
959 2987 1054 3028 suum
1070 2963 1164 3030 uenit
1179 2973 1213 3029 et
1228 2965 1373 3030 defendit
1385 2967 1473 3052 quod

359 3085 525 3151 nunquam
540 3067 628 3152 cepit
642 3067 753 3132 aueria
767 3089 827 3132 sua
841 3089 899 3153 pro
914 3067 1043 3153 placitis
1062 3091 1122 3133 nec
1142 3069 1206 3132 alio
1226 3067 1321 3132 modo
1340 3068 1473 3144 iniuste,

358 3190 417 3232 nec
431 3167 553 3234 iniuste
568 3169 712 3234 detinuit
726 3177 839 3234 contra
853 3169 987 3234 uadium
1008 3177 1043 3234 et
1062 3170 1209 3256 plegium
1229 3178 1362 3256 propter
1383 3171 1471 3256 quod

358 3274 501 3360 aliquam
531 3274 649 3340 habere
680 3273 829 3340 deberet⁸
859 3273 1154 3352 deterioracionem,
1180 3283 1230 3338 set
1255 3295 1370 3338 uerum
1397 3275 1473 3338 uult

359 3375 472 3455 dicere,
502 3401 630 3464 semper
657 3401 678 3443 a
706 3386 852 3464 tempore
882 3377 982 3464 Regis
1012 3378 1148 3442 Henrici
1177 3378 1233 3442 aui
1262 3387 1298 3443 et
1323 3387 1470 3464 tempore

360 3480 488 3567 Regum
518 3481 649 3546 Ricardi
676 3489 711 3546 et
737 3481 897 3546 Johannis
921 3490 955 3546 et
982 3482 1074 3547 Dom.
1100 3481 1201 3568 Regis
1226 3481 1284 3567 qui
1309 3503 1396 3546 nunc
1420 3493 1472 3547 est

360 3606 487 3668 semper
511 3584 723 3650 reddiderunt
748 3584 923 3648 Abbatisse
950 3585 1131 3671 Berkinge⁴
1151 3585 1156 3670 Ι
1175 3585 1215 3649 de
1242 3583 1356 3649 eodem
1387 3585 1471 3649 hun-

360 3686 458 3752 dredo
480 3686 616 3772 singulis
637 3686 731 3750 annis
753 3687 1000 3751 uicecomitibus
1021 3688 1078 3772 qui
1098 3687 1263 3773 percipere
1285 3688 1419 3752 fuerunt
1440 3712 1470 3752 x.

360 3812 454 3855 marc.
470 3788 597 3876 argenti
618 3811 675 3875 pro
696 3789 824 3875 placito,
838 3797 1046 3875 preterquam
1068 3788 1103 3853 in
1126 3797 1272 3875 tempore
1294 3811 1358 3874 quo
1381 3789 1471 3853 Wal-

361 3902 448 3956 terus
478 3891 518 3956 de
548 3893 706 3978 Romesye
737 3893 800 3957 fuit
838 3891 1015 3957 uicecomes
1047 3892 1202 3957 Wiltonie
1239 3901 1274 3956 et
1311 3891 1368 3978 qui
1406 3892 1471 3956 suit

359 3995 552 4060 senescallus
566 3995 710 4060 eiusdem
726 3995 841 4060 domus
857 3995 898 4059 de
919 3997 1088 4081 Romesye‚
1103 4003 1138 4059 et
1154 3994 1240 4080 quod
1255 3995 1304 4060 ita
1318 3995 1362 4060 sit
1377 3995 1471 4081 ponit

359 4124 393 4165 se
408 4123 505 4187 super
519 4101 666 4186 patriam.

393 4278 400 4310 ¹
419 4277 545 4342 Probably
557 4277 601 4328 thc
612 4293 719 4342 passage
731 4277 824 4328 should
835 4293 884 4327 run
937 4277 998 4341 they
1010 4291 1054 4328 arc
1065 4291 1156 4328 nesrcr
1167 4276 1233 4326 than
1244 4275 1370 4326 William.

359 4345 424 4392 sicat
436 4343 525 4393 Petras
538 4351 562 4393 et
575 4352 691 4408 preterea
702 4345 793 4394 Petrus
811 4345 886 4393 habet
969 4343 979 4374 ¹
996 4343 1068 4392 Gorr.
1080 4351 1173 4392 cartas.

359 4423 460 4458 sorores.
489 4409 515 4457 Il
524 4409 598 4458 Peter
606 4407 759 4459 isexcluded
768 4423 797 4458 as
808 4408 886 4471 being
968 4408 979 4441 ³
996 4409 1100 4458 haberet
1111 4409 1218 4465 deberet,
1227 4407 1284 4457 MS.

358 4473 423 4536 lcrd‚
431 4473 620 4524 Peter'ssistcrs
628 4473 722 4524 should
731 4473 837 4536 inherit,
846 4475 886 4522 lor
969 4475 979 4505 ⁴
997 4474 1068 4523 Gerr.
1081 4474 1209 4537 Romesye.
