3360 5236
367 429 431 492 608
576 443 812 506 morannum,
835 443 899 494 an.
926 431 1018 508 1233,
1041 443 1104 494 aa
1130 429 1267 498 17-18.

365 615 482 680 debuit
496 615 633 704 singulis
647 613 741 680 annis
756 637 807 680 xx.
820 615 885 692 sol,
896 623 931 680 et
946 613 1033 679 unde
1048 614 1191 680 reddidit
1206 615 1237 680 ei
1251 639 1308 702 pre
1324 616 1476 680 manibus

366 719 530 785 redditum
545 721 586 806 vj.
602 741 770 800 annorum,
785 727 835 784 set
854 719 954 784 nichil
975 719 1051 784 inde
1072 719 1224 797 ostendit,
1239 720 1476 809 cyrographum

366 847 425 892 nco
440 827 604 914 scriptum.
651 827 694 892 Et
717 825 794 913 quia
815 826 914 891 breue
937 849 1001 892 non
1024 827 1169 913 loquitur
1190 828 1230 893 de
1253 828 1362 914 aliquo
1384 835 1477 893 tene-

366 939 485 1007 mento,
514 953 573 995 nec
610 930 720 1010 libero,
750 951 809 994 nec
837 929 910 1007 alio,
939 929 1012 994 ideo
1041 930 1279 996 consideratum
1309 939 1359 996 est
1388 930 1476 1018 quod

366 1034 522 1100 Ricardus
537 1034 668 1120 quietus
682 1033 723 1098 de
739 1033 799 1098 hoc
812 1033 921 1111 breue,
936 1041 970 1098 et
985 1033 1169 1100 Willelmus
1183 1035 1218 1100 in
1234 1035 1459 1100 misericordia.

307 1185 314 1200 .
431 1138 609 1204 ¹Radulfus
634 1139 675 1204 de
701 1137 808 1204 Lock'
833 1139 1033 1204 attachiatus
1058 1139 1122 1204 fuit
1147 1139 1189 1204 ad
1214 1139 1474 1226 respondendum

365 1244 529 1308 Willelmo
543 1243 584 1309 de
599 1243 687 1308 Dun'
702 1265 800 1329 quare
816 1265 881 1308 non
896 1251 988 1309 tenet
1004 1244 1035 1308 ei
1054 1244 1303 1309 conuentionem
1318 1245 1474 1309 intereos

364 1349 483 1414 factam
503 1349 544 1414 dc
565 1349 605 1414 xl.
622 1348 703 1413 acris
724 1357 808 1413 terre
828 1370 903 1412 cum
924 1357 1004 1434 pert.
1026 1348 1059 1412 in
1081 1348 1316 1436 Herdingtona,
1331 1356 1366 1413 et
1386 1347 1474 1413 unde

364 1454 511 1539 queritur
525 1451 612 1538 quod
626 1473 701 1516 cum
722 1451 908 1516 tradidisset
928 1451 959 1514 ei
979 1459 1099 1516 terram
1119 1451 1209 1516 illam
1229 1451 1270 1516 ad
1291 1452 1417 1517 firmam
1438 1459 1474 1516 et

363 1558 406 1622 ad
432 1557 608 1622 terminum
634 1579 663 1622 v.
685 1577 843 1620 annorum
870 1577 928 1641 pro
953 1555 1060 1640 xxxvj.
1083 1556 1137 1620 sol.
1161 1577 1363 1642 perannum
1385 1556 1474 1621 idem

364 1661 524 1726 Radull'us
538 1661 622 1725 infra
636 1659 813 1724 terminum
828 1681 924 1722 suum
939 1659 1033 1723 uenit
1053 1667 1087 1724 et
1107 1659 1217 1746 exegit
1238 1660 1409 1747 tallagium
1429 1661 1473 1724 ab

364 1765 549 1830 hominibus
564 1773 681 1829 terram
697 1763 788 1828 illam
803 1763 1000 1840 tenentibus,
1018 1771 1052 1827 et
1068 1785 1122 1828 eos
1136 1763 1327 1829 amerciauit
1342 1773 1376 1828 et
1397 1765 1474 1829 fena

363 1868 438 1933 inde
453 1868 633 1955 asportauit
648 1875 683 1932 et
697 1866 782 1930 infra
796 1865 972 1930 terminum
988 1889 1083 1930 suum
1095 1875 1207 1931 contra
1222 1867 1472 1932 conuentionem

362 1971 462 2047 illam,
478 1971 564 2036 unde
578 1969 793 2036 deterioratos
809 1976 859 2033 cst
874 1977 909 2033 et
923 1968 1101 2054 dampnum
1118 1969 1218 2034 habet
1233 1969 1275 2034 ad
1289 1969 1472 2034 ualenciam

362 2097 387 2140 c.
404 2075 457 2139 sol
480 2072 485 2161 Ι

429 2179 472 2244 Et
492 2177 652 2243 Radulfus
672 2177 765 2242 uenit
785 2183 820 2240 et
842 2175 1005 2263 cognoscit
1027 2177 1275 2241 consentionem
1298 2185 1333 2242 et
1354 2187 1474 2257 totum,

363 2290 398 2345 et
412 2281 493 2346 dicit
507 2280 593 2368 quod
608 2280 682 2344 talis
698 2279 761 2343 fuit
775 2278 948 2343 conuentio
968 2277 1056 2342 inter
1075 2301 1129 2342 eos
1144 2279 1273 2364 quodsi
1288 2280 1474 2346 Willelmus

362 2385 442 2452 non¹
457 2393 584 2451 teneret
600 2384 754 2449 terminos
769 2407 843 2448 suos
858 2383 945 2469 quod
959 2383 1042 2448 bene
1063 2383 1175 2449 liceret
1196 2384 1335 2449 Radulfo
1351 2407 1472 2471 ponere

362 2513 396 2555 se
418 2491 452 2555 in
476 2499 595 2572 terram
617 2489 707 2554 illam
730 2497 764 2553 et
786 2489 876 2552 illam
896 2488 1038 2552 uendere
1058 2487 1154 2552 alteri
1174 2489 1228 2554 uel
1249 2489 1416 2554 inuadiare
1438 2499 1474 2555 et

361 2593 564 2659 commodum
587 2616 683 2658 suum
705 2592 795 2657 inde‘
815 2593 929 2669 facere,
943 2599 978 2656 et
999 2613 1113 2656 reuera
1134 2593 1233 2658 soluit
1254 2594 1286 2658 ei
1308 2595 1473 2661 redditum

361 2697 402 2762 de
417 2697 520 2784 primo
535 2719 619 2762 anno
635 2706 669 2761 et
684 2705 797 2783 postea
810 2695 950 2760 cessauit
965 2695 999 2760 in
1014 2695 1176 2761 solucione
1194 2719 1253 2782 per
1266 2697 1347 2763 duos
1362 2721 1473 2777 annos,

362 2810 396 2866 et
416 2802 489 2867 ideo
512 2802 740 2867 terramillam
762 2800 919 2886 cepit⁶in
942 2822 1075 2864 manum
1097 2823 1190 2864 suam
1213 2823 1271 2886 per
1293 2804 1473 2888 predictam

361 2906 617 2971 conuentionem.
659 2905 710 2969 De
726 2903 859 2990 tallagio
874 2925 951 2967 uero
966 2903 1046 2967 dicit
1061 2903 1147 2989 quod
1162 2905 1291 2990 quando
1302 2909 1473 2974 maritauit

361 3011 461 3076 filiam
484 3035 575 3076 suam
598 3009 847 3098 primogenitam
868 3017 947 3074 tunc
967 3009 1008 3073 de
1023 3031 1179 3074 consensu
1195 3010 1297 3096 ipsius
1312 3013 1472 3079 Willelmi

361 3116 471 3203 exegit
490 3117 656 3194 auxilium,
672 3124 706 3180 et
726 3115 807 3179 illud
827 3114 944 3179 habuit
966 3137 1025 3200 per
1043 3123 1231 3200 preceptum
1253 3116 1345 3181 Dom.
1363 3118 1473 3205 Regis,

360 3227 394 3282 et
409 3219 489 3284 dicit
504 3219 590 3306 quod
605 3218 636 3283 ei
650 3227 755 3283 aretro
770 3225 848 3282 sunt
867 3217 908 3282 de
929 3217 1068 3282 termino
1088 3217 1144 3282 illo
1164 3218 1311 3284 redditus
1330 3221 1470 3288 duorum

360 3346 517 3388 annorum
533 3322 598 3388 scil.
613 3323 653 3386 lx.
671 3331 705 3386 et
721 3321 774 3407 xij.
790 3321 845 3385 sol.

426 3427 469 3490 Et
499 3426 682 3490 Willelmus
707 3425 788 3490 dicit
813 3424 900 3511 quod
925 3424 1025 3489 nichil
1052 3425 1083 3490 ei
1108 3433 1215 3490 aretro
1241 3435 1299 3504 est,
1323 3437 1357 3493 et
1384 3431 1472 3516 quod

359 3551 472 3594 reuera
493 3531 591 3594 soluit
611 3530 804 3616 capitalibus
824 3529 963 3594 dominis
982 3551 1039 3615 pro
1060 3531 1173 3595 eodem
1194 3531 1333 3597 Radulfo
1348 3557 1398 3599 xa
1415 3537 1471 3600 sol.

359 3643 393 3698 et
408 3641 556 3720 preterea
569 3633 656 3699 idem
671 3633 830 3698 Radulfus
845 3634 933 3719 cepit
947 3633 988 3698 de
1003 3633 1117 3698 eadem
1132 3643 1219 3700 terra
1233 3635 1274 3700 ad
1289 3637 1470 3703 ualenciam

359 3739 411 3826 lvj.
435 3739 489 3805 sol.
513 3747 547 3804 et
569 3739 651 3824 plna,
673 3747 707 3802 et
730 3738 778 3802 ita
800 3737 886 3824 quod
908 3737 1007 3802 nichil
1030 3746 1136 3802 aretro
1159 3747 1217 3816 est,
1240 3747 1275 3803 et
1296 3740 1324 3804 si
1346 3741 1471 3828 aliquid

358 3853 464 3910 aretro
486 3851 544 3922 est,
566 3841 769 3927 computabit
792 3863 905 3906 uersus
927 3862 1003 3905 eum
1026 3849 1060 3905 et
1082 3863 1140 3926 per
1163 3841 1270 3906 uisum
1297 3844 1470 3928 proborum

359 3951 527 4015 hominum
542 3950 573 4014 ei
588 3948 765 4013 satisfaciet
780 3948 827 4012 ita
842 3946 928 4032 quod
943 3946 1104 4011 Radulfus
1119 3947 1150 4010 ei
1165 3947 1342 4012 satisfaciat
1358 3949 1385 4013 si
1400 3951 1471 4035 ipse

359 4063 510 4120 tencatur
523 4055 558 4118 in
573 4054 690 4139 alique.
736 4053 779 4116 Et
794 4051 872 4137 quia
886 4051 973 4116 idem
991 4051 1174 4116 Willelmus
1191 4051 1272 4116 dicit
1292 4052 1378 4138 quod
1399 4053 1470 4139 ipse

359 4159 518 4224 Radulfus
547 4157 719 4245 inplacitat
749 4179 824 4221 eum
854 4155 895 4220 de
926 4155 1040 4220 eadem
1069 4155 1285 4220 conuentione
1315 4156 1349 4220 in
1380 4159 1471 4223 curia

392 4293 575 4346 1Δ.ιθ,10(1.
969 4291 1055 4342 ‘inde
1066 4290 1153 4343 interl.
1167 4291 1364 4356 byannotator;
1383 4295 1470 4344 notin

393 4359 496 4418 ’Lech
508 4361 539 4408 Δ.
936 4357 959 4406 Δ
1015 4373 1019 4380 “

390 4423 402 4456 ⁸
417 4427 441 4474 η’
452 4425 504 4474 and
515 4439 565 4474 noa
580 4423 667 4474 interl.
685 4423 719 4487 by
729 4425 885 4482 annotatum
961 4393 980 4453 '⁸
996 4425 1063 4486 cepit
1079 4423 1167 4472 interl.
1183 4421 1218 4488 by
1233 4426 1391 4484 annotator;
1412 4425 1470 4476 ideo

358 4491 424 4554 quod
438 4492 489 4540 oiri
501 4491 566 4539 idem
579 4490 647 4539 Will.
659 4489 690 4537 Δ.
936 4488 1002 4551 cepit
1015 4495 1114 4547 terram,
1127 4488 1157 4537 Δ.
