<?xml version="1.0" encoding="UTF-8"?>
<!DOCTYPE html PUBLIC "-//W3C//DTD XHTML 1.0 Transitional//EN"
    "http://www.w3.org/TR/xhtml1/DTD/xhtml1-transitional.dtd">
<html xmlns="http://www.w3.org/1999/xhtml" xml:lang="en" lang="en">
 <head>
  <title>
</title>
<meta http-equiv="Content-Type" content="text/html;charset=utf-8" />
  <meta name='ocr-system' content='tesseract 3.04.00' />
  <meta name='ocr-capabilities' content='ocr_page ocr_carea ocr_par ocr_line ocrx_word'/>
</head>
<body>
  <div class='ocr_page' id='page_1' title='image "./bractonsnoteboo04bracgoog_0525.png"; bbox 0 0 3360 5236; ppageno 0'>
   <div class='ocr_carea' id='block_1_1' title="bbox 530 443 1331 526">
    <p class='ocr_par' dir='ltr' id='par_1_1' title="bbox 530 443 1331 526">
     <span class='ocr_line' id='line_1_1' title="bbox 530 443 1331 526; baseline 0.006 -19"><span class='ocrx_word' id='word_1_1' title='bbox 530 457 669 520; x_wconf 74' lang='lat' dir='ltr'>ussrnn,</span> <span class='ocrx_word' id='word_1_2' title='bbox 692 459 756 508; x_wconf 74' lang='lat' dir='ltr'>nn.</span> <span class='ocrx_word' id='word_1_3' title='bbox 782 445 874 521; x_wconf 80' lang='lat'><strong>1232,</strong></span> <span class='ocrx_word' id='word_1_4' title='bbox 896 459 959 510; x_wconf 73' lang='lat' dir='ltr'>ns.</span> <span class='ocrx_word' id='word_1_5' title='bbox 985 447 1036 526; x_wconf 70' lang='lat'>16.</span> <span class='ocrx_word' id='word_1_6' title='bbox 1269 443 1331 512; x_wconf 77' lang='lat'>51⁷</span> 
     </span>
    </p>
   </div>
   <div class='ocr_carea' id='block_1_2' title="bbox 218 629 1332 1540">
    <p class='ocr_par' dir='ltr' id='par_1_2' title="bbox 218 629 1332 1540">
     <span class='ocr_line' id='line_1_2' title="bbox 219 629 1332 717; baseline 0.001 -21"><span class='ocrx_word' id='word_1_7' title='bbox 219 631 386 717; x_wconf 86' lang='lat' dir='ltr'>predictus</span> <span class='ocrx_word' id='word_1_8' title='bbox 413 630 501 696; x_wconf 83' lang='lat' dir='ltr'>Elias</span> <span class='ocrx_word' id='word_1_9' title='bbox 527 629 732 716; x_wconf 87' lang='lat' dir='ltr'>recuperauit</span> <span class='ocrx_word' id='word_1_10' title='bbox 755 629 906 694; x_wconf 87' lang='lat' dir='ltr'>seisinam</span> <span class='ocrx_word' id='word_1_11' title='bbox 930 653 1022 696; x_wconf 90' lang='lat' dir='ltr'>snam</span> <span class='ocrx_word' id='word_1_12' title='bbox 1046 629 1086 696; x_wconf 89' lang='lat' dir='ltr'>de</span> <span class='ocrx_word' id='word_1_13' title='bbox 1109 629 1222 696; x_wconf 85' lang='lat' dir='ltr'>eadem</span> <span class='ocrx_word' id='word_1_14' title='bbox 1245 639 1332 698; x_wconf 87' lang='lat' dir='ltr'>terra</span> 
     </span>
     <span class='ocr_line' id='line_1_3' title="bbox 219 732 1329 819; baseline 0.002 -21"><span class='ocrx_word' id='word_1_15' title='bbox 219 734 313 798; x_wconf 87' lang='lat' dir='ltr'>salua</span> <span class='ocrx_word' id='word_1_16' title='bbox 326 733 542 798; x_wconf 85' lang='lat' dir='ltr'>inuestitura¹</span> <span class='ocrx_word' id='word_1_17' title='bbox 558 732 703 798; x_wconf 89' lang='lat' dir='ltr'>eiusdem</span> <span class='ocrx_word' id='word_1_18' title='bbox 716 741 805 797; x_wconf 85' lang='lat' dir='ltr'>terre</span> <span class='ocrx_word' id='word_1_19' title='bbox 820 733 883 818; x_wconf 90' lang='lat' dir='ltr'>ipsi</span> <span class='ocrx_word' id='word_1_20' title='bbox 898 733 1041 798; x_wconf 89' lang='lat' dir='ltr'>Roberto</span> <span class='ocrx_word' id='word_1_21' title='bbox 1056 756 1114 819; x_wconf 93' lang='lat' dir='ltr'>per</span> <span class='ocrx_word' id='word_1_22' title='bbox 1128 735 1329 800; x_wconf 88' lang='lat' dir='ltr'>concordiam</span> 
     </span>
     <span class='ocr_line' id='line_1_4' title="bbox 218 833 1329 921; baseline 0.003 -21"><span class='ocrx_word' id='word_1_23' title='bbox 218 835 307 901; x_wconf 87' lang='lat' dir='ltr'>inter</span> <span class='ocrx_word' id='word_1_24' title='bbox 321 859 375 900; x_wconf 90' lang='lat' dir='ltr'>eos</span> <span class='ocrx_word' id='word_1_25' title='bbox 395 837 513 900; x_wconf 85' lang='lat' dir='ltr'>factam</span> <span class='ocrx_word' id='word_1_26' title='bbox 536 835 585 899; x_wconf 88' lang='lat' dir='ltr'>ita</span> <span class='ocrx_word' id='word_1_27' title='bbox 606 833 692 921; x_wconf 92' lang='lat' dir='ltr'>quod</span> <span class='ocrx_word' id='word_1_28' title='bbox 712 834 782 920; x_wconf 89' lang='lat' dir='ltr'>ipse</span> <span class='ocrx_word' id='word_1_29' title='bbox 803 834 900 900; x_wconf 91' lang='lat' dir='ltr'>fidem</span> <span class='ocrx_word' id='word_1_30' title='bbox 916 835 1008 900; x_wconf 94' lang='lat' dir='ltr'>dedit</span> <span class='ocrx_word' id='word_1_31' title='bbox 1023 835 1063 900; x_wconf 91' lang='lat' dir='ltr'>de</span> <span class='ocrx_word' id='word_1_32' title='bbox 1079 837 1283 903; x_wconf 83' lang='lat' dir='ltr'>restituenda</span> <span class='ocrx_word' id='word_1_33' title='bbox 1298 839 1329 903; x_wconf 87' lang='lat' dir='ltr'>ei</span> 
     </span>
     <span class='ocr_line' id='line_1_5' title="bbox 218 937 1329 1024; baseline 0.004 -22"><span class='ocrx_word' id='word_1_34' title='bbox 218 938 417 1004; x_wconf 86' lang='lat' dir='ltr'>inuestitnra</span> <span class='ocrx_word' id='word_1_35' title='bbox 430 938 466 1003; x_wconf 92' lang='lat' dir='ltr'>in</span> <span class='ocrx_word' id='word_1_36' title='bbox 480 947 671 1024; x_wconf 86' lang='lat' dir='ltr'>autumpno,</span> <span class='ocrx_word' id='word_1_37' title='bbox 686 947 720 1002; x_wconf 89' lang='lat' dir='ltr'>et</span> <span class='ocrx_word' id='word_1_38' title='bbox 735 937 803 1024; x_wconf 92' lang='lat' dir='ltr'>ipse</span> <span class='ocrx_word' id='word_1_39' title='bbox 824 938 854 1002; x_wconf 89' lang='lat' dir='ltr'>ei</span> <span class='ocrx_word' id='word_1_40' title='bbox 874 939 1103 1004; x_wconf 90' lang='lat' dir='ltr'>innestituram</span> <span class='ocrx_word' id='word_1_41' title='bbox 1127 940 1279 1019; x_wconf 80' lang='lat' dir='ltr'>detinuit,</span> <span class='ocrx_word' id='word_1_42' title='bbox 1294 951 1329 1006; x_wconf 89' lang='lat' dir='ltr'>et</span> 
     </span>
     <span class='ocr_line' id='line_1_6' title="bbox 218 1040 1328 1128; baseline 0.005 -23"><span class='ocrx_word' id='word_1_43' title='bbox 218 1040 292 1105; x_wconf 89' lang='lat' dir='ltr'>ideo</span> <span class='ocrx_word' id='word_1_44' title='bbox 307 1041 514 1128; x_wconf 82' lang='lat' dir='ltr'>inplacitauit</span> <span class='ocrx_word' id='word_1_45' title='bbox 530 1063 605 1105; x_wconf 90' lang='lat' dir='ltr'>eum</span> <span class='ocrx_word' id='word_1_46' title='bbox 623 1040 657 1104; x_wconf 91' lang='lat' dir='ltr'>in</span> <span class='ocrx_word' id='word_1_47' title='bbox 677 1040 768 1104; x_wconf 85' lang='lat' dir='ltr'>curia</span> <span class='ocrx_word' id='word_1_48' title='bbox 789 1041 1019 1108; x_wconf 78' lang='lat' dir='ltr'>cristianitatis.</span> <span class='ocrx_word' id='word_1_49' title='bbox 1066 1043 1182 1109; x_wconf 82' lang='lat' dir='ltr'>Postea</span> <span class='ocrx_word' id='word_1_50' title='bbox 1203 1044 1328 1110; x_wconf 89' lang='lat' dir='ltr'>dictum</span> 
     </span>
     <span class='ocr_line' id='line_1_7' title="bbox 219 1143 1328 1231; baseline 0.004 -23"><span class='ocrx_word' id='word_1_51' title='bbox 219 1153 270 1208; x_wconf 86' lang='lat' dir='ltr'>est</span> <span class='ocrx_word' id='word_1_52' title='bbox 297 1145 455 1230; x_wconf 83' lang='lat' dir='ltr'>Episcopo</span> <span class='ocrx_word' id='word_1_53' title='bbox 482 1143 719 1210; x_wconf 86' lang='lat' dir='ltr'>Conuentrensi</span> <span class='ocrx_word' id='word_1_54' title='bbox 749 1143 806 1229; x_wconf 91' lang='lat' dir='ltr'>qni</span> <span class='ocrx_word' id='word_1_55' title='bbox 834 1167 965 1229; x_wconf 88' lang='lat' dir='ltr'>presens</span> <span class='ocrx_word' id='word_1_56' title='bbox 991 1154 1041 1210; x_wconf 90' lang='lat' dir='ltr'>est</span> <span class='ocrx_word' id='word_1_57' title='bbox 1068 1145 1153 1231; x_wconf 94' lang='lat' dir='ltr'>quod</span> <span class='ocrx_word' id='word_1_58' title='bbox 1179 1147 1328 1212; x_wconf 90' lang='lat' dir='ltr'>absoluat</span> 
     </span>
     <span class='ocr_line' id='line_1_8' title="bbox 218 1246 1326 1332; baseline 0.005 -22"><span class='ocrx_word' id='word_1_59' title='bbox 218 1247 326 1310; x_wconf 88' lang='lat' dir='ltr'>Eliam</span> <span class='ocrx_word' id='word_1_60' title='bbox 348 1256 461 1312; x_wconf 81' lang='lat' dir='ltr'>contra</span> <span class='ocrx_word' id='word_1_61' title='bbox 481 1269 577 1332; x_wconf 89' lang='lat' dir='ltr'>quem</span> <span class='ocrx_word' id='word_1_62' title='bbox 596 1246 631 1310; x_wconf 93' lang='lat' dir='ltr'>in</span> <span class='ocrx_word' id='word_1_63' title='bbox 647 1255 776 1310; x_wconf 89' lang='lat' dir='ltr'>tantum</span> <span class='ocrx_word' id='word_1_64' title='bbox 793 1269 975 1332; x_wconf 81' lang='lat' dir='ltr'>processum</span> <span class='ocrx_word' id='word_1_65' title='bbox 991 1249 1055 1312; x_wconf 85' lang='lat' dir='ltr'>fuit</span> <span class='ocrx_word' id='word_1_66' title='bbox 1069 1249 1104 1312; x_wconf 92' lang='lat' dir='ltr'>in</span> <span class='ocrx_word' id='word_1_67' title='bbox 1120 1250 1209 1315; x_wconf 91' lang='lat' dir='ltr'>curia</span> <span class='ocrx_word' id='word_1_68' title='bbox 1223 1251 1326 1316; x_wconf 88' lang='lat' dir='ltr'>cristi-</span> 
     </span>
     <span class='ocr_line' id='line_1_9' title="bbox 218 1349 1326 1436; baseline 0.004 -22"><span class='ocrx_word' id='word_1_69' title='bbox 218 1351 353 1416; x_wconf 86' lang='lat' dir='ltr'>anitatis</span> <span class='ocrx_word' id='word_1_70' title='bbox 368 1352 454 1436; x_wconf 93' lang='lat' dir='ltr'>quod</span> <span class='ocrx_word' id='word_1_71' title='bbox 474 1349 770 1415; x_wconf 85' lang='lat' dir='ltr'>excommunicatus</span> <span class='ocrx_word' id='word_1_72' title='bbox 789 1349 874 1415; x_wconf 65' lang='lat' dir='ltr'>fuir.</span> <span class='ocrx_word' id='word_1_73' title='bbox 920 1351 963 1414; x_wconf 90' lang='lat' dir='ltr'>Et</span> <span class='ocrx_word' id='word_1_74' title='bbox 978 1350 1102 1415; x_wconf 89' lang='lat' dir='ltr'>dictum</span> <span class='ocrx_word' id='word_1_75' title='bbox 1118 1361 1168 1416; x_wconf 92' lang='lat' dir='ltr'>est</span> <span class='ocrx_word' id='word_1_76' title='bbox 1183 1353 1326 1418; x_wconf 89' lang='lat' dir='ltr'>Roberto</span> 
     </span>
     <span class='ocr_line' id='line_1_10' title="bbox 218 1453 1141 1540; baseline 0.001 -22"><span class='ocrx_word' id='word_1_77' title='bbox 218 1456 305 1540; x_wconf 89' lang='lat' dir='ltr'>qnod</span> <span class='ocrx_word' id='word_1_78' title='bbox 319 1455 360 1520; x_wconf 86' lang='lat' dir='ltr'>dc</span> <span class='ocrx_word' id='word_1_79' title='bbox 375 1463 482 1520; x_wconf 88' lang='lat' dir='ltr'>cetero</span> <span class='ocrx_word' id='word_1_80' title='bbox 496 1478 561 1519; x_wconf 92' lang='lat' dir='ltr'>non</span> <span class='ocrx_word' id='word_1_81' title='bbox 576 1462 731 1540; x_wconf 89' lang='lat' dir='ltr'>sequatur</span> <span class='ocrx_word' id='word_1_82' title='bbox 746 1476 858 1518; x_wconf 91' lang='lat' dir='ltr'>uersus</span> <span class='ocrx_word' id='word_1_83' title='bbox 873 1453 1012 1518; x_wconf 91' lang='lat' dir='ltr'>eundem</span> <span class='ocrx_word' id='word_1_84' title='bbox 1029 1455 1141 1520; x_wconf 88' lang='lat' dir='ltr'>Eliam.</span> 
     </span>
    </p>
   </div>
   <div class='ocr_carea' id='block_1_3' title="bbox 156 1556 1428 1645">
    <p class='ocr_par' dir='ltr' id='par_1_3' title="bbox 156 1556 1428 1645">
     <span class='ocr_line' id='line_1_11' title="bbox 156 1556 1428 1645; baseline -0.004 -24"><span class='ocrx_word' id='word_1_85' title='bbox 156 1619 163 1632; x_wconf 84' lang='grc'><strong>,</strong></span> <span class='ocrx_word' id='word_1_86' title='bbox 284 1557 437 1622; x_wconf 86' lang='lat' dir='ltr'>Warinus</span> <span class='ocrx_word' id='word_1_87' title='bbox 459 1557 499 1622; x_wconf 90' lang='lat' dir='ltr'>de</span> <span class='ocrx_word' id='word_1_88' title='bbox 523 1558 635 1622; x_wconf 87' lang='lat' dir='ltr'>Monte</span> <span class='ocrx_word' id='word_1_89' title='bbox 659 1556 788 1622; x_wconf 87' lang='lat' dir='ltr'>Canisio</span> <span class='ocrx_word' id='word_1_90' title='bbox 808 1557 893 1642; x_wconf 90' lang='lat' dir='ltr'>petit</span> <span class='ocrx_word' id='word_1_91' title='bbox 908 1579 1021 1622; x_wconf 85' lang='lat' dir='ltr'>uersus</span> <span class='ocrx_word' id='word_1_92' title='bbox 1037 1557 1143 1622; x_wconf 91' lang='lat' dir='ltr'>Adam</span> <span class='ocrx_word' id='word_1_93' title='bbox 1158 1557 1198 1622; x_wconf 89' lang='lat' dir='ltr'>de</span> <span class='ocrx_word' id='word_1_94' title='bbox 1215 1559 1326 1645; x_wconf 74' lang='lat' dir='ltr'>Kailiy</span> <span class='ocrx_word' id='word_1_95' title='bbox 1404 1588 1428 1616; x_wconf 73' lang='lat' dir='ltr'>a</span> 
     </span>
    </p>
   </div>
   <div class='ocr_carea' id='block_1_4' title="bbox 216 1658 1391 3082">
    <p class='ocr_par' dir='ltr' id='par_1_4' title="bbox 216 1658 1391 2968">
     <span class='ocr_line' id='line_1_12' title="bbox 218 1658 1325 1745; baseline 0.001 -21"><span class='ocrx_word' id='word_1_96' title='bbox 218 1667 254 1724; x_wconf 86' lang='lat' dir='ltr'>et</span> <span class='ocrx_word' id='word_1_97' title='bbox 284 1659 452 1727; x_wconf 87' lang='lat' dir='ltr'>Mabiliam</span> <span class='ocrx_word' id='word_1_98' title='bbox 489 1681 622 1722; x_wconf 78' lang='lat' dir='ltr'>uxorem</span> <span class='ocrx_word' id='word_1_99' title='bbox 660 1659 729 1723; x_wconf 90' lang='lat' dir='ltr'>eins</span> <span class='ocrx_word' id='word_1_100' title='bbox 758 1658 970 1722; x_wconf 89' lang='lat' dir='ltr'>medietatem</span> <span class='ocrx_word' id='word_1_101' title='bbox 1006 1659 1144 1723; x_wconf 89' lang='lat' dir='ltr'>duarum</span> <span class='ocrx_word' id='word_1_102' title='bbox 1180 1660 1325 1745; x_wconf 90' lang='lat' dir='ltr'>parcium</span> 
     </span>
     <span class='ocr_line' id='line_1_13' title="bbox 219 1762 1325 1847; baseline 0.002 -19"><span class='ocrx_word' id='word_1_103' title='bbox 219 1763 357 1828; x_wconf 88' lang='lat' dir='ltr'>duarum</span> <span class='ocrx_word' id='word_1_104' title='bbox 387 1786 489 1828; x_wconf 90' lang='lat' dir='ltr'>caruc.</span> <span class='ocrx_word' id='word_1_105' title='bbox 519 1772 604 1828; x_wconf 87' lang='lat' dir='ltr'>terre</span> <span class='ocrx_word' id='word_1_106' title='bbox 634 1785 708 1827; x_wconf 91' lang='lat' dir='ltr'>cum</span> <span class='ocrx_word' id='word_1_107' title='bbox 738 1772 819 1847; x_wconf 87' lang='lat' dir='ltr'>pert.</span> <span class='ocrx_word' id='word_1_108' title='bbox 849 1762 884 1826; x_wconf 93' lang='lat' dir='ltr'>in</span> <span class='ocrx_word' id='word_1_109' title='bbox 914 1762 1126 1840; x_wconf 87' lang='lat' dir='ltr'>Luddeduna‚</span> <span class='ocrx_word' id='word_1_110' title='bbox 1152 1772 1187 1828; x_wconf 90' lang='lat' dir='ltr'>et</span> <span class='ocrx_word' id='word_1_111' title='bbox 1213 1787 1325 1830; x_wconf 86' lang='lat' dir='ltr'>uersus</span> 
     </span>
     <span class='ocr_line' id='line_1_14' title="bbox 219 1866 1324 1952; baseline 0.003 -20"><span class='ocrx_word' id='word_1_112' title='bbox 219 1868 392 1932; x_wconf 87' lang='lat' dir='ltr'>Isabellam</span> <span class='ocrx_word' id='word_1_113' title='bbox 416 1869 457 1933; x_wconf 94' lang='lat' dir='ltr'>de</span> <span class='ocrx_word' id='word_1_114' title='bbox 479 1867 616 1932; x_wconf 88' lang='lat' dir='ltr'>Friuilla</span> <span class='ocrx_word' id='word_1_115' title='bbox 637 1867 771 1931; x_wconf 88' lang='lat' dir='ltr'>terciam</span> <span class='ocrx_word' id='word_1_116' title='bbox 794 1875 920 1952; x_wconf 86' lang='lat' dir='ltr'>partem</span> <span class='ocrx_word' id='word_1_117' title='bbox 947 1866 1085 1932; x_wconf 85' lang='lat' dir='ltr'>duarum</span> <span class='ocrx_word' id='word_1_118' title='bbox 1110 1891 1212 1934; x_wconf 80' lang='lat' dir='ltr'>carue.</span> <span class='ocrx_word' id='word_1_119' title='bbox 1238 1877 1324 1936; x_wconf 89' lang='lat' dir='ltr'>terre</span> 
     </span>
     <span class='ocr_line' id='line_1_15' title="bbox 219 1972 1325 2058; baseline 0.004 -22"><span class='ocrx_word' id='word_1_120' title='bbox 219 1995 294 2036; x_wconf 90' lang='lat' dir='ltr'>cum</span> <span class='ocrx_word' id='word_1_121' title='bbox 322 1981 403 2058; x_wconf 89' lang='lat' dir='ltr'>pert.</span> <span class='ocrx_word' id='word_1_122' title='bbox 434 1973 469 2037; x_wconf 90' lang='lat' dir='ltr'>in</span> <span class='ocrx_word' id='word_1_123' title='bbox 499 1972 612 2038; x_wconf 90' lang='lat' dir='ltr'>eadem</span> <span class='ocrx_word' id='word_1_124' title='bbox 641 1973 731 2048; x_wconf 85' lang='lat' dir='ltr'>uilla,</span> <span class='ocrx_word' id='word_1_125' title='bbox 760 1980 795 2036; x_wconf 88' lang='lat' dir='ltr'>et</span> <span class='ocrx_word' id='word_1_126' title='bbox 824 1994 937 2037; x_wconf 88' lang='lat' dir='ltr'>uersus</span> <span class='ocrx_word' id='word_1_127' title='bbox 966 1972 1161 2037; x_wconf 86' lang='lat' dir='ltr'>Matillidem</span> <span class='ocrx_word' id='word_1_128' title='bbox 1192 1973 1325 2040; x_wconf 82' lang='lat' dir='ltr'>Giffard&#39;</span> 
     </span>
     <span class='ocr_line' id='line_1_16' title="bbox 218 2075 1391 2162; baseline 0.003 -21"><span class='ocrx_word' id='word_1_129' title='bbox 218 2077 430 2141; x_wconf 86' lang='lat' dir='ltr'>medietatem</span> <span class='ocrx_word' id='word_1_130' title='bbox 452 2077 591 2142; x_wconf 82' lang='lat' dir='ltr'>duarum</span> <span class='ocrx_word' id='word_1_131' title='bbox 612 2076 758 2162; x_wconf 90' lang='lat' dir='ltr'>parcium</span> <span class='ocrx_word' id='word_1_132' title='bbox 778 2075 916 2140; x_wconf 85' lang='lat' dir='ltr'>duarum</span> <span class='ocrx_word' id='word_1_133' title='bbox 937 2098 1038 2140; x_wconf 85' lang='lat' dir='ltr'>carue.</span> <span class='ocrx_word' id='word_1_134' title='bbox 1055 2085 1139 2140; x_wconf 89' lang='lat' dir='ltr'>terre</span> <span class='ocrx_word' id='word_1_135' title='bbox 1154 2100 1229 2142; x_wconf 84' lang='lat' dir='ltr'>curn</span> <span class='ocrx_word' id='word_1_136' title='bbox 1244 2087 1325 2162; x_wconf 90' lang='lat' dir='ltr'>pert.</span> <span class='ocrx_word' id='word_1_137' title='bbox 1389 2139 1391 2144; x_wconf 89' lang='lat'>.</span> 
     </span>
     <span class='ocr_line' id='line_1_17' title="bbox 218 2178 1325 2264; baseline 0 -20"><span class='ocrx_word' id='word_1_138' title='bbox 218 2179 254 2244; x_wconf 94' lang='lat' dir='ltr'>in</span> <span class='ocrx_word' id='word_1_139' title='bbox 269 2180 382 2244; x_wconf 78' lang='lat' dir='ltr'>eedem</span> <span class='ocrx_word' id='word_1_140' title='bbox 402 2181 483 2246; x_wconf 90' lang='lat' dir='ltr'>uilla</span> <span class='ocrx_word' id='word_1_141' title='bbox 502 2188 540 2244; x_wconf 89' lang='lat' dir='ltr'>ut</span> <span class='ocrx_word' id='word_1_142' title='bbox 564 2179 616 2244; x_wconf 89' lang='lat' dir='ltr'>ius</span> <span class='ocrx_word' id='word_1_143' title='bbox 637 2202 733 2244; x_wconf 88' lang='lat' dir='ltr'>suum</span> <span class='ocrx_word' id='word_1_144' title='bbox 756 2179 843 2243; x_wconf 91' lang='lat' dir='ltr'>unde</span> <span class='ocrx_word' id='word_1_145' title='bbox 866 2178 1005 2264; x_wconf 90' lang='lat' dir='ltr'>quedam</span> <span class='ocrx_word' id='word_1_146' title='bbox 1029 2178 1151 2244; x_wconf 86' lang='lat' dir='ltr'>Cecilia</span> <span class='ocrx_word' id='word_1_147' title='bbox 1171 2181 1325 2245; x_wconf 87' lang='lat' dir='ltr'>antecess&#39;</span> 
     </span>
     <span class='ocr_line' id='line_1_18' title="bbox 218 2280 1326 2367; baseline 0 -20"><span class='ocrx_word' id='word_1_148' title='bbox 218 2305 278 2347; x_wconf 89' lang='lat' dir='ltr'>sua</span> <span class='ocrx_word' id='word_1_149' title='bbox 291 2283 355 2347; x_wconf 89' lang='lat' dir='ltr'>fuit</span> <span class='ocrx_word' id='word_1_150' title='bbox 370 2283 481 2348; x_wconf 85' lang='lat' dir='ltr'>seisita</span> <span class='ocrx_word' id='word_1_151' title='bbox 495 2282 529 2346; x_wconf 91' lang='lat' dir='ltr'>in</span> <span class='ocrx_word' id='word_1_152' title='bbox 545 2281 706 2346; x_wconf 91' lang='lat' dir='ltr'>dominico</span> <span class='ocrx_word' id='word_1_153' title='bbox 721 2303 779 2345; x_wconf 90' lang='lat' dir='ltr'>suo</span> <span class='ocrx_word' id='word_1_154' title='bbox 794 2289 832 2345; x_wconf 90' lang='lat' dir='ltr'>ut</span> <span class='ocrx_word' id='word_1_155' title='bbox 853 2280 893 2344; x_wconf 91' lang='lat' dir='ltr'>de</span> <span class='ocrx_word' id='word_1_156' title='bbox 916 2280 1009 2344; x_wconf 89' lang='lat' dir='ltr'>feodo</span> <span class='ocrx_word' id='word_1_157' title='bbox 1031 2290 1066 2346; x_wconf 90' lang='lat' dir='ltr'>et</span> <span class='ocrx_word' id='word_1_158' title='bbox 1088 2280 1158 2346; x_wconf 90' lang='lat' dir='ltr'>iure</span> <span class='ocrx_word' id='word_1_159' title='bbox 1181 2289 1326 2367; x_wconf 88' lang='lat' dir='ltr'>tempore</span> 
     </span>
     <span class='ocr_line' id='line_1_19' title="bbox 218 2385 1327 2474; baseline -0.002 -22"><span class='ocrx_word' id='word_1_160' title='bbox 218 2387 260 2451; x_wconf 93' lang='grc' dir='ltr'>Η.</span> <span class='ocrx_word' id='word_1_161' title='bbox 278 2387 377 2474; x_wconf 83' lang='lat' dir='ltr'>Regis</span> <span class='ocrx_word' id='word_1_162' title='bbox 392 2387 447 2451; x_wconf 90' lang='lat' dir='ltr'>aui</span> <span class='ocrx_word' id='word_1_163' title='bbox 462 2387 554 2450; x_wconf 91' lang='lat' dir='ltr'>Dom.</span> <span class='ocrx_word' id='word_1_164' title='bbox 572 2386 673 2472; x_wconf 87' lang='lat' dir='ltr'>Regis</span> <span class='ocrx_word' id='word_1_165' title='bbox 687 2385 843 2471; x_wconf 91' lang='lat' dir='ltr'>capiendo</span> <span class='ocrx_word' id='word_1_166' title='bbox 858 2393 927 2461; x_wconf 86' lang='lat' dir='ltr'>etc,</span> <span class='ocrx_word' id='word_1_167' title='bbox 937 2394 971 2449; x_wconf 90' lang='lat' dir='ltr'>et</span> <span class='ocrx_word' id='word_1_168' title='bbox 986 2385 1027 2449; x_wconf 92' lang='lat' dir='ltr'>de</span> <span class='ocrx_word' id='word_1_169' title='bbox 1042 2385 1189 2470; x_wconf 86' lang='lat' dir='ltr'>predicta</span> <span class='ocrx_word' id='word_1_170' title='bbox 1204 2385 1327 2451; x_wconf 85' lang='lat' dir='ltr'>Cecilia</span> 
     </span>
     <span class='ocr_line' id='line_1_20' title="bbox 218 2488 1325 2575; baseline 0.001 -21"><span class='ocrx_word' id='word_1_171' title='bbox 218 2490 296 2575; x_wconf 88' lang='lat' dir='ltr'>quia</span> <span class='ocrx_word' id='word_1_172' title='bbox 310 2490 391 2554; x_wconf 89' lang='lat' dir='ltr'>obiit</span> <span class='ocrx_word' id='word_1_173' title='bbox 406 2489 476 2554; x_wconf 89' lang='lat' dir='ltr'>sine</span> <span class='ocrx_word' id='word_1_174' title='bbox 491 2489 609 2554; x_wconf 88' lang='lat' dir='ltr'>herede</span> <span class='ocrx_word' id='word_1_175' title='bbox 624 2489 665 2553; x_wconf 91' lang='lat' dir='ltr'>de</span> <span class='ocrx_word' id='word_1_176' title='bbox 681 2511 715 2553; x_wconf 93' lang='lat' dir='ltr'>se</span> <span class='ocrx_word' id='word_1_177' title='bbox 730 2488 897 2553; x_wconf 90' lang='lat' dir='ltr'>descendit</span> <span class='ocrx_word' id='word_1_178' title='bbox 912 2489 964 2553; x_wconf 91' lang='lat' dir='ltr'>ius</span> <span class='ocrx_word' id='word_1_179' title='bbox 982 2497 1067 2552; x_wconf 88' lang='lat' dir='ltr'>terre</span> <span class='ocrx_word' id='word_1_180' title='bbox 1087 2489 1175 2553; x_wconf 87' lang='lat' dir='ltr'>illius</span> <span class='ocrx_word' id='word_1_181' title='bbox 1196 2489 1325 2554; x_wconf 85' lang='lat' dir='ltr'>cuidam</span> 
     </span>
     <span class='ocr_line' id='line_1_21' title="bbox 216 2589 1325 2680; baseline 0 -23"><span class='ocrx_word' id='word_1_182' title='bbox 216 2593 341 2680; x_wconf 83' lang='lat' dir='ltr'>Agneti</span> <span class='ocrx_word' id='word_1_183' title='bbox 356 2601 394 2656; x_wconf 91' lang='lat' dir='ltr'>ut</span> <span class='ocrx_word' id='word_1_184' title='bbox 410 2592 508 2656; x_wconf 82' lang='lat' dir='ltr'>semri</span> <span class='ocrx_word' id='word_1_185' title='bbox 523 2600 557 2656; x_wconf 90' lang='lat' dir='ltr'>et</span> <span class='ocrx_word' id='word_1_186' title='bbox 572 2591 684 2656; x_wconf 92' lang='lat' dir='ltr'>heredi</span> <span class='ocrx_word' id='word_1_187' title='bbox 693 2589 713 2669; x_wconf 81' lang='lat'>⁸,</span> <span class='ocrx_word' id='word_1_188' title='bbox 728 2599 762 2655; x_wconf 90' lang='lat' dir='ltr'>et</span> <span class='ocrx_word' id='word_1_189' title='bbox 778 2590 855 2676; x_wconf 90' lang='lat' dir='ltr'>quia</span> <span class='ocrx_word' id='word_1_190' title='bbox 870 2590 938 2676; x_wconf 92' lang='lat' dir='ltr'>ipse</span> <span class='ocrx_word' id='word_1_191' title='bbox 954 2591 1138 2656; x_wconf 88' lang='lat' dir='ltr'>Willelmus</span> <span class='ocrx_word' id='word_1_192' title='bbox 1158 2591 1240 2656; x_wconf 89' lang='lat' dir='ltr'>obiit</span> <span class='ocrx_word' id='word_1_193' title='bbox 1255 2593 1325 2657; x_wconf 90' lang='lat' dir='ltr'>sine</span> 
     </span>
     <span class='ocr_line' id='line_1_22' title="bbox 217 2694 1325 2762; baseline -0.002 0"><span class='ocrx_word' id='word_1_194' title='bbox 217 2697 335 2762; x_wconf 87' lang='lat' dir='ltr'>herede</span> <span class='ocrx_word' id='word_1_195' title='bbox 350 2698 391 2762; x_wconf 86' lang='lat' dir='ltr'>de</span> <span class='ocrx_word' id='word_1_196' title='bbox 407 2720 440 2762; x_wconf 91' lang='lat' dir='ltr'>se</span> <span class='ocrx_word' id='word_1_197' title='bbox 456 2695 622 2761; x_wconf 90' lang='lat' dir='ltr'>descendit</span> <span class='ocrx_word' id='word_1_198' title='bbox 637 2696 689 2760; x_wconf 91' lang='lat' dir='ltr'>ius</span> <span class='ocrx_word' id='word_1_199' title='bbox 703 2704 788 2760; x_wconf 87' lang='lat' dir='ltr'>terre</span> <span class='ocrx_word' id='word_1_200' title='bbox 808 2695 897 2759; x_wconf 89' lang='lat' dir='ltr'>illins</span> <span class='ocrx_word' id='word_1_201' title='bbox 912 2694 967 2758; x_wconf 85' lang='lat' dir='ltr'>isti</span> <span class='ocrx_word' id='word_1_202' title='bbox 982 2695 1116 2759; x_wconf 88' lang='lat' dir='ltr'>Warino</span> <span class='ocrx_word' id='word_1_203' title='bbox 1131 2703 1169 2760; x_wconf 90' lang='lat' dir='ltr'>ut</span> <span class='ocrx_word' id='word_1_204' title='bbox 1184 2696 1276 2760; x_wconf 84' lang='lat' dir='ltr'>fratri</span> <span class='ocrx_word' id='word_1_205' title='bbox 1290 2705 1325 2760; x_wconf 90' lang='lat' dir='ltr'>et</span> 
     </span>
     <span class='ocr_line' id='line_1_23' title="bbox 217 2797 1325 2886; baseline 0 -22"><span class='ocrx_word' id='word_1_206' title='bbox 217 2799 329 2864; x_wconf 91' lang='lat' dir='ltr'>heredi</span> <span class='ocrx_word' id='word_1_207' title='bbox 343 2823 409 2876; x_wconf 90' lang='lat' dir='ltr'>sno,</span> <span class='ocrx_word' id='word_1_208' title='bbox 425 2799 560 2886; x_wconf 74' lang='lat' dir='ltr'>etquod</span> <span class='ocrx_word' id='word_1_209' title='bbox 580 2799 727 2884; x_wconf 87' lang='lat' dir='ltr'>predicta</span> <span class='ocrx_word' id='word_1_210' title='bbox 749 2797 871 2864; x_wconf 80' lang='lat' dir='ltr'>Oecilia</span> <span class='ocrx_word' id='word_1_211' title='bbox 892 2798 941 2862; x_wconf 88' lang='lat' dir='ltr'>ita</span> <span class='ocrx_word' id='word_1_212' title='bbox 963 2798 1026 2862; x_wconf 86' lang='lat' dir='ltr'>fuit</span> <span class='ocrx_word' id='word_1_213' title='bbox 1049 2797 1160 2862; x_wconf 86' lang='lat' dir='ltr'>saisita</span> <span class='ocrx_word' id='word_1_214' title='bbox 1182 2807 1216 2864; x_wconf 88' lang='lat' dir='ltr'>et</span> <span class='ocrx_word' id='word_1_215' title='bbox 1238 2799 1325 2884; x_wconf 91' lang='lat' dir='ltr'>quod</span> 
     </span>
     <span class='ocr_line' id='line_1_24' title="bbox 217 2903 703 2968; baseline 0 0"><span class='ocrx_word' id='word_1_216' title='bbox 217 2905 283 2968; x_wconf 87' lang='lat' dir='ltr'>talc</span> <span class='ocrx_word' id='word_1_217' title='bbox 298 2905 342 2968; x_wconf 91' lang='lat' dir='ltr'>sit</span> <span class='ocrx_word' id='word_1_218' title='bbox 356 2903 408 2967; x_wconf 90' lang='lat' dir='ltr'>ius</span> <span class='ocrx_word' id='word_1_219' title='bbox 422 2925 519 2968; x_wconf 89' lang='lat' dir='ltr'>suum</span> <span class='ocrx_word' id='word_1_220' title='bbox 534 2903 628 2968; x_wconf 84' lang='lat' dir='ltr'>offert</span> <span class='ocrx_word' id='word_1_221' title='bbox 643 2911 703 2968; x_wconf 93' lang='lat' dir='ltr'>etc.</span> 
     </span>
    </p>

    <p class='ocr_par' dir='ltr' id='par_1_5' title="bbox 283 3005 1325 3082">
     <span class='ocr_line' id='line_1_25' title="bbox 283 3005 1325 3082; baseline 0 -12"><span class='ocrx_word' id='word_1_222' title='bbox 283 3007 326 3071; x_wconf 87' lang='lat' dir='ltr'>Et</span> <span class='ocrx_word' id='word_1_223' title='bbox 341 3005 414 3070; x_wconf 85' lang='lat' dir='ltr'>Ada</span> <span class='ocrx_word' id='word_1_224' title='bbox 429 3014 463 3070; x_wconf 88' lang='lat' dir='ltr'>et</span> <span class='ocrx_word' id='word_1_225' title='bbox 484 3006 620 3070; x_wconf 90' lang='lat' dir='ltr'>Mabilia</span> <span class='ocrx_word' id='word_1_226' title='bbox 639 3014 674 3070; x_wconf 90' lang='lat' dir='ltr'>et</span> <span class='ocrx_word' id='word_1_227' title='bbox 696 3006 759 3070; x_wconf 89' lang='lat' dir='ltr'>alie</span> <span class='ocrx_word' id='word_1_228' title='bbox 783 3005 930 3082; x_wconf 89' lang='lat' dir='ltr'>ueniunt,</span> <span class='ocrx_word' id='word_1_229' title='bbox 951 3013 986 3070; x_wconf 88' lang='lat' dir='ltr'>et</span> <span class='ocrx_word' id='word_1_230' title='bbox 1010 3005 1151 3069; x_wconf 85' lang='lat' dir='ltr'>Isabella</span> <span class='ocrx_word' id='word_1_231' title='bbox 1173 3005 1267 3069; x_wconf 91' lang='lat' dir='ltr'>uenit</span> <span class='ocrx_word' id='word_1_232' title='bbox 1290 3015 1325 3070; x_wconf 90' lang='lat' dir='ltr'>et</span> 
     </span>
    </p>
   </div>
   <div class='ocr_carea' id='block_1_5' title="bbox 217 3108 1435 3298">
    <p class='ocr_par' dir='ltr' id='par_1_6' title="bbox 217 3108 1435 3298">
     <span class='ocr_line' id='line_1_26' title="bbox 217 3108 1423 3198; baseline -0.001 -25"><span class='ocrx_word' id='word_1_233' title='bbox 217 3117 312 3173; x_wconf 89' lang='lat' dir='ltr'>uocat</span> <span class='ocrx_word' id='word_1_234' title='bbox 327 3109 403 3173; x_wconf 87' lang='lat' dir='ltr'>inde</span> <span class='ocrx_word' id='word_1_235' title='bbox 418 3109 459 3173; x_wconf 87' lang='lat' dir='ltr'>ad</span> <span class='ocrx_word' id='word_1_236' title='bbox 474 3117 654 3173; x_wconf 84' lang='lat' dir='ltr'>warantum</span> <span class='ocrx_word' id='word_1_237' title='bbox 675 3109 836 3194; x_wconf 88' lang='lat' dir='ltr'>predictos</span> <span class='ocrx_word' id='word_1_238' title='bbox 857 3109 967 3174; x_wconf 88' lang='lat' dir='ltr'>Adam.</span> <span class='ocrx_word' id='word_1_239' title='bbox 980 3109 1148 3172; x_wconf 88' lang='lat' dir='ltr'>Mabiliam</span> <span class='ocrx_word' id='word_1_240' title='bbox 1165 3116 1199 3172; x_wconf 90' lang='lat' dir='ltr'>et</span> <span class='ocrx_word' id='word_1_241' title='bbox 1215 3108 1325 3172; x_wconf 87' lang='lat' dir='ltr'>Matil·</span> <span class='ocrx_word' id='word_1_242' title='bbox 1421 3193 1423 3198; x_wconf 23' lang='grc' dir='ltr'>Ι</span> 
     </span>
     <span class='ocr_line' id='line_1_27' title="bbox 217 3212 1435 3298; baseline -0.001 -22"><span class='ocrx_word' id='word_1_243' title='bbox 217 3212 316 3277; x_wconf 90' lang='lat' dir='ltr'>lidem</span> <span class='ocrx_word' id='word_1_244' title='bbox 338 3212 395 3298; x_wconf 92' lang='lat' dir='ltr'>qui</span> <span class='ocrx_word' id='word_1_245' title='bbox 416 3220 583 3297; x_wconf 86' lang='lat' dir='ltr'>presentes</span> <span class='ocrx_word' id='word_1_246' title='bbox 605 3222 683 3276; x_wconf 87' lang='lat' dir='ltr'>sunt</span> <span class='ocrx_word' id='word_1_247' title='bbox 705 3221 740 3276; x_wconf 86' lang='lat' dir='ltr'>et</span> <span class='ocrx_word' id='word_1_248' title='bbox 763 3212 829 3277; x_wconf 84' lang='lat' dir='ltr'>eis⁴</span> <span class='ocrx_word' id='word_1_249' title='bbox 850 3212 1060 3276; x_wconf 86' lang='lat' dir='ltr'>warentizant</span> <span class='ocrx_word' id='word_1_250' title='bbox 1081 3219 1114 3275; x_wconf 90' lang='lat' dir='ltr'>et</span> <span class='ocrx_word' id='word_1_251' title='bbox 1130 3212 1325 3296; x_wconf 91' lang='lat' dir='ltr'>respondent</span> <span class='ocrx_word' id='word_1_252' title='bbox 1431 3232 1435 3240; x_wconf 84' lang='grc'><strong><em>’</em></strong></span> 
     </span>
    </p>
   </div>
   <div class='ocr_carea' id='block_1_6' title="bbox 214 3313 1324 4026">
    <p class='ocr_par' dir='ltr' id='par_1_7' title="bbox 214 3313 1324 4026">
     <span class='ocr_line' id='line_1_28' title="bbox 216 3313 1324 3400; baseline -0.001 -21"><span class='ocrx_word' id='word_1_253' title='bbox 216 3315 257 3379; x_wconf 92' lang='lat' dir='ltr'>de</span> <span class='ocrx_word' id='word_1_254' title='bbox 273 3323 342 3379; x_wconf 88' lang='lat' dir='ltr'>toto</span> <span class='ocrx_word' id='word_1_255' title='bbox 358 3323 392 3379; x_wconf 89' lang='lat' dir='ltr'>et</span> <span class='ocrx_word' id='word_1_256' title='bbox 407 3315 522 3379; x_wconf 85' lang='lat' dir='ltr'>defend</span> <span class='ocrx_word' id='word_1_257' title='bbox 537 3325 586 3378; x_wconf 73' lang='lat' dir='ltr'>&#39;nt</span> <span class='ocrx_word' id='word_1_258' title='bbox 601 3315 652 3379; x_wconf 90' lang='lat' dir='ltr'>ius</span> <span class='ocrx_word' id='word_1_259' title='bbox 666 3315 768 3400; x_wconf 90' lang='lat' dir='ltr'>ipsius</span> <span class='ocrx_word' id='word_1_260' title='bbox 783 3315 909 3380; x_wconf 88' lang='lat' dir='ltr'>Warini</span> <span class='ocrx_word' id='word_1_261' title='bbox 924 3315 964 3378; x_wconf 92' lang='lat' dir='ltr'>de</span> <span class='ocrx_word' id='word_1_262' title='bbox 980 3313 1094 3378; x_wconf 90' lang='lat' dir='ltr'>eadem</span> <span class='ocrx_word' id='word_1_263' title='bbox 1109 3322 1196 3378; x_wconf 91' lang='lat' dir='ltr'>terra</span> <span class='ocrx_word' id='word_1_264' title='bbox 1211 3323 1324 3378; x_wconf 89' lang='lat' dir='ltr'>tenen-</span> 
     </span>
     <span class='ocr_line' id='line_1_29' title="bbox 217 3417 1324 3504; baseline -0.001 -21"><span class='ocrx_word' id='word_1_265' title='bbox 217 3419 259 3483; x_wconf 89' lang='lat' dir='ltr'>da</span> <span class='ocrx_word' id='word_1_266' title='bbox 273 3419 308 3483; x_wconf 91' lang='lat' dir='ltr'>in</span> <span class='ocrx_word' id='word_1_267' title='bbox 323 3418 492 3494; x_wconf 89' lang='lat' dir='ltr'>dominico,</span> <span class='ocrx_word' id='word_1_268' title='bbox 508 3427 542 3482; x_wconf 91' lang='lat' dir='ltr'>et</span> <span class='ocrx_word' id='word_1_269' title='bbox 562 3418 640 3482; x_wconf 78' lang='lat' dir='ltr'>satis</span> <span class='ocrx_word' id='word_1_270' title='bbox 660 3427 857 3504; x_wconf 82' lang='lat' dir='ltr'>cognoscunt</span> <span class='ocrx_word' id='word_1_271' title='bbox 880 3418 965 3504; x_wconf 92' lang='lat' dir='ltr'>quod</span> <span class='ocrx_word' id='word_1_272' title='bbox 988 3418 1109 3484; x_wconf 82' lang='lat' dir='ltr'>Cecilia</span> <span class='ocrx_word' id='word_1_273' title='bbox 1132 3417 1324 3504; x_wconf 64' lang='lat' dir='ltr'>Commissa*</span> 
     </span>
     <span class='ocr_line' id='line_1_30' title="bbox 217 3521 1324 3608; baseline -0.001 -21"><span class='ocrx_word' id='word_1_274' title='bbox 217 3523 257 3587; x_wconf 88' lang='lat' dir='ltr'>de</span> <span class='ocrx_word' id='word_1_275' title='bbox 286 3523 378 3587; x_wconf 89' lang='lat' dir='ltr'>cuius</span> <span class='ocrx_word' id='word_1_276' title='bbox 407 3521 525 3586; x_wconf 83' lang='lat' dir='ltr'>saisina</span> <span class='ocrx_word' id='word_1_277' title='bbox 553 3521 639 3586; x_wconf 88' lang='lat' dir='ltr'>idem</span> <span class='ocrx_word' id='word_1_278' title='bbox 664 3522 818 3586; x_wconf 86' lang='lat' dir='ltr'>Warinus</span> <span class='ocrx_word' id='word_1_279' title='bbox 846 3523 932 3608; x_wconf 91' lang='lat' dir='ltr'>petit</span> <span class='ocrx_word' id='word_1_280' title='bbox 961 3531 1080 3586; x_wconf 87' lang='lat' dir='ltr'>terram</span> <span class='ocrx_word' id='word_1_281' title='bbox 1110 3522 1201 3586; x_wconf 89' lang='lat' dir='ltr'>illam</span> <span class='ocrx_word' id='word_1_282' title='bbox 1232 3522 1324 3586; x_wconf 87' lang='lat' dir='ltr'>dedit</span> 
     </span>
     <span class='ocr_line' id='line_1_31' title="bbox 216 3625 1322 3713; baseline -0.001 -21"><span class='ocrx_word' id='word_1_283' title='bbox 216 3636 335 3692; x_wconf 85' lang='lat' dir='ltr'>terram</span> <span class='ocrx_word' id='word_1_284' title='bbox 362 3627 452 3690; x_wconf 90' lang='lat' dir='ltr'>illam</span> <span class='ocrx_word' id='word_1_285' title='bbox 474 3649 548 3690; x_wconf 89' lang='lat' dir='ltr'>cum</span> <span class='ocrx_word' id='word_1_286' title='bbox 571 3636 651 3711; x_wconf 90' lang='lat' dir='ltr'>pert.</span> <span class='ocrx_word' id='word_1_287' title='bbox 679 3627 817 3692; x_wconf 88' lang='lat' dir='ltr'>Ricardo</span> <span class='ocrx_word' id='word_1_288' title='bbox 840 3625 971 3693; x_wconf 81' lang='lat' dir='ltr'>Giffard&#39;</span> <span class='ocrx_word' id='word_1_289' title='bbox 995 3627 1082 3713; x_wconf 88' lang='lat' dir='ltr'>patri</span> <span class='ocrx_word' id='word_1_290' title='bbox 1104 3627 1322 3712; x_wconf 88' lang='lat' dir='ltr'>predictarum</span> 
     </span>
     <span class='ocr_line' id='line_1_32' title="bbox 216 3729 1322 3817; baseline 0.002 -25"><span class='ocrx_word' id='word_1_291' title='bbox 216 3729 350 3794; x_wconf 87' lang='lat' dir='ltr'>Mabilia</span> <span class='ocrx_word' id='word_1_292' title='bbox 365 3737 399 3794; x_wconf 91' lang='lat' dir='ltr'>et</span> <span class='ocrx_word' id='word_1_293' title='bbox 414 3729 574 3794; x_wconf 77' lang='lat' dir='ltr'>Isabclle⁶</span> <span class='ocrx_word' id='word_1_294' title='bbox 588 3752 647 3815; x_wconf 87' lang='lat' dir='ltr'>per</span> <span class='ocrx_word' id='word_1_295' title='bbox 661 3747 784 3794; x_wconf 86' lang='lat' dir='ltr'>cartam</span> <span class='ocrx_word' id='word_1_296' title='bbox 799 3754 891 3796; x_wconf 90' lang='lat' dir='ltr'>suam</span> <span class='ocrx_word' id='word_1_297' title='bbox 906 3753 1004 3817; x_wconf 90' lang='lat' dir='ltr'>quam</span> <span class='ocrx_word' id='word_1_298' title='bbox 1027 3731 1195 3814; x_wconf 85' lang='lat' dir='ltr'>proferunt</span> <span class='ocrx_word' id='word_1_299' title='bbox 1210 3739 1244 3794; x_wconf 92' lang='lat' dir='ltr'>et</span> <span class='ocrx_word' id='word_1_300' title='bbox 1259 3753 1322 3816; x_wconf 92' lang='lat' dir='ltr'>que</span> 
     </span>
     <span class='ocr_line' id='line_1_33' title="bbox 215 3833 1323 3921; baseline 0.001 -24"><span class='ocrx_word' id='word_1_301' title='bbox 215 3841 357 3898; x_wconf 87' lang='lat' dir='ltr'>testatur</span> <span class='ocrx_word' id='word_1_302' title='bbox 370 3833 456 3920; x_wconf 92' lang='lat' dir='ltr'>quod</span> <span class='ocrx_word' id='word_1_303' title='bbox 471 3834 584 3898; x_wconf 88' lang='lat' dir='ltr'>eadem</span> <span class='ocrx_word' id='word_1_304' title='bbox 601 3834 722 3900; x_wconf 84' lang='lat' dir='ltr'>Ceoilia</span> <span class='ocrx_word' id='word_1_305' title='bbox 737 3835 827 3900; x_wconf 89' lang='lat' dir='ltr'>dedit</span> <span class='ocrx_word' id='word_1_306' title='bbox 848 3835 910 3921; x_wconf 90' lang='lat' dir='ltr'>ipsi</span> <span class='ocrx_word' id='word_1_307' title='bbox 930 3835 1068 3900; x_wconf 88' lang='lat' dir='ltr'>Ricardo</span> <span class='ocrx_word' id='word_1_308' title='bbox 1091 3844 1211 3899; x_wconf 87' lang='lat' dir='ltr'>terram</span> <span class='ocrx_word' id='word_1_309' title='bbox 1234 3833 1323 3898; x_wconf 91' lang='lat' dir='ltr'>illam</span> 
     </span>
     <span class='ocr_line' id='line_1_34' title="bbox 214 3937 1324 4026; baseline -0.003 -22"><span class='ocrx_word' id='word_1_310' title='bbox 214 3937 285 4004; x_wconf 88' lang='lat' dir='ltr'>iure</span> <span class='ocrx_word' id='word_1_311' title='bbox 314 3937 509 4003; x_wconf 86' lang='lat' dir='ltr'>hereditario</span> <span class='ocrx_word' id='word_1_312' title='bbox 537 3937 763 4023; x_wconf 87' lang='lat' dir='ltr'>possidendam</span> <span class='ocrx_word' id='word_1_313' title='bbox 789 3939 830 4004; x_wconf 94' lang='lat' dir='ltr'>de</span> <span class='ocrx_word' id='word_1_314' title='bbox 857 3939 970 4026; x_wconf 81' lang='lat' dir='ltr'>eadem</span> <span class='ocrx_word' id='word_1_315' title='bbox 997 3947 1031 4004; x_wconf 89' lang='lat' dir='ltr'>et</span> <span class='ocrx_word' id='word_1_316' title='bbox 1057 3938 1231 4004; x_wconf 87' lang='lat' dir='ltr'>heredibus</span> <span class='ocrx_word' id='word_1_317' title='bbox 1256 3937 1324 4002; x_wconf 89' lang='lat' dir='ltr'>suis</span> 
     </span>
    </p>
   </div>
   <div class='ocr_carea' id='block_1_7' title="bbox 215 4148 1320 4540">
    <p class='ocr_par' dir='ltr' id='par_1_8' title="bbox 215 4148 1320 4472">
     <span class='ocr_line' id='line_1_35' title="bbox 249 4148 1211 4247; baseline -0.001 -46"><span class='ocrx_word' id='word_1_318' title='bbox 249 4153 258 4184; x_wconf 88' lang='lat'>¹</span> <span class='ocrx_word' id='word_1_319' title='bbox 276 4151 332 4228; x_wconf 58' lang='lat' dir='ltr'>djhe</span> <span class='ocrx_word' id='word_1_320' title='bbox 343 4155 445 4201; x_wconf 81' lang='lat' dir='ltr'>restore</span> <span class='ocrx_word' id='word_1_321' title='bbox 457 4151 484 4200; x_wconf 78' lang='lat' dir='ltr'>or</span> <span class='ocrx_word' id='word_1_322' title='bbox 501 4149 546 4201; x_wconf 86' lang='lat' dir='ltr'>the</span> <span class='ocrx_word' id='word_1_323' title='bbox 557 4151 627 4228; x_wconf 75' lang='lat' dir='ltr'>land,</span> <span class='ocrx_word' id='word_1_324' title='bbox 641 4150 685 4202; x_wconf 91' lang='lat' dir='ltr'>i.e.</span> <span class='ocrx_word' id='word_1_325' title='bbox 700 4150 744 4200; x_wconf 89' lang='lat' dir='ltr'>tha</span> <span class='ocrx_word' id='word_1_326' title='bbox 794 4150 883 4247; x_wconf 72' lang='lat' dir='ltr'>Agpea</span> <span class='ocrx_word' id='word_1_327' title='bbox 892 4151 919 4199; x_wconf 86' lang='lat' dir='ltr'>to</span> <span class='ocrx_word' id='word_1_328' title='bbox 930 4149 1047 4200; x_wconf 87' lang='lat' dir='ltr'>William</span> <span class='ocrx_word' id='word_1_329' title='bbox 1057 4149 1080 4198; x_wconf 83' lang='lat' dir='ltr'>is</span> <span class='ocrx_word' id='word_1_330' title='bbox 1092 4148 1211 4211; x_wconf 80' lang='lat' dir='ltr'>missing.</span> 
     </span>
     <span class='ocr_line' id='line_1_36' title="bbox 215 4216 1320 4355; baseline -0.001 -23"><span class='ocrx_word' id='word_1_331' title='bbox 215 4233 329 4332; x_wconf 50' lang='lat' dir='ltr'>grgwfludd</span> <span class='ocrx_word' id='word_1_332' title='bbox 340 4231 514 4344; x_wconf 53' lang='lat' dir='ltr'>cthddsprotmt</span> <span class='ocrx_word' id='word_1_333' title='bbox 539 4280 567 4328; x_wconf 79' lang='lat' dir='ltr'>oi</span> <span class='ocrx_word' id='word_1_334' title='bbox 593 4279 639 4329; x_wconf 86' lang='lat' dir='ltr'>the</span> <span class='ocrx_word' id='word_1_335' title='bbox 661 4281 746 4355; x_wconf 78' lang='lat' dir='ltr'>olergy</span> <span class='ocrx_word' id='word_1_336' title='bbox 828 4216 1160 4329; x_wconf 58' lang='lat' dir='ltr'>‘dicintessoffleresord</span> <span class='ocrx_word' id='word_1_337' title='bbox 1173 4279 1213 4344; x_wconf 70' lang='lat' dir='ltr'>(t).</span> <span class='ocrx_word' id='word_1_338' title='bbox 1237 4276 1320 4340; x_wconf 75' lang='lat' dir='ltr'>Dugd.</span> 
     </span>
     <span class='ocr_line' id='line_1_37' title="bbox 215 4344 1066 4408; baseline -0.006 -11"><span class='ocrx_word' id='word_1_339' title='bbox 215 4363 267 4397; x_wconf 66' lang='lat' dir='ltr'>nn.</span> <span class='ocrx_word' id='word_1_340' title='bbox 287 4349 349 4398; x_wconf 76' lang='lat'><strong>1237</strong></span> <span class='ocrx_word' id='word_1_341' title='bbox 368 4347 470 4408; x_wconf 78' lang='lat' dir='ltr'>against</span> <span class='ocrx_word' id='word_1_342' title='bbox 493 4345 556 4394; x_wconf 84' lang='lat' dir='ltr'>such</span> <span class='ocrx_word' id='word_1_343' title='bbox 578 4345 744 4408; x_wconf 71' lang='lat' dir='ltr'>proceadrnus</span> <span class='ocrx_word' id='word_1_344' title='bbox 795 4347 856 4394; x_wconf 82' lang='lat' dir='ltr'>Bor.</span> <span class='ocrx_word' id='word_1_345' title='bbox 872 4346 922 4394; x_wconf 90' lang='lat' dir='ltr'>vol.</span> <span class='ocrx_word' id='word_1_346' title='bbox 937 4347 959 4402; x_wconf 91' lang='lat'>1,</span> <span class='ocrx_word' id='word_1_347' title='bbox 971 4360 996 4407; x_wconf 88' lang='lat' dir='ltr'>p.</span> <span class='ocrx_word' id='word_1_348' title='bbox 1010 4344 1066 4393; x_wconf 83' lang='lat'>561.</span> 
     </span>
     <span class='ocr_line' id='line_1_38' title="bbox 216 4409 1133 4472; baseline -0.005 -9"><span class='ocrx_word' id='word_1_349' title='bbox 216 4429 246 4463; x_wconf 82' lang='lat' dir='ltr'>aa</span> <span class='ocrx_word' id='word_1_350' title='bbox 258 4413 319 4472; x_wconf 86' lang='lat' dir='ltr'>this,</span> <span class='ocrx_word' id='word_1_351' title='bbox 331 4412 401 4460; x_wconf 78' lang='lat' dir='ltr'>Anu.</span> <span class='ocrx_word' id='word_1_352' title='bbox 414 4412 526 4461; x_wconf 84' lang='lat' dir='ltr'>Monast.</span> <span class='ocrx_word' id='word_1_353' title='bbox 541 4411 591 4460; x_wconf 90' lang='lat' dir='ltr'>vol.</span> <span class='ocrx_word' id='word_1_354' title='bbox 605 4413 627 4466; x_wconf 86' lang='lat'>1.</span> <span class='ocrx_word' id='word_1_355' title='bbox 640 4426 664 4472; x_wconf 91' lang='lat' dir='ltr'>p.</span> <span class='ocrx_word' id='word_1_356' title='bbox 678 4412 733 4460; x_wconf 81' lang='lat'>255.</span> <span class='ocrx_word' id='word_1_357' title='bbox 829 4410 839 4441; x_wconf 79' lang='lat'><strong>⁶</strong></span> <span class='ocrx_word' id='word_1_358' title='bbox 857 4411 926 4462; x_wconf 81' lang='lat' dir='ltr'>Gerr.</span> <span class='ocrx_word' id='word_1_359' title='bbox 942 4411 1081 4459; x_wconf 66' lang='lat' dir='ltr'>iracundis</span> <span class='ocrx_word' id='word_1_360' title='bbox 1095 4409 1133 4470; x_wconf 85' lang='lat'>(?).</span> 
     </span>
    </p>

    <p class='ocr_par' dir='ltr' id='par_1_9' title="bbox 248 4475 743 4540">
     <span class='ocr_line' id='line_1_39' title="bbox 248 4475 743 4540; baseline -0.008 -13"><span class='ocrx_word' id='word_1_361' title='bbox 248 4479 259 4511; x_wconf 80' lang='lat'>³</span> <span class='ocrx_word' id='word_1_362' title='bbox 276 4479 367 4540; x_wconf 77' lang='lat' dir='ltr'>Astep</span> <span class='ocrx_word' id='word_1_363' title='bbox 379 4478 406 4525; x_wconf 93' lang='lat' dir='ltr'>in</span> <span class='ocrx_word' id='word_1_364' title='bbox 425 4477 468 4525; x_wconf 87' lang='lat' dir='ltr'>the</span> <span class='ocrx_word' id='word_1_365' title='bbox 486 4476 590 4525; x_wconf 82' lang='lat' dir='ltr'>descent</span> <span class='ocrx_word' id='word_1_366' title='bbox 607 4475 655 4526; x_wconf 77' lang='lat' dir='ltr'>viz.</span> <span class='ocrx_word' id='word_1_367' title='bbox 677 4476 743 4523; x_wconf 81' lang='lat' dir='ltr'>from</span> 
     </span>
    </p>
   </div>
   <div class='ocr_carea' id='block_1_8' title="bbox 0 0 1684 5236">
    <p class='ocr_par' dir='ltr' id='par_1_10' title="bbox 0 0 1684 5236">
     <span class='ocr_line' id='line_1_40' title="bbox 0 0 1684 5236; baseline 0 2"><span class='ocrx_word' id='word_1_368' title='bbox 0 0 1684 5236; x_wconf 95' lang='lat' dir='ltr'> </span> 
     </span>
    </p>
   </div>
  </div>
 </body>
</html>
