3360 5236
350 426 413 490 538
656 436 792 500 marm,
815 435 879 488 sn.
905 422 997 498 1232,
1020 435 1082 488 an
1108 426 1158 492 16.

349 615 460 674 tenere
489 605 669 693 predictam
699 613 820 672 terram
844 613 880 672 et
901 605 1124 672 molendinum
1146 629 1206 693 per
1226 629 1298 673 xxv.
1321 607 1376 672 soh
1399 627 1458 692 per

347 733 420 778 ann.
444 711 531 776 idem
553 710 666 776 Abbas
688 711 840 797 prohibet
869 711 1019 778 omnibus
1042 711 1109 778 suis
1131 711 1189 798 qui
1209 710 1332 778 debent
1353 711 1457 776 facere

347 823 467 882 sectam
484 814 570 901 quod
585 837 650 880 non
662 815 791 892 faciant,
803 822 838 880 et
853 823 1002 901 preterea
1016 815 1142 882 leuauit
1157 815 1320 902 quoddam
1335 815 1457 880 molen·

347 919 460 984 dinum
476 917 519 984 ad
533 917 619 1004 quod
635 917 774 1004 predicti
788 917 935 984 homines
955 919 1080 984 faciunt
1099 917 1244 997 molere¹‚
1259 927 1294 984 ct
1308 926 1459 1004 preterea

347 1022 444 1110 fregit
459 1030 612 1110 stagnum
627 1022 669 1090 de
683 1021 859 1088 latitudine
874 1023 928 1108 xij.
949 1022 1071 1109 pedum
1090 1031 1125 1088 et
1147 1031 1296 1109 preterea
1314 1021 1458 1108 piscatur

346 1127 382 1192 in
396 1127 509 1192 eadem
524 1149 611 1214 aqua
625 1133 738 1194 contra
752 1126 850 1192 finem
865 1126 959 1194 illum
979 1134 1014 1192 et
1032 1127 1119 1194 unde
1140 1127 1391 1215 dampnificatus
1405 1133 1456 1192 est

347 1239 407 1296 eto.
423 1239 458 1296 et
472 1230 548 1296 inde
563 1231 713 1316 producit
728 1239 857 1298 sectam.

413 1334 457 1400 Et
471 1333 584 1400 Abbas
604 1356 663 1419 per
682 1341 884 1400 attornatum
904 1356 1000 1400 suum
1021 1335 1115 1400 uenit
1137 1341 1171 1400 et
1192 1335 1276 1402 bene
1296 1333 1459 1422 cognoscit

347 1437 446 1505 finem
461 1445 495 1503 et
508 1438 592 1504 bene
607 1438 754 1504 defendit
770 1438 856 1525 quod
867 1461 1036 1524 nunquam
1046 1438 1215 1525 prohibuit
1226 1438 1374 1504 homines
1384 1459 1459 1502 suos

347 1545 451 1610 facere
466 1550 589 1610 sectam
604 1543 682 1630 quia
696 1551 832 1629 possunt
846 1543 966 1609 molere
977 1543 1036 1610 ubi
1047 1544 1172 1610 uolunt
1209 1543 1261 1610 De
1273 1541 1458 1610 molendino

346 1646 390 1712 ad
404 1655 542 1712 uentum
556 1645 637 1712 dicit
652 1646 739 1733 quod
754 1646 945 1714 conuentus
959 1647 1086 1714 leuauit
1106 1647 1189 1713 illud
1208 1645 1456 1716 molendinum'.
1495 1733 1499 1738 Ι

347 1749 398 1816 De
428 1750 584 1816 fraccione
608 1751 717 1840 stagni
746 1750 826 1818 dicit
855 1750 943 1838 quod
971 1752 1041 1839 ipse
1071 1775 1239 1838 nunquam
1268 1751 1346 1818 fecit
1374 1750 1457 1816 iilud
1565 1751 1568 1754 ’

347 1856 494 1942 frangere
524 1877 584 1920 nec
613 1854 731 1942 aliquis
760 1877 820 1942 per
848 1878 933 1935 eum,
964 1865 1015 1922 set
1049 1879 1164 1924 reuera
1192 1863 1346 1944 stagnum
1374 1853 1457 1922 illud

347 1957 608 2024 emensuratum⁸
643 1958 707 2026 fuit
736 1981 794 2046 per
822 1960 1114 2028 consideracionem
1144 1960 1305 2026 hundredi
1334 1967 1369 2026 et
1398 1981 1458 2047 per

348 2063 494 2149 querelas
514 2062 688 2128 liberorum
708 2063 877 2129 hominum
899 2063 1010 2150 quise
1033 2063 1109 2130 inde
1132 2063 1359 2150 querebantur.
1404 2063 1456 2128 De

346 2167 483 2255 piscaria
497 2167 577 2234 dicit
592 2166 678 2254 quod
692 2167 761 2254 ipse
779 2175 815 2236 et
834 2168 1072 2256 predecessores
1092 2168 1144 2234 sui
1161 2190 1290 2256 semper
1307 2168 1457 2235 solebant

282 2278 283 2282 ’
347 2273 463 2359 piscari
485 2281 617 2338 etanta
641 2272 825 2359 predictum
847 2274 945 2340 finem
968 2281 1003 2338 et
1025 2281 1108 2360 post,
1139 2281 1174 2338 et
1197 2273 1281 2339 bene
1310 2271 1458 2339 defendit

200 2374 204 2381 ’
348 2387 460 2444 contra
480 2387 602 2444 sectam
624 2400 717 2443 suam
739 2377 826 2465 quod
848 2401 913 2442 non
934 2377 1103 2464 prohibuit
1128 2377 1276 2443 homines
1298 2375 1375 2444 etc.⁴
1396 2399 1458 2442 nec
1587 2401 1590 2404 ·

347 2491 501 2570 stagnum
515 2482 621 2569 fregit.
666 2481 710 2546 Et
724 2481 797 2547 ideo
811 2481 924 2548 uadiet
938 2483 1045 2570 legem
1060 2504 1094 2547 ee
1110 2481 1192 2566 uijlm
1202 2503 1302 2546 mann
1313 2481 1354 2546 de
1369 2489 1459 2547 secta

348 2594 382 2651 ct
398 2586 555 2651 fraccione
570 2584 680 2672 stagni
694 2593 729 2650 et
744 2585 857 2651 ueniat
872 2595 933 2652 etc.
978 2587 1022 2651 Et
1042 2586 1156 2651 Abbas
1175 2607 1235 2672 per
1254 2593 1458 2652 attornatum

348 2712 443 2755 suum
473 2689 556 2754 bene
587 2688 751 2776 cognoscit
781 2689 867 2775 quod
896 2689 1037 2756 Thomas
1066 2697 1176 2777 potest
1199 2688 1282 2755 cur’³
1304 2696 1458 2776 stagnum

349 2792 477 2880 quando
492 2793 634 2858 uoluerit
649 2800 684 2858 et
700 2793 786 2879 quod
801 2792 900 2859 debet
915 2793 1035 2859 habere
1055 2794 1217 2881 anguillas
1237 2794 1280 2859 ad
1294 2793 1458 2860 exclusam

349 2921 441 2964 suam
456 2897 632 2964 cedentes⁸.
677 2897 756 2963 Post
771 2897 865 2963 uenit
879 2897 991 2963 Abbas
1010 2920 1069 2984 per
1088 2905 1291 2963 attornatum
1311 2920 1408 2963 suum
1423 2905 1459 2962 et

348 3003 434 3090 petit
462 3001 619 3068 iudicium
648 3002 689 3068 dc
718 3002 856 3089 piscaria
878 3009 913 3068 et
942 3001 1127 3068 molendino
1158 3003 1274 3068 leuato.
1319 3003 1459 3068 Ponitur

349 3211 458 3277 tenuit
483 3234 517 3276 se
547 3219 700 3297 pacatum
722 3210 763 3276 dc
786 3210 932 3278 totidem.
977 3211 1022 3276 Et
1045 3211 1119 3276 ideo
1145 3211 1383 3278 consideratum
1407 3219 1459 3277 est

233 3343 236 3350 ·
349 3316 436 3403 quod
451 3315 562 3381 Abbas
576 3315 653 3380 inde
668 3315 737 3380 sine
753 3315 806 3380 die
822 3323 882 3382 etc

293 3476 300 3492 ‚
414 3421 540 3484 ⁸Assisa
554 3419 647 3485 uenit
662 3420 910 3507 recogniturasi
929 3418 1088 3486 Ricardus
1109 3421 1232 3485 Bosant
1252 3419 1375 3485 iniuste
1395 3427 1457 3485 etc.

256 3537 298 3567 ⁸0¹·
350 3523 487 3589 diuertit
516 3547 646 3589 cursum
675 3546 759 3611 aque
783 3524 818 3589 in
845 3525 1013 3610 Styhency
1038 3525 1080 3590 ad
1104 3533 1338 3590 nocumentum
1364 3523 1461 3589 liberi

350 3628 532 3693 tenementi
563 3628 721 3694 Willelmi
750 3627 792 3692 de
821 3628 907 3692 Araz
937 3635 972 3692 et
1001 3628 1162 3715 Margerie
1187 3627 1297 3692 uxoris
1326 3627 1396 3692 eius
1425 3628 1461 3692 in

292 3723 294 3728 ’
350 3729 551 3794 Westhama’
574 3739 648 3815 post
669 3730 807 3816 primam
830 3739 891 3796 etc.
935 3729 979 3795 Et
1004 3731 1160 3796 Ricardus
1181 3731 1275 3797 uenit
1301 3739 1335 3796 et
1358 3731 1460 3797 nichil

350 3833 431 3899 dicit
446 3857 544 3920 quare
560 3834 660 3898 assisa
673 3843 850 3901 remaneat.

415 3939 583 4004 Juratores
625 3938 739 4003 dicunt
782 3939 869 4025 quod
914 3961 1000 4025 aqua
1040 3947 1237 4005 trestornata
1278 3940 1342 4004 fuit
1382 3947 1461 4004 ante

383 4071 625 4200 :idropicus
930 4077 1047 4189 cpzeffl
1068 4139 1119 4190 cela
1147 4138 1232 4190 which
1260 4139 1307 4190 tall
1334 4138 1391 4190 into
1417 4139 1462 4191 his

382 4200 474 4278 ⁸The·
492 4203 563 4265 pond
589 4217 641 4252 was
668 4202 779 4254 reduced
807 4207 834 4254 to
862 4217 878 4254 a
931 4204 1111 4320 alpiceihm
1138 4269 1217 4320 interl
1253 4270 1271 4320 b
1310 4273 1451 4320 motator

350 4268 556 4383 pripdhdldtecidi
565 4331 660 4383 inserts
668 4333 791 4399 quodand
800 4336 878 4386 homi·
931 4333 1047 4386 Thomas
1057 4350 1110 4386 was
1120 4307 1228 4386 conteni
1242 4285 1306 4386 widh
1321 4336 1380 4386 four
1391 4307 1462 4386 com:

350 4411 393 4494 mi
405 4406 546 4513 iidubtless
563 4479 659 4522 curare.
677 4462 738 4515 here
755 4463 878 4527 meaning
929 4404 1157 4516 pudgihiisscaaeis
1168 4465 1235 4517 Fitz.
1248 4469 1339 4528 Arche,
1353 4467 1411 4516 430.
