3276 5234
364 447 427 512 236
537 439 678 526 [Hitzry
699 436 766 503 aad
787 437 913 513 Ecstor,
935 451 1002 504 11.
1026 439 1119 517 1228,
1142 453 1205 504 11
1230 440 1293 524 la]

360 631 526 718 predictus
539 629 724 694 Willelmus
739 627 858 692 clamat
873 633 992 690 terram
1008 625 1099 690 illam
1120 633 1230 690 tenere
1252 626 1293 690 de
1317 627 1340 691 J
1341 625 1468 690 ohanne

361 736 402 800 de
417 734 663 820 Maupertosale,
678 732 764 818 petit
778 731 936 796 iudicium
951 731 979 796 si
993 729 1112 794 debeat
1126 729 1202 794 inde
1223 730 1421 815 respondere.

427 840 470 904 Et
488 839 672 904 Willelmus
691 836 854 923 cognoscit
878 835 964 921 quod
983 835 1089 899 Adam
1107 842 1198 898 tenet
1212 834 1253 898 de
1268 833 1362 898 Dom.
1377 834 1468 918 Rege

360 945 395 1010 in
415 945 520 1031 capite
541 967 599 1030 per
620 943 756 1008 ballium
780 941 879 1028 Regis
899 940 1038 1006 Ricardi.
1083 941 1127 1005 Et
1141 941 1215 1006 ideo
1229 942 1467 1007 consideratum

360 1046 511 1132 estquod
530 1069 595 1110 non
615 1043 808 1130 respondeat
829 1043 898 1108 sine
921 1042 1052 1128 speciali
1075 1043 1229 1108 mandato
1251 1045 1344 1110 Dom„
1367 1045 1468 1132 Regis

360 1159 431 1228 etc„
446 1159 480 1215 11
501 1149 574 1214 ideo
594 1149 664 1214 sine
685 1149 738 1213 die
761 1155 832 1227 etc,
847 1157 881 1212 11
904 1147 1089 1212 Willelmus
1110 1149 1276 1234 perquirat
1298 1172 1332 1214 se
1355 1173 1469 1216 uersus

360 1253 484 1340 Regem
500 1254 526 1318 si
542 1253 691 1319 uoluerit.

425 1359 586 1424 Beatricia
600 1381 662 1444 que
678 1358 741 1422 fuit
761 1380 842 1422 uxor
863 1357 994 1422 Ricardi
1017 1357 1163 1422 Oorbicu’
1184 1381 1241 1444 per
1263 1368 1467 1424 attornatum

289 1487 307 1516 ι
360 1485 455 1528 suum
484 1461 581 1550 petiit
610 1484 723 1527 uersus
744 1461 851 1526 Adam
874 1461 974 1526 filiam
998 1460 1133 1525 Henrici
1156 1459 1196 1524 de
1219 1461 1342 1526 Sancta
1364 1463 1469 1528 Elena

360 1567 493 1632 terciam
508 1564 649 1652 partem¹
665 1566 704 1630 hc
721 1575 755 1630 et
770 1589 799 1630 x.
816 1566 877 1630 acr'
893 1573 978 1630 terre
993 1573 1028 1629 et
1043 1587 1094 1628 xx.
1110 1563 1173 1628 acr’
1189 1565 1275 1651 prati
1295 1590 1369 1631 cum
1384 1577 1466 1654 pert

359 1683 394 1740 et
409 1673 465 1759 iiij.
481 1673 538 1736 sol.
554 1670 701 1735 redditus
716 1678 750 1734 et
765 1693 868 1735 unum
883 1668 1088 1754 mesuagium
1109 1667 1274 1753 integrum
1293 1691 1368 1732 cum
1384 1681 1465 1755 pert.

360 1779 394 1842 in
416 1777 545 1841 Lutona
568 1783 606 1840 ut
623 1775 733 1839 dotem
755 1796 856 1850 suam,
882 1781 916 1837 et
940 1773 1047 1838 Adam
1073 1780 1168 1837 uocat
1192 1771 1268 1836 inde
1286 1783 1466 1838 warantum

360 1883 517 1946 Thomam
532 1881 572 1946 de
590 1880 725 1944 Ardern’
741 1879 797 1966 qui
812 1878 905 1942 uenit
920 1887 954 1942 et
970 1878 1001 1942 ei
1016 1877 1206 1941 warantizat
1222 1885 1256 1941 et
1270 1877 1347 1942 inde
1369 1887 1467 1943 uocat

360 1986 401 2051 ad
410 1994 588 2050 warantum
600 1985 763 2050 Abbatem
775 1983 815 2048 de
828 1981 1018 2048 stratfordia
1029 1981 1085 2068 qui
1097 1982 1189 2046 uenit
1197 2004 1255 2068 per
1264 1991 1466 2047 attomatum

360 2113 455 2154 suum
471 2099 505 2154 et
520 2089 622 2176 exigit
637 2088 723 2175 quod
735 2087 885 2152 ostendat
898 2086 928 2150 ei
943 2108 1001 2172 per
1015 2086 1102 2171 quod
1116 2086 1235 2152 debeat
1249 2087 1465 2152 warantizare.

361 2195 405 2260 Et
420 2195 559 2258 Thomas
573 2195 694 2279 profert
709 2201 831 2258 cartam
846 2191 948 2277 ipsius
968 2191 1109 2256 Abbatis
1127 2213 1190 2277 que
1215 2199 1358 2256 testatur
1377 2193 1465 2278 quod

360 2299 515 2364 concessit
530 2297 717 2384 Radulpho'
725 2305 759 2362 et
771 2297 945 2361 heredibus
957 2296 1024 2360 suis
1034 2296 1144 2382 plures
1155 2303 1257 2360 terras
1272 2305 1307 2360 et
1321 2298 1468 2362 contine·

360 2403 471 2466 turin
495 2411 584 2466 carta
606 2401 693 2487 quod
716 2409 849 2466 tenetur
871 2399 1080 2464 warrantizare
1105 2399 1211 2464 eidem
1237 2399 1411 2487 Radulpho
1430 2409 1467 2467 et

361 2506 533 2572 heredibus
554 2505 620 2569 suis
634 2503 794 2590 predictas
810 2512 910 2568 terras
925 2512 960 2568 et
975 2502 1126 2590 homagia
1140 2525 1204 2589 que
1220 2503 1251 2568 ei
1265 2515 1467 2570 concesserat

360 2633 438 2697 erga
452 2611 625 2675 Ricardum
641 2609 813 2675 Oorbicum
828 2617 863 2673 11
878 2607 1011 2673 heredes
1026 2631 1108 2672 suos

427 2715 470 2778 Et
485 2715 596 2778 Abbas
610 2713 689 2778 dicit
704 2713 791 2799 quod
805 2735 869 2778 non
884 2713 982 2777 debet
998 2713 1204 2778 warantizare
1219 2713 1325 2778 eidem
1340 2713 1468 2779 Thome

361 2827 480 2883 terram
502 2819 592 2882 illam
614 2827 726 2883 contra
747 2818 850 2904 ipsam
872 2817 1076 2894 Beatriciam,
1091 2817 1217 2882 desicut
1238 2817 1310 2904 ipsa
1331 2841 1396 2883 non
1414 2828 1466 2884 est

361 2921 518 2986 Ricardus
533 2944 592 2985 nec
607 2921 699 2984 heres
713 2943 791 2985 suus
806 2928 840 2985 et
855 2920 940 3006 petit
954 2921 1030 2985 inde
1045 2921 1208 2986 iudicium

427 3026 470 3090 Et
500 3025 638 3088 Thomas
668 3024 747 3088 dicit
783 3023 869 3110 quod
904 3024 973 3110 ipse
1010 3024 1121 3089 Abbas
1150 3025 1300 3089 feoffatus
1328 3023 1392 3088 fuit
1422 3024 1465 3089 ab

361 3128 615 3193 antecessoribus
637 3127 779 3212 ipsorum
804 3126 975 3202 heredum,
1003 3137 1038 3192 et
1067 3127 1153 3192 idem
1183 3127 1295 3191 Abbas
1318 3127 1466 3192 feoffauit

361 3230 571 3316 Radulphum
601 3237 727 3314 patrem
756 3229 857 3316 ipsius
886 3230 1008 3295 Thome
1038 3253 1096 3316 per
1132 3231 1310 3316 predictam
1340 3239 1464 3295 cartam

362 3343 396 3398 11
411 3335 496 3419 petit
511 3333 586 3398 inde
601 3332 764 3397 iudicium.

428 3437 471 3501 Et
486 3435 563 3522 quia
576 3435 760 3500 continetur
774 3435 808 3499 in
825 3443 914 3500 carta
935 3436 1037 3520 ipsius
1060 3435 1199 3500 Abbatis
1222 3436 1309 3522 quod
1333 3445 1467 3502 tenetur

362 3539 568 3604 warantizare
583 3549 694 3604 contra
708 3540 882 3604 Ricardum
898 3549 932 3604 et
947 3540 1080 3605 heredes
1091 3563 1164 3605 suos
1176 3549 1210 3604 et
1221 3540 1292 3626 ipsa
1302 3541 1467 3607 Beatricia

362 3668 425 3710 non
449 3653 497 3709 est
520 3644 612 3710 heres
633 3644 786 3722 31111111,θ
808 3646 1044 3710 consideratum
1066 3646 1224 3731 estquod
1246 3669 1311 3710 non
1333 3655 1467 3711 tenetur

361 3749 577 3826 warantizare
606 3756 640 3812 et
669 3748 741 3814 ideo
770 3749 890 3814 habeat
919 3749 1081 3814 Beatricia
1116 3749 1267 3814 seisinam
1301 3771 1391 3814 suam
1428 3759 1467 3815 et

361 3849 501 3916 Thomas
516 3849 613 3914 faeiat
628 3851 823 3915 escambium
834 3851 978 3936 predicto
990 3851 1062 3916 Ade
1072 3851 1113 3916 ad
1122 3851 1308 3916 walenciam
1319 3851 1466 3938 predicte
1497 3939 1501 3947 ι

362 3951 461 4016 tercie
486 3951 587 4036 partis
609 3951 751 4037 predicte
773 3960 857 4016 terre
879 3961 913 4016 et
935 3952 1073 4037 predicti
1095 3953 1252 4040 mesuagii
1277 3953 1404 4040 integri,
1428 3963 1467 4018 et

365 4056 503 4120 Thomas
517 4055 551 4120 in
566 4053 781 4120 misericordia
795 4063 829 4119 et
844 4054 951 4119 Adam
966 4063 1078 4120 teneat
1093 4056 1290 4121 escambium
1305 4063 1376 4120 tota
1392 4056 1468 4122 uita

364 4159 465 4246 ipsius
479 4157 638 4223 Beatricie
654 4167 687 4222 et
698 4167 771 4244 post
782 4158 947 4224 decessum
959 4183 1054 4224 suum
1066 4160 1173 4224 Adam
1183 4161 1301 4225 habeat
1313 4161 1467 4226 seisinam

396 4337 525 4384 lurcium
533 4341 639 4398 partera,
653 4335 780 4396 repeated.
970 4337 1153 4387 ³Thewidow
1163 4338 1468 4400 clsimingdowerisnot

396 4400 508 4462 'Ralph
523 4399 607 4450 father
622 4401 650 4449 ot
665 4399 787 4460 Thomas,
803 4417 831 4452 as
847 4418 889 4466 ap·
941 4405 1018 4452 tures.
1045 4403 1196 4455 hstothese
1205 4405 1467 4458 limitedwarranties

364 4481 437 4530 peors
448 4465 536 4514 below.
940 4469 1146 4518 1111111371.
