3314 5238
448 449 596 510 rtrurrr,
619 449 683 498 sn.
709 436 802 510 1231,
824 449 886 498 rs„
913 438 961 498 15.
1189 436 1251 499 465

147 617 302 682 clamauit
327 627 365 683 ut
387 619 438 684 ius
459 642 554 683 suum
577 641 690 684 uersus
712 641 787 684 eum
810 627 844 684 et
868 619 956 684 unde
983 619 1069 684 idem
1092 621 1253 685 Robertus
1304 671 1307 680 .

146 722 186 788 de
201 723 420 810 Strndeleghc
433 725 541 809 posuit
555 746 589 789 se
604 725 639 788 in
654 745 805 810 magnam
825 724 957 788 assisam
978 725 1070 790 Dom.
1087 725 1187 812 Regis
1206 725 1255 790 ita

146 826 230 912 quod
244 826 301 912 xij.
317 827 415 892 electi
429 828 560 892 fuerunt
574 833 608 890 et
623 827 818 892 summoniti
864 829 909 892 Et
924 829 1087 893 Robertus
1102 829 1143 893 de
1159 827 1254 914 Moyz

145 953 207 995 non
223 932 329 1010 uenit,
340 941 375 998 et
386 931 596 996 essonictoros
608 938 863 1016 expectauerunt
876 931 1033 997 iudicium
1044 955 1140 997 suum
1152 953 1254 1018 usque

145 1032 186 1096 cd
197 1033 353 1118 quintum
369 1034 465 1110 diem,
480 1042 514 1098 et
529 1034 602 1098 ideo
617 1034 864 1100 Considerutum
880 1042 930 1100 est
942 1035 1027 1122 quod
1043 1036 1254 1100 essoniatores

145 1139 299 1204 recedant
314 1139 418 1225 quieti
433 1139 474 1204 de
489 1139 548 1204 hoc
563 1139 683 1224 placito
697 1147 732 1204 et
747 1139 909 1204 Robertus
924 1139 959 1204 in
979 1139 1203 1216 misericordia,
1218 1148 1253 1203 et

145 1241 264 1306 hebeat
279 1244 349 1308 tale
364 1265 550 1330 recuperare
566 1243 662 1329 quale
678 1242 798 1309 hebere
814 1242 957 1308 debebit.

208 1345 255 1409 Et
284 1346 454 1412 sciendum
483 1346 569 1433 quod
598 1354 771 1432 postquam
808 1347 1019 1412 essonistores
1054 1353 1253 1411 recesserunt

121 1511 125 1516 .
145 1449 237 1522 uenit
251 1451 419 1516 Robertus
433 1458 467 1516 et
481 1451 565 1515 dixit
580 1450 667 1536 quod
681 1450 746 1515 fuit
761 1450 909 1515 infirmus
924 1451 959 1515 in
974 1451 1054 1515 uillc
1069 1447 1241 1514 Londonie.

81 1559 101 1618 '.
209 1553 418 1620 ¹Willelmus
448 1553 584 1639 Orespin
613 1575 671 1638 por
707 1560 910 1617 attornatum
939 1573 1035 1617 suum
1066 1550 1190 1638 optulit
1218 1573 1252 1614 se
1329 1577 1355 1606 en

147 1759 214 1825 eius
234 1761 276 1826 de
299 1763 420 1848 plsoito
435 1761 522 1847 quod
536 1759 746 1824 warentizent
768 1759 799 1824 ei
816 1759 913 1824 simul
934 1783 1008 1826 cum
1024 1745 1198 1823 Eustochio
1213 1757 1253 1822 de

24 1935 25 1962 ἶ
148 1863 331 1930 Greinuilla
353 1874 387 1931 et
408 1864 561 1932 Johcnnu
581 1885 680 1928 uxore
703 1865 773 1928 eius
796 1864 929 1928 tercium
953 1873 1079 1950 partem
1100 1863 1124 1948 j.
1151 1884 1253 1926 cerno.

24 2047 25 2068 Χ
147 1977 230 2034 terre
257 1993 336 2035 cum
359 1977 440 2056 pert.
461 1970 497 2034 in
523 1969 686 2034 Lisduna'
715 1991 813 2056 quem
844 1969 960 2034 Sibills
988 1991 1051 2055 que
1082 1967 1145 2032 ruit
1174 1988 1255 2030 uxor

148 2071 284 2138 Roberti
307 2073 400 2138 Arsic
422 2073 540 2138 clamet
562 2073 597 2138 in
620 2073 729 2138 dotem
751 2095 863 2138 uersus
885 2073 1024 2138 eundem
1043 2070 1252 2136 Willelmum.

149 2175 190 2246 Et
210 2177 355 2244 Thomas
377 2185 412 2242 et
428 2177 615 2242 Alexandro
635 2201 700 2242 non
722 2185 883 2242 uenerunt
904 2185 939 2242 et
961 2176 1146 2242 habuerunt
1167 2173 1254 2239 diem

24 2369 25 2378 ἵ
149 2300 204 2364 per
232 2279 464 2345 essonietorem
494 2303 597 2348 suum.
642 2282 687 2346 Et
711 2289 780 2346 tem
808 2281 924 2346 Sibilla
949 2301 1047 2366 quem
1070 2285 1254 2344 attornetus

149 2383 309 2448 Willelmi
338 2383 474 2472 Orespin
510 2393 707 2472 cognoscunt
735 2385 822 2471 quod
858 2385 915 2450 illa
942 2391 1092 2449 carucata
1124 2383 1252 2468 integre

24 2545 25 2556 2
149 2509 212 2552 non
234 2487 328 2552 ualet
349 2488 412 2554 nisi
434 2497 564 2554 centum
587 2489 641 2554 sol.
687 2489 731 2554 Et
753 2489 830 2575 quis
850 2489 912 2574 ipsi
936 2489 1075 2553 Thomas
1096 2495 1131 2552 et
1153 2477 1251 2550 Alei<-

24 2639 25 2686 3
149 2591 248 2656 andra
262 2592 387 2656 nullam
408 2601 526 2663 terram
549 2593 672 2658 habent
691 2593 727 2656 in
747 2593 904 2657 comitatu
919 2591 1043 2656 Knncie
1063 2597 1252 2678 preceptum
1327 2611 1339 2639 ¹

24 2707 25 2716 ’
150 2703 197 2760 est
222 2696 409 2762 uioecomiti
432 2697 557 2763 Oxonie
579 2697 665 2783 quod
691 2697 798 2783 capiet
821 2697 856 2762 in
877 2720 1011 2762 manum
1036 2697 1129 2762 Dom.
1153 2695 1254 2782 Regis

148 2798 188 2864 de
210 2800 308 2864 terris
331 2799 474 2885 ipsorum
497 2801 539 2866 ad
562 2801 742 2866 ualentiam
768 2803 912 2888 predicte
939 2801 1037 2866 tercie
1061 2800 1163 2886 partis
1187 2798 1253 2864 scil.

149 2903 210 2988 xvj.
230 2903 287 2967 sol.
313 2911 348 2968 et
368 2903 432 2988 viij.
448 2903 618 2970 deneratas
638 2915 698 2972 etc.
743 2906 787 2970 Et
806 2906 875 2971 dies
897 2915 956 2971 otc.
973 2913 1008 2970 et
1028 2905 1091 2990 ipsi
1112 2926 1252 2969 summo-

149 3015 289 3071 ueantur
311 3007 397 3093 quod
419 3007 485 3073 sint
507 3017 566 3074 eto.
585 3009 661 3075 inde
683 3010 866 3096 responsuri
887 3009 984 3074 simul
1006 3031 1080 3074 cum
1100 3007 1254 3093 predictis

151 3108 326 3174 Eustochio
350 3121 385 3176 et
406 3111 557 3178 Johanna
586 3121 621 3178 et
649 3113 817 3178 ostensuri.
862 3113 956 3177 Idem
984 3111 1054 3176 dies
1082 3110 1178 3176 dctus
1203 3117 1253 3174 est

151 3212 266 3278 Sibille
292 3222 327 3278 et
352 3214 527 3280 Eustochio
549 3223 584 3281 et
605 3216 754 3281 Johsnne
781 3216 873 3281 uxori
903 3215 973 3280 eius
1002 3215 1036 3279 in
1065 3214 1167 3278 banco
1195 3235 1254 3299 per

151 3325 355 3382 attornetum
369 3318 471 3404 ipsius
484 3320 507 3385 J
510 3321 643 3386 ohanne.

99 3471 104 3483 .
214 3418 396 3484 'Ricardus
417 3420 458 3486 de
479 3421 583 3486 Ferus
608 3422 825 3487 summonitus
846 3422 910 3486 fuit
932 3422 974 3486 ud
995 3419 1253 3507 respondendum
1319 3441 1332 3472 0

152 3521 309 3589 Nicholeo
339 3524 544 3591 Meleemeins
574 3550 637 3612 quo
667 3527 736 3592 iure
767 3549 970 3592 communem
995 3535 1128 3612 pasture
1152 3525 1254 3612 exigit

153 3628 186 3692 in
209 3637 298 3693 terre
325 3628 427 3714 ipsius
456 3629 608 3695 Nicholai
636 3631 677 3695 de
707 3631 785 3695 Pert
814 3630 940 3695 desicut
964 3629 1051 3694 idem
1079 3627 1255 3693 Nicholaus

153 3733 275 3798 nullum
297 3741 501 3797 communem
523 3733 624 3798 habet
645 3733 680 3798 in
702 3741 789 3798 terra
811 3733 913 3818 ipsius
935 3732 1065 3797 Ricardi
1087 3753 1146 3796 nec
1168 3729 1254 3795 idem

154 3835 311 3902 Ricardus
331 3836 362 3901 ei
384 3837 557 3902 seruitium
572 3838 650 3904 fecit
665 3861 766 3924 quere
784 3859 988 3902 communem
1003 3837 1121 3901 habere
1137 3834 1255 3900 debeat

154 3948 204 4004 etc

217 4043 262 4108 Et
285 4041 442 4108 Ricardus
464 4043 557 4108 uenit
583 4053 617 4108 et
643 4044 728 4130 petit
751 4042 827 4107 inde
850 4042 967 4118 uisum,
992 4041 1110 4106 habeat
1136 4047 1195 4104 eto.
1221 4047 1255 4103 et
1319 4011 1323 4022 Ι

154 4147 284 4212 interim
300 4147 373 4212 etc.⁴

186 4341 194 4372 ¹
212 4341 242 4389 Β.
254 4356 288 4390 m.
305 4341 344 4388 11.
763 4339 774 4370 ⁴
790 4338 841 4388 For
857 4337 921 4388 later
938 4335 1105 4400 prooeodings
1127 4350 1168 4385 seo
1191 4335 1255 4386 case

186 4406 197 4502 ζ
213 4408 341 4521 sseypldolnlss
357 4405 386 4454 B.
731 4403 787 4454 673.
822 4403 886 4452 This
898 4403 921 4452 is
932 4403 999 4452 ruz,
1015 4404 1088 4459 Vico,
1102 4403 1157 4452 175.

240 4581 273 4628 rr.
1127 4567 1168 4628 30
