3260 5218
205 359 228 391 ⁸
381 423 616 484 messenum,
638 423 703 471 nn.
728 409 821 484 1219,
843 421 906 471 su.
932 409 1025 471 3-4.
1218 409 1258 472 59

142 598 206 662 fuit
221 597 259 662 in
275 595 414 684 grangia
428 595 530 679 ipsius
546 593 642 670 Petri,
658 602 692 657 et
707 593 769 679 ipsi
789 615 853 657 non
874 601 1095 680 cognouerunt
1117 603 1259 680 recepte-

143 709 299 764 mentum
327 700 447 764 roberie
470 699 524 763 uel
545 707 758 785 negauerunt,
773 707 807 762 et
830 698 912 762 bene
933 707 1154 785 cognouerunt
1175 701 1261 786 quod

146 813 401 890 recepteuerunt
423 804 531 890 ipsum
554 804 732 867 Radulfum
755 812 793 867 ut
820 803 924 867 filium
952 803 1042 868 Petri
1067 812 1102 868 et
1128 805 1260 870 fratrem

144 907 312 972 «iohannis
335 907 550 972 considerauit
573 907 746 971 comitatus
760 906 847 992 quod
861 907 924 993 ipsi
939 907 1212 993 suspenderentur
1226 918 1260 973 et

150 1012 207 1074 tan·
223 1012 324 1075 modo
339 1013 471 1075 fuerunt
486 1010 641 1096 suspensi.
1228 1093 1235 1101 Ι

214 1113 260 1176 Et
283 1113 361 1198 quia
382 1113 516 1176 uidetur
537 1111 669 1176 oonsilio
691 1111 814 1176 domini
836 1111 935 1198 Regis
958 1119 992 1176 et
1014 1111 1197 1177 iusticiariis
1220 1113 1261 1178 de

153 1217 261 1292 banco,
285 1217 370 1302 quod
392 1218 478 1281 male
501 1225 534 1281 et
557 1217 677 1280 iniuste
698 1216 846 1301 suspensi
869 1217 1001 1281 fuerunt
1027 1239 1066 1280 eo
1088 1216 1175 1302 quod
1197 1240 1261 1281 non

154 1319 287 1382 fuerunt
316 1319 420 1384 seisiti
449 1321 490 1384 de
525 1319 633 1405 aliquo
669 1319 756 1382 furto
785 1319 838 1382 uel
868 1319 1001 1396 roheria,
1031 1342 1090 1384 nee
1119 1321 1261 1406 aliquam

157 1423 310 1486 roberiam
330 1429 563 1508 cognouerunt,
577 1443 637 1485 neo
655 1443 714 1506 per
737 1420 862 1485 dietum
884 1421 1063 1486 iuratorum
1085 1431 1262 1508 potuerunt

158 1527 195 1591 de
208 1527 279 1592 iure
295 1528 462 1612 dampnari
468 1527 486 1606 ¹,
501 1527 737 1591 consideratum
753 1535 803 1592 est
818 1527 904 1612 quod
918 1527 1052 1592 heredes
1072 1550 1182 1592 eorum
1197 1550 1262 1592 non

161 1630 399 1708 exheredentur,
414 1639 448 1695 et
463 1631 537 1695 ideo
551 1639 740 1716 preceptum
760 1630 945 1696 uioeoomiti
964 1632 1057 1717 quod-
1074 1632 1120 1696 eis
1142 1639 1262 1696 terram

162 1756 247 1798 sunm
258 1733 375 1798 hebere
387 1734 485 1798 faeiat
497 1742 566 1810 ete,
576 1741 609 1798 et
621 1733 789 1798 iustician'i
801 1733 835 1797 in
850 1733 1072 1800 misericordie
1103 1734 1263 1798 Dominus

165 1836 381 1902 Bathoniensis
392 1859 457 1900 non
471 1837 620 1900 interfuit
632 1836 690 1900 ubi
704 1835 861 1900 iudicium
877 1837 999 1901 suetum
1014 1837 1078 1902 fuit
1093 1838 1170 1924 quie
1184 1845 1262 1902 tunc

166 1939 308 2023 temporis
322 1962 387 2002 non
403 1938 467 2002 fuit
482 1938 679 2024 inpartibus
699 1938 847 2002 Deuonie
863 1945 901 2002 ut
916 1939 1053 2024 predicti
1067 1946 1263 2026 cognoscunt

168 2049 197 2104 et
209 2043 376 2106 comitatus
391 2041 651 2106 summoneatur*
665 2049 724 2106 ete

120 2199 125 2209 .
224 2145 361 2228 ⁸[Assisa
383 2144 477 2208 uenit
498 2142 703 2230 recognitum
723 2144 795 2230 quis
815 2145 991 2209 aduocatus
1011 2153 1156 2230 tempore
1176 2145 1264 2230 pacis
1333 2173 1380 2202 xon.

169 2249 355 2332 presentauit
380 2249 532 2313 ultimam
551 2270 720 2334 personam
744 2271 807 2334 que
828 2257 957 2313 mortue
976 2257 1026 2313 est
1041 2249 1082 2313 ad
1097 2249 1263 2313 eeclesiam

171 2351 205 2414 de
218 2351 415 2437 Harpedene„
437 2373 499 2437 que
522 2361 617 2416 ueeat
640 2361 698 2416 eto.
720 2351 812 2416 euius
834 2351 1081 2416 aduocsoionem
1103 2352 1265 2416 Robertus

171 2453 204 2517 de
217 2455 409 2540 Hnrpedena
423 2457 542 2520 elamat
557 2477 669 2519 uersus
684 2455 901 2541 Regineldum
916 2454 957 2519 de
972 2455 1057 2520 Albo
1070 2456 1265 2520 Monasterio

173 2565 199 2620 et
211 2559 342 2624 Aliciam
357 2559 460 2624 filiam
476 2559 604 2624 Nieolei
619 2561 659 2624 de
675 2557 823 2624 Buleha⁴.
869 2561 914 2624 Et
936 2560 1135 2646 Reginaldus
1157 2569 1264 2626 custos

172 2661 255 2746 ipsius
270 2664 375 2728 Alioie
391 2686 454 2750 que
470 2673 519 2728 est
540 2665 624 2728 infru
643 2671 765 2728 etatem
786 2663 878 2727 uenit
900 2671 935 2728 et
957 2663 1036 2728 dicit
1059 2664 1145 2750 quod
1166 2663 1266 2729 assisa

174 2785 224 2828 non
236 2765 331 2830 debet
346 2766 423 2830 inde
438 2766 518 2842 fieri,
533 2766 610 2852 quia
624 2766 707 2830 bene
721 2765 884 2852 cognoscit
900 2765 985 2851 quod
1000 2765 1087 2830 idem
1103 2767 1265 2831 Robertus

174 2867 356 2950 presentauit
379 2869 530 2932 ultimam
552 2891 721 2954 personam
742 2891 804 2954 que
824 2877 1022 2934 mortuaest
1042 2869 1083 2934 ad
1098 2869 1264 2934 eeclesiam

176 2967 244 3032 illam
259 2977 310 3033 set
324 2969 386 3032 hoo
406 2969 483 3033 feeit
502 2991 561 3054 per
581 2969 744 3054 quandam
766 2969 1015 3034 conueneionem
1039 2970 1157 3034 factam
1179 2969 1266 3034 inter

175 3068 262 3153 ipsum
287 3071 468 3136 Bobertum
488 3079 522 3134 et
545 3071 740 3135 Nioholaum
761 3071 801 3135 de
823 3071 965 3136 Sedham
980 3071 1179 3136 auunculum
1194 3094 1265 3156 pre-

177 3172 235 3240 dicti
261 3175 414 3240 Nieholai
439 3175 480 3239 de
510 3174 637 3239 Buleha
662 3175 754 3240 euius
779 3175 872 3239 heres
901 3175 987 3240 idem
1018 3175 1195 3240 Nioholaus
1224 3177 1266 3241 de

178 3276 283 3343 Buleha
297 3279 362 3342 fuit
376 3301 435 3364 per
449 3300 547 3364 quam
562 3278 649 3342 idem
664 3278 826 3343 Robertus
841 3277 955 3343 debuit
970 3278 1069 3342 semel
1084 3277 1174 3342 illam
1189 3278 1265 3342 dere

178 3391 201 3444 et
217 3383 392 3448 Nieholaus
407 3435 413 3448 .
431 3435 437 3447 .
454 3435 460 3448 .
478 3435 484 3448 .
500 3381 550 3448 ‘et
570 3383 646 3447 inde
666 3383 787 3468 profert
809 3390 930 3447 cartem
952 3383 1119 3448 cuiusdam
1143 3383 1266 3448 Thome

178 3485 232 3574 iiny
252 3511 315 3574 que
338 3496 481 3552 testatur
502 3488 588 3574 quod
610 3487 679 3574 ipse
701 3487 792 3552 dedit
814 3499 873 3552 eto.
898 3487 1055 3552 Nioholao
1077 3488 1118 3552 de
1140 3487 1268 3552 Buleha

72 3598 78 3663 ξ
179 3611 216 3672 pro
237 3592 389 3678 homagio
414 3614 473 3656 suo
498 3591 709 3656 medietatem
739 3591 843 3656 tocius
861 3591 950 3672 'uille
980 3593 1021 3656 de
1048 3593 1267 3678 Herpendena

178 3693 277 3759 seilicet
288 3694 324 3758 in
336 3693 531 3771 hominibus,
543 3695 723 3759 redditibus
735 3702 768 3758 et
783 3694 818 3758 in
832 3693 1045 3759 aduooeeione
1060 3695 1265 3760 eeclesiarum

179 3804 217 3860 ete
231 3805 265 3861 et
285 3797 320 3860 in
342 3796 492 3860 omnibus
513 3797 609 3860 rebus
631 3805 690 3862 ete.
709 3797 891 3862 habendam
914 3807 949 3862 et
970 3799 1144 3863 tenendam
1165 3799 1205 3863 de
1228 3821 1266 3863 eo

180 3905 201 3960 et
220 3899 260 3964 de
289 3899 465 3964 heredibus
488 3899 555 3964 suis
578 3899 640 3964 sibi
669 3908 704 3964 et
729 3900 902 3966 heredibus
925 3902 992 3966 suis
1019 3902 1164 3966 faciendo
1190 3901 1265 3966 inde

201 4057 355 4122 1Isuppose
368 4058 478 4108 because
494 4057 555 4120 they
571 4058 624 4109 had
640 4063 687 4109 not
770 4059 781 4090 ³
798 4060 872 4110 hm.
883 4061 914 4110 15
925 4060 967 4124 d.;
984 4061 1014 4110 Β.
1027 4076 1061 4110 m.
1074 4062 1112 4110 11.
1141 4062 1266 4112 Somnoh

182 4123 314 4186 rolmtarily
329 4128 376 4186 put
392 4123 545 4172 themselves
560 4139 631 4186 upon
643 4126 687 4176 the
738 4125 767 4172 of
784 4125 837 4174 this
856 4141 916 4174 ense
935 4141 965 4176 as
984 4127 1007 4175 is
1027 4127 1118 4176 within
1138 4129 1148 4189 [
1166 4127 1176 4189 ]
1194 4133 1266 4176 must

83 4210 90 4239 .-
182 4193 274 4250 tonntry.
738 4189 804 4238 hnve
818 4190 882 4238 been
897 4205 932 4240 on
950 4191 995 4240 the
1012 4192 1064 4240 lost
1082 4191 1154 4241 sheet
1172 4192 1225 4240 ond
1241 4191 1266 4240 is

84 4256 89 4267 '
201 4265 276 4318 ¹rnn‘i.
313 4265 428 4315 Josoelin
445 4265 493 4328 Bp.
510 4267 538 4315 of
551 4267 620 4316 Beth
635 4281 688 4316 uss
739 4254 855 4316 supplied
866 4255 933 4304 from
943 4256 1003 4305 Boi·
1014 4257 1044 4304 Δ·

183 4337 199 4378 tt
209 4332 245 4380 the
259 4331 325 4380 head
342 4332 371 4379 os
388 4331 433 4379 the
447 4330 553 4392 justiees
568 4333 687 4381 oommis-
771 4320 781 4350 ⁴
798 4321 936 4384 Medera,
950 4321 981 4369 B·

183 4395 248 4446 sioned
265 4403 291 4446 to
308 4395 375 4446 hold
394 4395 437 4446 the
454 4396 613 4447 Deronshire
629 4413 688 4461 eyre
771 4383 916 4460 ³?035ib15
942 4389 1044 4462 Herm:
1078 4385 1130 4436 this
1156 4384 1209 4436 and
1234 4386 1266 4435 1⁰

184 4461 317 4514 ulula-9,
740 4463 857 4511 previous
868 4449 951 4500 words
963 4456 1008 4500 not
1020 4467 1046 4500 m
1058 4451 1088 4501 B.
