3276 5234
376 437 440 500 282
480 449 622 501 rmmrr
636 449 730 502 rann
745 450 818 501 run
832 451 1034 500 urnnnnsnx
1049 451 1150 515 aras,
1166 440 1338 518 1111229,
1353 453 1416 506 aa
1431 442 1484 506 13.

375 639 433 704 per
446 617 629 704 predictum
644 617 825 696 seruicium,
840 623 875 682 et
890 616 992 684 eciam
1007 627 1101 706 pater
1115 641 1193 686 suus
1211 627 1246 688 et
1265 629 1485 688 antecessores

375 720 426 786 sui
440 720 489 786 ita
502 721 593 785 illam
607 727 793 786 tenuerunt

319 879 327 896 ,
439 822 552 888 Assisa
565 823 658 888 uenit
672 823 877 909 recognitura
893 824 921 888 si
936 824 1083 912 Rogerus
1105 825 1187 892 Shin
1210 834 1304 912 pater
1322 828 1347 893 J
1347 827 1485 894 ohannis

375 923 439 988 fuit
460 925 590 990 seisitus
610 924 645 990 in
667 923 826 990 dominico
848 949 907 991 suo
928 935 987 992 etc
1009 927 1050 992 de
1072 951 1139 994 una
1160 938 1326 996 conterre
1348 940 1383 996 et
1403 931 1482 997 dim

374 1052 435 1095 acr.
450 1029 537 1117 prati
558 1052 633 1095 cum
654 1038 734 1116 pert
750 1029 786 1095 in
808 1029 1023 1102 Edelec'otona
1043 1031 1097 1097 die
1119 1040 1180 1100 etc.
1201 1041 1236 1098 ct
1258 1035 1285 1099 si
1307 1043 1366 1100 etc
1383 1057 1484 1121 quarn

375 1140 494 1198 terram
516 1140 550 1198 et
572 1131 658 1219 quod
678 1141 810 1220 pratum
831 1132 998 1199 Johennes
1020 1134 1169 1200 Blundus
1195 1145 1287 1202 tenet
1309 1138 1366 1223 qui
1388 1137 1485 1204 uenit

375 1243 534 1302 etuocat
563 1237 638 1302 inde
667 1237 709 1302 ad
739 1246 918 1304 warantum
949 1237 1182 1305 Ademundum
1204 1240 1400 1326 Atteponde‚
1427 1241 1486 1326 qui

375 1341 468 1407 uenit
483 1349 517 1406 et
531 1350 628 1407 uocat
642 1341 718 1408 inde
738 1341 780 1407 sd
795 1350 974 1406 warantum
991 1343 1173 1408 Galsridum
1193 1343 1234 1410 de
1257 1343 1485 1424 Querendona.

375 1443 507 1510 Habeat
529 1466 604 1510 eum
626 1467 702 1510 eres.
747 1444 825 1510 Post
851 1443 944 1510 uenit
973 1444 1137 1510 Gaihidus
1166 1453 1202 1510 ct
1230 1447 1419 1512 warentizat
1448 1455 1485 1511 et

375 1550 455 1615 dicit
479 1549 566 1635 quod
587 1549 687 1614 assisa
708 1571 773 1614 non
794 1549 894 1614 debet
922 1548 998 1614 inde
1024 1550 1095 1614 fieri
1124 1550 1202 1636 quia
1230 1551 1377 1638 Rogems
1400 1551 1485 1616 Shin

375 1653 439 1718 fuit
459 1654 599 1719 uillanus
620 1661 655 1718 et
675 1653 756 1718 obiit
776 1653 918 1718 uillanus
937 1653 1058 1738 etipse
1080 1653 1247 1719 Johannes
1269 1662 1320 1720 est
1342 1655 1486 1720 uillanus

376 1763 410 1820 et
432 1756 578 1842 Rogcrus
599 1763 692 1842 pater
714 1777 791 1820 suus
813 1754 895 1819 obiit
917 1762 994 1820 ante
1016 1754 1193 1820 terminum
1220 1763 1254 1820 et
1283 1756 1359 1822 inde
1388 1757 1484 1842 ponit

376 1881 410 1924 se
425 1881 522 1945 super
535 1859 684 1925 iuratam.

440 1963 607 2030 Jnratores
627 1962 741 2028 dicunt
761 1961 848 2048 quod
868 1962 1014 2048 Rogerus
1033 1961 1116 2027 obiit
1138 1971 1215 2027 ante
1237 1963 1376 2048 primam
1396 1985 1484 2028 coro·

376 2067 544 2132 nacionem
574 2066 673 2152 Regis
702 2065 833 2130 Ricardi
862 2073 896 2130 et
933 2065 1006 2130 ideo
1042 2065 1279 2132 consideratum
1316 2075 1367 2134 est
1395 2069 1484 2154 quod

378 2169 553 2236 Gaufridus
576 2169 652 2234 inde
675 2169 806 2255 quietus
827 2176 861 2234 et
883 2168 1050 2234 Johannes
1070 2169 1106 2234 in
1128 2169 1352 2238 misericordia

320 2318 328 2336 .
442 2272 695 2337 Archidiaconus
724 2271 1078 2337 westmonasteriensis
1106 2273 1314 2339 athachiatus
1343 2274 1408 2338 fuit
1441 2275 1485 2341 ad

378 2375 636 2462 respondendum
656 2375 679 2440 J
680 2375 800 2440 ohanni
820 2375 887 2440 filio
902 2375 1059 2441 Willelmi
1073 2377 1240 2442 Amifabri
1254 2401 1354 2464 quare
1375 2381 1486 2445 tenuit

378 2480 535 2567 placitum
549 2479 584 2545 in
604 2479 694 2544 curia
712 2479 936 2546 cristianitatis
955 2480 996 2546 de
1016 2481 1141 2546 catallis
1162 2490 1223 2548 eto.
1238 2505 1301 2569 que
1321 2505 1387 2549 non
1408 2494 1487 2550 sunt

380 2593 440 2650 eto.
456 2591 566 2649 contra
580 2582 833 2670 prohibicionem
848 2583 941 2649 Dom.
958 2585 1066 2671 Regis,
1082 2593 1116 2650 et
1131 2586 1282 2652 similiter
1296 2587 1432 2653 Mabilia
1446 2588 1487 2654 de

381 2688 531 2756 Castellis
550 2688 737 2754 athachiata
755 2687 818 2753 fuit
838 2688 880 2753 od
902 2689 1160 2775 respondendum
1176 2711 1275 2777 quare
1295 2700 1408 2758 secuta
1423 2693 1487 2758 fuit

380 2791 462 2858 illud
476 2791 563 2856 idem
578 2791 744 2878 placitum.

445 2895 489 2960 Et
503 2895 615 2960 Abbas
630 2894 982 2960 westmonasteriensis
1003 2896 1097 2962 uenit
1117 2905 1151 2962 et
1171 2897 1251 2962 dicit
1271 2897 1357 2984 quod
1370 2899 1486 2964 Archi·

379 2999 533 3065 diaeonus
561 3005 612 3064 est
641 2997 817 3063 monachus
839 3020 917 3063 suus
938 3007 973 3064 et
995 3023 1060 3065 non
1082 3009 1191 3086 potest
1212 3023 1272 3067 nec
1293 3001 1394 3068 debet
1415 3002 1486 3068 sine

379 3127 418 3171 ec
435 3103 625 3190 respondere
648 3111 682 3168 et
704 3102 890 3188 dicitquod
911 3102 998 3168 idem
1015 3104 1269 3170 Archidiaconus
1290 3127 1355 3170 non
1377 3107 1488 3172 tenuit

379 3207 537 3294 placitum
565 3205 647 3270 illud
676 3213 788 3270 contra
817 3205 1070 3290 prohibicionem
1099 3215 1150 3272 set
1178 3207 1259 3272 dicit
1288 3207 1373 3293 quod
1409 3218 1487 3274 ante

379 3309 631 3398 prohibicionem
668 3307 776 3373 tenuit
811 3308 969 3394 placitum
1003 3309 1085 3376 illud
1118 3318 1162 3375 etv
1190 3333 1249 3396 per
1277 3309 1372 3376 eum¹
1401 3313 1487 3378 sicut

379 3419 463 3486 illud
491 3417 577 3505 quod
605 3417 669 3482 fuit
697 3416 738 3483 de
774 3417 980 3482 matrimonio
1009 3418 1087 3504 quia
1119 3418 1285 3504 predictus
1319 3418 1487 3484 Johannes

379 3519 552 3608 aliquando
574 3519 734 3585 contraxit
756 3519 998 3584 matrimonium
1020 3543 1094 3585 cum
1116 3520 1263 3606 predicta
1285 3521 1428 3598 Mabilia,
1451 3531 1486 3588 et

380 3625 562 3691 Willelmus
586 3623 626 3688 de
652 3623 802 3690 Oastellis
825 3623 917 3688 dedit
943 3625 1096 3691 utensilia
1120 3635 1155 3692 et
1180 3627 1246 3692 alia
1271 3625 1389 3692 catalla
1411 3648 1486 3690 cum

379 3729 525 3817 predicta
546 3727 682 3793 Mabilia
706 3726 812 3792 eidem
833 3725 978 3792 Johnnni
1000 3735 1034 3793 et
1063 3728 1271 3814 postmodum
1299 3751 1375 3793 cum
1405 3728 1486 3794 ccle-

380 3835 510 3901 bratum
522 3838 606 3897 esset
621 3830 800 3895 diuorcium
815 3829 901 3896 inter
916 3853 969 3896 cos
984 3830 1019 3894 in
1034 3831 1136 3896 forma
1149 3831 1282 3897 ecclesie
1297 3831 1367 3917 ipsa
1381 3831 1488 3896 uoluit

379 3946 525 4025 repetere
536 3959 575 4002 es
586 3957 648 4022 que
664 3957 737 4000 cum
753 3957 792 4000 ea
806 3935 884 3999 data
893 3935 1025 3999 fuerunt
1039 3943 1075 4000 et
1089 3934 1165 4000 inde
1176 3934 1268 4000 eum*
1278 3935 1487 4022 inplacitauit

380 4043 457 4130 quia
478 4064 517 4107 ea
536 4039 668 4105 reddere
690 4037 894 4116 contradixit,
909 4046 943 4102 et
965 4038 1013 4103 ita
1034 4039 1142 4103 tenuit
1164 4039 1322 4124 placitum
1344 4039 1428 4105 illud
1450 4049 1485 4104 et

380 4145 439 4212 tali
453 4142 548 4208 modo
562 4143 633 4228 ipsa
646 4149 758 4206 secuta
772 4148 821 4205 est
836 4148 871 4205 et
885 4162 950 4204 11011
965 4139 1028 4205 alio
1043 4141 1146 4207 modo.

445 4248 490 4312 Et
507 4245 672 4313 Johannes
692 4242 784 4308 uenit
804 4250 838 4308 ct
858 4242 938 4308 dicit
960 4251 1018 4307 etc
1064 4242 1181 4308 Postea
1202 4241 1386 4308 concordati
1408 4251 1488 4308 sunt
1607 4279 1608 4322 t

509 4428 519 4462 ¹
537 4427 592 4476 'l'he
603 4425 768 4476 Archdeaeon
780 4425 839 4478 held
852 4425 895 4476 the
906 4426 964 4490 plen
975 4429 1004 4476 at
1016 4426 1059 4476 the
1070 4426 1176 4478 Abbot's
1184 4427 1302 4477 instance
1314 4424 1346 4489 (?)

509 4493 519 4526 ²
536 4494 594 4544 inde
605 4507 660 4542 cum
670 4491 798 4554 repented.
