3360 5236
528 413 669 474 nlullll,
691 413 755 462 ln.
781 399 874 473 1233,
897 412 958 460 nu
985 395 1034 464 17.
1273 393 1335 462 567

229 584 361 650 Andros
389 584 468 671 quia
495 583 565 671 ipse
595 591 629 649 et
658 591 874 649 antecessores
903 583 955 646 sui
984 583 1117 648 fuerunt
1146 580 1270 648 feoffnti
1295 580 1336 646 de

229 689 484 755 antecessoribus
495 688 597 774 ipsius
612 688 752 764 Andree‚
763 695 797 752 et
812 686 897 772 petit
912 687 974 754 sibi
989 686 1119 750 alloomi
1134 686 1219 772 quod
1234 683 1336 750 idem²

229 792 329 879 Hugo
357 791 520 879 cognoscit
549 791 636 876 quod
664 813 729 854 non
759 799 809 855 est
838 790 969 855 seisitus
998 791 1038 854 de
1068 789 1218 876 homagio
1246 790 1335 854 illius

228 896 366 974 Rudulfi,
382 904 416 960 et
431 895 517 982 quod
533 917 599 960 non
614 894 700 980 oepit
715 894 902 980 homagium
917 917 1022 971 suum,
1036 917 1095 960 neo
1110 894 1196 981 quod
1210 895 1334 982 aliquid
1348 893 1404 932 Μ·
1426 892 1469 933 ¹¹⁰⁶

1347 939 1374 979 llo
1430 952 1466 980 ulu

228 1001 346 1065 elamet
361 1000 395 1064 in
411 999 570 1087 homagio,
584 1008 618 1064 et
633 999 718 1084 petit
734 997 890 1062 iudicium
911 998 939 1062 si
958 999 1077 1064 debeat
1097 999 1128 1064 ei
1142 999 1333 1086 respondere
1346 997 1375 1081 ξῗ,
1386 988 1489 1072 affl?

1346 1080 1401 1119 lulla
1409 1083 1485 1120 einum

227 1103 268 1169 de
293 1103 429 1168 seruioio
454 1103 510 1166 illo
535 1103 605 1167 sine
631 1102 789 1188 homagio,
812 1109 846 1166 et
868 1101 950 1167 bene
977 1103 1056 1168 dicit
1082 1105 1168 1190 quod
1193 1105 1220 1170 si
1246 1105 1333 1170 idem
1346 1130 1491 1222 malpha&

228 1207 328 1294 Hugo
364 1206 494 1294 aliquod
530 1207 704 1272 seruicium
733 1205 787 1270 nel
816 1205 999 1292 scutagium
1028 1207 1104 1273 inde
1134 1209 1251 1274 habuit
1280 1209 1333 1274 uel
1346 1221 1449 1316 3332}

227 1311 349 1398 recepit
363 1312 423 1376 hoo
438 1311 502 1375 fuit
516 1310 594 1375 dum
610 1310 757 1376 Andreas
772 1320 934 1375 uersutus
949 1333 1026 1376 suus
1040 1312 1104 1376 fuit
1115 1313 1199 1378 infru
1209 1323 1332 1380 etatem

227 1424 262 1480 et
287 1415 323 1480 in
351 1414 504 1480 custodis
550 1415 594 1480 Et
623 1414 700 1500 quia
728 1414 871 1479 nescitur
900 1424 1011 1480 utrum
1041 1417 1205 1501 predictus
1233 1418 1333 1504 Hugo

227 1519 326 1586 habet
341 1529 460 1584 terrum
475 1519 564 1583 illam
578 1517 619 1582 de
631 1519 720 1583 Drsx
735 1519 777 1583 od
792 1540 890 1604 quum
904 1519 1077 1584 seruicium
1092 1520 1175 1585 illud
1189 1521 1334 1606 pertinet

226 1625 261 1690 in
283 1624 375 1690 feodo
398 1623 452 1688 uel
473 1623 514 1688 de
536 1623 634 1688 bullio
654 1622 751 1686 datus
771 1629 821 1686 est
836 1621 884 1687 eis
898 1622 985 1688 odie
1000 1631 1060 1689 ete.
1076 1632 1111 1688 et
1126 1625 1226 1710 Hugo
1240 1624 1336 1689 tuuo'

226 1735 331 1792 ositos
353 1735 483 1792 suaset
505 1725 652 1790 Andreas
674 1734 918 1790 summoneatur
939 1725 1026 1812 quod
1051 1735 1130 1792 tuno
1153 1728 1197 1792 sit
1220 1727 1267 1793 ibi
1293 1729 1333 1793 sd

226 1829 459 1896 ostendendum
476 1829 503 1894 si
519 1829 642 1914 aliquid
657 1829 775 1896 clamat
790 1829 825 1894 in
845 1829 994 1916 homagio
1012 1829 1114 1916 ipsius
1134 1831 1265 1896 Rudulfi
1280 1832 1334 1896 uel

226 1934 261 1998 in
276 1935 362 1999 dioto
377 1934 470 1998 feodo
485 1941 544 1998 etc.

291 2037 398 2102 Alioia
433 2059 496 2122 qlle
533 2035 596 2100 fuit
630 2058 711 2100 uxor
739 2035 898 2100 iohannis
927 2037 958 2101 le
988 2037 1080 2102 Ailer
1107 2041 1192 2125 petit
1222 2064 1334 2108 uersus
1392 2049 1457 2091 ffldd

226 2139 402 2206 Biennium
417 2136 531 2224 Roing'
548 2146 582 2202 et
596 2137 791 2218 Quenildom
811 2161 944 2204 uxorem
964 2139 1035 2205 eius
1054 2142 1188 2207 terciam
1206 2153 1331 2230 portem
1347 2163 1403 2202 sou
1410 2163 1462 2211 opu-

226 2268 276 2310 xv.
291 2267 353 2309 uer.
368 2253 453 2308 terre
467 2265 541 2308 oum
556 2249 636 2328 pert.
652 2241 687 2306 in
703 2241 896 2307 Stibbehese
913 2251 950 2307 ut
964 2243 1074 2310 dotem
1089 2268 1181 2311 susm
1196 2255 1255 2313 eto.
1345 2210 1442 2295 iffi

1346 2304 1365 2342 A
1381 2304 1431 2342 llere
1440 2305 1461 2342 ut

291 2349 335 2414 Et
350 2346 507 2412 Rionrdus
522 2354 556 2410 et
567 2344 731 2424 Queuildu
745 2367 803 2430 per
817 2353 1018 2410 ottomatum
1033 2370 1129 2412 suum
1144 2349 1283 2414 ueniunt
1298 2359 1332 2414 et
1345 2351 1453 2446 effi«.

224 2459 344 2518 uoosnt
372 2451 448 2516 inde
477 2448 519 2514 od
547 2456 726 2514 uolentum
764 2449 936 2514 Isobellsm
972 2450 1074 2516 filiam
1110 2460 1145 2516 et
1181 2453 1332 2519 heredem

225 2555 364 2642 predicti
378 2555 400 2620 J
403 2554 538 2619 ohannis
558 2576 621 2639 que
642 2561 692 2618 est
711 2553 795 2618 infra
815 2562 937 2620 etatem
957 2563 992 2620 et
1011 2555 1046 2620 in
1066 2557 1212 2622 custodia
1231 2558 1332 2644 ipsius
1345 2596 1422 2636 Nm
1436 2597 1474 2683 „iu

1345 2655 1403 2682 mum
1426 2656 1438 2684 ⁶
1475 2663 1483 2672 .

225 2657 331 2722 Alicio
361 2680 419 2743 per
447 2664 569 2722 cartam
598 2656 700 2742 ipsius
729 2657 889 2722 Johanuis
919 2681 1017 2744 quam
1046 2661 1183 2745 profert⁵
1208 2670 1243 2727 et
1268 2685 1331 2748 que
1344 2691 1489 2739 mealling-

1345 2738 1372 2776 llll
1387 2738 1458 2778 nando

226 2767 368 2824 testatur
383 2758 468 2845 quod
483 2759 632 2824 uendidit
647 2757 694 2823 eis
708 2768 828 2824 terram
843 2759 948 2824 illam⁶
962 2760 1060 2824 simul
1079 2784 1153 2826 oum
1169 2763 1234 2828 olis
1247 2773 1333 2828 tenu
1346 2784 1441 2870 {ongum

227 2870 261 2926 et
290 2883 354 2948 que
384 2868 524 2926 testatur
552 2860 639 2946 quod
667 2861 737 2946 ipse
763 2869 797 2926 et
823 2861 958 2927 heredes
984 2862 1035 2926 sui
1061 2866 1133 2928 wo?
1156 2872 1219 2931 etc.
1246 2873 1282 2930 et
1304 2865 1333 2930 si
1346 2877 1496 2971 ssfggffl·

226 2963 433 3072 wolantizasle
448 2985 512 3028 non
528 2971 658 3049 possent
673 2963 759 3049 quod
779 2965 920 3029 facerent
941 2965 988 3030 eis
1009 2965 1190 3051 plenarium
1212 2989 1332 3032 escum-
1345 2970 1492 3067 fflffihguo

1345 3065 1448 3112 spoliante

260 3125 379 3175 ¹l'demr
400 3125 492 3174 ested.
804 3130 935 3190 wsrrsnty
946 3125 1031 3176 which
1050 3132 1065 3155 ⁶⁴
1074 3141 1138 3176 runs
1154 3127 1218 3177 with
1226 3127 1241 3152 '⁹
1258 3127 1332 3179 other
1344 3077 1490 3198 ξξᾞξὲῗ·

260 3189 373 3241 ²Sulnb‘
397 3179 755 3254 ifHughhndtokeanlph's
803 3191 881 3241 lnnds
903 3206 933 3242 so
955 3207 984 3241 us
1006 3194 1034 3242 to
1055 3191 1119 3242 bind
1139 3193 1212 3242 them
1233 3193 1261 3244 in
1286 3194 1432 3245 thomum

227 3255 359 3318 homagee
381 3270 409 3304 ln
415 3255 491 3304 while
499 3255 664 3306 Andreuwns
672 3255 755 3304 under
803 3255 889 3306 hands
900 3257 929 3306 of
943 3273 958 3306 s
970 3256 1118 3320 pumhoser.
1152 3257 1208 3308 Tho
1219 3263 1329 3310 annoto-
1343 3251 1449 3300 imm

1343 3299 1405 3338 ullum
1416 3305 1493 3338 temni

126 3345 130 3354 ·
229 3337 283 3384 ege,
315 3321 350 3368 Ην
368 3319 396 3382 ,h
425 3320 509 3380 might
540 3320 606 3369 hove
633 3319 756 3382 exoepted
804 3323 846 3370 tor
867 3335 951 3371 seems
972 3326 1000 3370 to
1022 3337 1100 3384 argue
1121 3321 1180 3372 thot
1202 3323 1246 3372 tho
1266 3324 1493 3394 thquemcun-

228 3385 332 3449 against
360 3383 450 3447 ldph's
462 3385 549 3435 deniol
560 3385 587 3434 ot
600 3383 644 3434 the
655 3389 754 3444 tellure,
803 3391 934 3448 worrsnty
942 3387 1049 3448 implied
1057 3387 1085 3436 in
1094 3402 1110 3436 ll
1118 3387 1252 3438 feoffment
1260 3399 1330 3440 must
1343 3403 1384 3476 21¹⁰
1392 3399 1482 3440 pulmo-

229 3449 462 3512 forualpuwould
477 3449 509 3498 ue
525 3449 656 3513 suppos.
690 3449 755 3500 This
805 3451 931 3513 similarly
953 3451 1016 3501 bind
1038 3453 1073 3501 ul
1095 3452 1171 3501 unus
1199 3453 1256 3504 luat
1286 3453 1330 3503 lle
1343 3440 1485 3525 gedum·

229 3515 511 3576 soemsthemosning.
804 3515 967 3570 vendorhus.
979 3517 1019 3566 for
1041 3517 1153 3580 ssyshe)
1169 3533 1185 3568 o
1200 3523 1330 3581 umunty
1343 3549 1452 3588 manoe

261 3581 272 3614 ⁸
290 3581 389 3644 Supply
400 3580 492 3628 hubent
503 3594 533 3629 or
539 3581 671 3643 producent.
804 3579 827 3629 is
844 3596 879 3630 no
896 3581 962 3642 good
977 3582 1000 3632 is
1050 3597 1092 3632 ero
1111 3583 1133 3632 is
1153 3598 1188 3632 no
1201 3583 1330 3647 'property
1342 3596 1426 3635 nuum
1436 3595 1493 3644 qnod

261 3645 354 3695 ⁴Note
365 3659 400 3694 on
412 3643 456 3694 the
466 3643 549 3694 inside
560 3644 662 3706 margin
673 3643 756 3694 where
804 3645 893 3695 bound
909 3647 943 3711 by
954 3647 984 3698 it.
1017 3647 1138 3708 Bluotom
1156 3649 1174 3698 l.
1192 3649 1247 3706 382,
1266 3649 1330 3698 uites
1343 3644 1493 3728 ¹¹⁰u‘fflffiu‘*

229 3709 613 3761 thesnnotstorhssdrnwno
627 3709 756 3760 helmetell
805 3709 861 3760 this
883 3727 941 3763 osse
963 3712 1015 3764 ond
1037 3729 1128 3778 urgues
1150 3713 1178 3763 in
1200 3713 1254 3777 just
1275 3714 1330 3764 this
1342 3689 1485 3776 ffssssfflflffi

229 3775 305 3826 hond.
339 3773 755 3826 Theothernotoisonthoout-
804 3790 916 3827 manner
932 3778 984 3828 ond
1000 3779 1055 3842 lnys
1071 3779 1145 3828 down
1161 3793 1191 3828 ss
1205 3779 1254 3828 low
1271 3779 1330 3828 that
1343 3783 1486 3823 lullnouen-

229 3841 284 3891 oue
295 3839 405 3902 margin.
805 3830 1471 3914 thatuoitwsmntybindsnllundsofffl‘10fflf32

261 3905 273 3938 ⁸
290 3905 347 3963 sio:
366 3903 410 3954 the
421 3906 528 3953 tenente
538 3902 650 3967 pnoduoe
662 3919 678 3955 s
691 3904 756 3956 deod
806 3907 851 3957 the
868 3910 1017 3965 narrator,
1035 3906 1096 3969 quill
1112 3922 1165 3956 non
1182 3907 1250 3957 valet
1266 3908 1328 3958 obli·
1342 3877 1473 3972 '‘¹⁶⁸⁸ss'02'uil

229 3971 259 4022 os
268 3970 313 4020 the
324 3967 505 4018 demundont’s
516 3968 644 4021 husband.
805 3971 876 4032 gotio
892 3985 1015 4034 personne
1031 3971 1081 4020 nisi
1102 3971 1196 4020 hubent
1218 3971 1241 4020 si
1263 3987 1329 4034 opus
1349 3971 1461 4010 ‘mm

261 4035 273 4068 ⁶
288 4037 362 4084 illam
372 4033 458 4084 interl.
471 4033 505 4096 by
515 4039 663 4086 annotator.
806 4035 884 4084 tuerit
895 4033 965 4084 unde
976 4035 1058 4097 possit
1069 4036 1225 4086 esosmbinm
1236 4037 1328 4087 fouere.
1342 4017 1488 4102 fflffi‘m

261 4098 403 4150 ⁷Riohurd
424 4099 524 4161 Bonger
545 4115 599 4149 uos
619 4115 710 4163 msyor
731 4100 760 4149 of
805 4099 1124 4162 Astrikingooinoidenoo.
1144 4101 1329 4151 Bruotonoites
1342 4110 1466 4157 obligantur,

229 4163 340 4215 Ilondon
351 4165 473 4215 1223-6.
510 4164 621 4214 Observe
636 4163 696 4214 thet
712 4163 757 4213 tho
805 4163 873 4213 hom
885 4165 977 4214 Pssoh.
989 4165 1019 4216 A.
1032 4163 1063 4215 R
1079 4166 1117 4226 16,
1128 4165 1175 4214 but
1183 4165 1329 4229 olssrlyhis
1342 4156 1456 4242 ffiffitflffi.

230 4233 371 4280 annotator
381 4229 456 4278 knew
467 4228 529 4279 this.
563 4228 756 4288 Heuusmuoh
805 4228 903 4278 osseis
919 4229 982 4279 this.
1016 4231 1051 4278 As
1067 4232 1095 4278 to
1111 4229 1156 4278 tho
1173 4230 1281 4293 binding
1303 4233 1466 4288 mmmm

229 4293 371 4344 interosted
380 4293 409 4344 in
420 4293 475 4344 ulis
486 4308 544 4344 osso
555 4292 608 4344 and
617 4293 667 4344 hes
680 4292 756 4344 mode
804 4293 867 4344 lond
875 4294 908 4356 by
916 4297 1044 4357 wsmsnty
1051 4309 1092 4344 ses
1099 4293 1207 4346 Holmes
1215 4297 1331 4347 Gonlmoo
1343 4295 1398 4334 unlle
1406 4297 1471 4344 polilt

231 4363 306 4409 notes
321 4361 350 4409 st
367 4359 464 4408 several
481 4357 601 4408 different
617 4357 701 4410 times.
733 4357 756 4408 A
804 4361 876 4416 Low,
904 4373 930 4422 p.
958 4359 1014 4410 395.
1048 4357 1112 4408 This
1138 4373 1196 4410 osso
1217 4359 1240 4410 is
1262 4361 1329 4412 Fitz.
1343 4345 1463 4428 ffissssm

231 4423 329 4474 vendor
350 4424 378 4473 oi
401 4423 464 4474 lund
486 4424 575 4473 mullos
597 4438 631 4474 un
653 4437 756 4487 express
806 4425 927 4474 Recoverc
940 4427 1063 4486 essetne,
1078 4425 1118 4473 25.
1343 4435 1489 4475 mumolum.
