3212 5230
357 423 423 487 330
656 433 793 495 marna,
815 433 879 484 au.
905 421 998 497 1230,
1020 434 1083 484 aa.
1109 422 1158 484 14.

357 605 450 672 Dom.
465 602 565 691 Regis
579 603 620 668 de
635 602 785 668 habenda
799 602 917 668 saisina
931 601 971 668 de
992 625 1021 667 x.
1037 603 1093 668 sol.
1109 601 1256 668 redditus
1276 625 1357 690 quas
1377 603 1466 669 idem

357 708 521 774 Walter-us
535 706 668 773 reddere
684 706 808 772 solebat
827 705 972 791 predicto
992 705 1135 772 Henrico
1155 705 1285 772 atinde
1305 715 1403 772 uocat
1424 706 1467 772 ad

356 819 536 877 warantum
565 810 665 875 breue
695 810 789 876 Dom.
812 809 912 896 Regis
935 810 1021 895 quod
1050 809 1144 874 uenit
1166 809 1209 874 ad
1230 810 1466 876 uioecomitem.

356 915 400 991 Et
423 913 496 980 ideo
518 921 708 999 preceptum
730 921 781 978 est
804 912 988 977 uioecomiti
1010 912 1097 998 quod
1119 911 1239 977 habeat
1261 913 1361 978 breue
1383 911 1467 977 illud

354 1043 461 1087 coram
483 1018 669 1084 iusticiariis
691 1017 780 1104 apud
806 1017 1131 1082 westmonasterium
1153 1024 1215 1084 etc.
1238 1025 1273 1082 et
1295 1017 1393 1082 datus
1415 1024 1468 1082 est

354 1125 424 1190 dies
440 1131 500 1190 eto.

421 1230 464 1294 Et
479 1227 644 1294 sciendum
660 1225 747 1314 quod
761 1249 889 1292 summa
902 1226 1116 1312 dampnorum
1132 1235 1182 1290 est
1199 1250 1249 1292 xx.
1265 1226 1320 1290 sol.
1333 1227 1361 1290 si
1376 1225 1469 1292 curia

355 1333 605 1400 considerauerit
620 1331 707 1418 quod
721 1331 769 1395 ibi
783 1331 828 1394 sit
843 1330 1026 1396 desscisina

419 1437 472 1502 Ad
501 1436 589 1501 diem
619 1436 712 1500 illum
742 1435 833 1499 misit
856 1435 1035 1500 uicecomes
1056 1433 1175 1498 breue²
1198 1432 1285 1520 quod
1315 1433 1383 1498 tale
1405 1442 1468 1510 ast,

356 1542 442 1629 quod
464 1543 557 1608 Dom.
580 1541 651 1606 Rex
674 1540 819 1626 precepit
841 1539 1025 1604 uicecomiti
1047 1539 1133 1626 quod
1155 1539 1196 1604 dc
1219 1548 1306 1604 terra
1327 1539 1469 1604 Walteri

355 1649 396 1713 de
426 1647 641 1734 Langefordia
671 1669 772 1732 quum
804 1653 854 1709 est
883 1667 969 1710 unus
999 1667 1038 1709 ex
1065 1645 1244 1730 particibus
1266 1644 1404 1709 Roberti
1426 1643 1469 1708 de

356 1752 495 1816 Pertona
516 1751 551 1814 in
574 1748 763 1814 Memfordia
784 1771 848 1834 que
870 1756 921 1812 cst
943 1748 983 1812 de
1006 1747 1162 1812 seriancia
1187 1749 1281 1812 Dom.
1305 1747 1406 1834 Regis
1432 1755 1469 1812 et

355 1877 453 1942 quam
468 1853 555 1940 cepit
570 1853 604 1917 in
620 1875 752 1918 manum
769 1852 860 1918 Dom
877 1852 977 1939 Regis
992 1852 1155 1917 occasione
1171 1860 1256 1916 terre
1272 1875 1337 1938 que
1358 1859 1409 1916 est
1424 1851 1468 1918 de

356 1959 470 2024 eadem
486 1957 643 2022 seriancia
657 1977 755 2042 quam
771 1956 933 2021 Hemicus
947 1955 988 2020 de
1005 1956 1174 2043 Kingtona
1188 1956 1245 2042 qui
1260 1965 1310 2030 est
1325 1979 1412 2022 unus
1427 1979 1468 2022 ex

356 2062 533 2150 particibus
547 2060 691 2126 eiusdem
708 2060 843 2125 Rcberti
857 2059 1008 2126 uendidit
1023 2068 1058 2124 et
1072 2083 1171 2146 quam
1186 2060 1274 2146 cepit
1285 2060 1320 2124 in
1332 2083 1469 2126 manum

356 2167 450 2232 Dom.
473 2163 596 2250 Regis²,
618 2162 725 2228 eidem
748 2163 892 2228 Waltero
921 2162 963 2227 de
993 2163 1193 2250 Langeford³
1216 2163 1285 2228 sine
1307 2163 1471 2230 dilacione

356 2270 535 2359 plenariam
550 2269 702 2334 saisinam
723 2267 841 2332 habere
862 2268 982 2332 faceret
1003 2276 1037 2332 et
1058 2268 1238 2354 predictam
1260 2277 1381 2334 terrum
1404 2293 1471 2356 que

357 2376 421 2442 fuit
449 2373 551 2460 ipsius
581 2371 716 2436 Henrici
745 2371 780 2435 in
811 2392 910 2434 manu
933 2370 1056 2434 domini
1079 2371 1179 2458 Regis
1200 2372 1290 2436 saluo
1312 2372 1472 2438 custodiri

236 2483 241 2494 '
357 2481 485 2545 faceret.
528 2473 922 2540 EtideoOonsideratum
938 2473 1089 2560 estquod
1104 2475 1268 2540 Walterus
1283 2475 1325 2542 de
1340 2477 1470 2564 lange-

357 2582 460 2650 fordia
473 2579 549 2646 inde
564 2580 695 2666 quietus
710 2586 745 2643 et
760 2577 923 2643 Waltarus
943 2577 985 2644 de
1005 2579 1037 2644 la
1057 2579 1165 2645 Graue
1187 2579 1223 2644 in
1242 2581 1470 2648 misericordia

358 2689 450 2774 [quia
471 2685 636 2751 Waiterus
661 2683 703 2748 de
730 2682 945 2769 Langefordia
968 2705 1033 2748 uon
1055 2683 1234 2748 dissaisiuit
1253 2685 1331 2770 quia
1349 2685 1470 2751 habuit

357 2793 538 2879 ingressum
553 2811 611 2875 per
625 2795 817 2874 preceptum
832 2785 927 2850 Dom.
943 2785 1081 2872 Regis‘.]

423 2895 583 2961 Radulfus
612 2894 642 2958 le
672 2893 837 2978 Moyngne
871 2890 958 2976 petit
993 2913 1107 2957 uersus
1140 2891 1323 2958 Walterum
1361 2892 1469 2958 filium

358 2999 508 3088 Hugonis
537 2999 570 3084 ij.
601 2997 680 3084 uirg.
712 3004 797 3061 terre
827 3017 902 3062 cnm
936 3003 1017 3082 pert.
1048 2996 1082 3060 in
1121 2996 1352 3081 Maidingtuna
1386 3021 1471 3084 quas

358 3106 523 3172 Galfn‘dus
537 3105 568 3169 le
584 3103 702 3188 Moyne
718 3103 885 3187 Byscoyne
900 3101 1009 3166 tenuit
1023 3100 1064 3166 de
1080 3102 1193 3166 eodem
1214 3101 1355 3167 Radulfo
1374 3111 1409 3168 et
1433 3103 1471 3168 in

357 3234 438 3298 quas
452 3210 539 3276 idem
555 3209 720 3274 Waltorus
734 3229 799 3271 non
814 3206 915 3272 habet
929 3207 1110 3294 ingressum
1125 3207 1188 3272 nisi
1206 3231 1264 3294 per
1282 3207 1469 3294 predictum

358 3315 540 3381 Gaifridum
552 3322 586 3380 et
597 3335 661 3399 que
673 3312 714 3378 ad
729 3313 837 3398 ipsum
848 3311 1026 3378 Radulfum
1038 3312 1161 3378 debent
1171 3313 1293 3378 reuerti
1307 3321 1469 3400 tanquam

358 3427 485 3485 escaeta
509 3441 569 3484 sua
594 3439 632 3482 eo
659 3416 745 3503 quod
768 3415 932 3482 Gaifridus
957 3415 1123 3502 predictus
1148 3415 1319 3482 bastardus
1343 3417 1407 3481 fuit
1430 3425 1469 3482 et

358 3523 440 3588 obiit
454 3523 523 3588 sine
538 3519 657 3586 herede
672 3520 713 3586 de
728 3542 771 3586 se.

423 3626 468 3693 Et
481 3625 647 3692 Walterus
666 3623 759 3688 uenit
776 3633 811 3688 et
826 3622 974 3688 defendit
988 3623 1039 3688 ius
1054 3645 1151 3688 suum
1165 3630 1201 3686 et
1221 3621 1321 3687 talem
1343 3621 1469 3708 ingres

357 3755 430 3800 sum
456 3739 491 3798 et
513 3731 594 3797 dicit
619 3727 705 3816 quod
729 3729 829 3794 habet
854 3729 1036 3818 ingressum
1061 3751 1120 3815 per
1141 3729 1317 3816 Hugonem
1338 3735 1470 3815 patrem

356 3859 453 3902 suum
467 3835 525 3922 qui
544 3833 620 3898 inde
635 3833 699 3897 fuit
718 3833 847 3898 saisitus
869 3855 928 3918 per
948 3833 967 3897 i
984 3855 1084 3898 annos
1107 3854 1147 3897 ex
1169 3831 1253 3897 dono
1274 3832 1413 3898 Galfir'di
1438 3834 1469 3898 le

357 3945 498 4031 Moynne
535 3937 690 4006 auunculi
719 3937 821 4024 patris
854 3937 957 4024 ipsius
986 3937 1117 4002 Radulfi
1146 3937 1238 4002 cuius
1267 3937 1361 4002 heres
1394 3937 1468 4024 ipse

357 4056 408 4114 est
429 4053 489 4112 etc.
513 4053 547 4110 et
569 4066 634 4109 non
656 4042 697 4109 de
719 4041 804 4108 dono
825 4041 963 4128 predicti
989 4041 1128 4107 Galfiidi
1150 4041 1309 4130 Biscoync
1335 4049 1369 4106 et
1394 4041 1468 4128 ipse

390 4211 400 4244 ¹
417 4211 537 4272 Excerpt
548 4207 608 4259 Rot.
619 4205 678 4257 Fin.
690 4205 740 4256 vol.
753 4207 776 4269 1,
786 4221 812 4270 p.
827 4207 882 4259 173.
968 4207 979 4238 ⁴
994 4205 1089 4256 Words
1099 4205 1129 4254 in
1145 4205 1166 4270 Ι]
1179 4203 1261 4256 added
1271 4205 1466 4270 byannotator.
1597 4255 1598 4258 ,

362 4344 369 4356 ο
391 4274 566 4326 ’Alienation
585 4273 620 4336 by
638 4287 654 4322 a
672 4271 811 4348 tonantia
834 4287 884 4322 ser·
937 4271 1039 4323 SaeBr.
1051 4271 1071 4322 ί.
1083 4272 1140 4322 204.
1155 4335 1161 4348 ι
1174 4271 1200 4320 11
1215 4271 1288 4348 tinere
1304 4270 1328 4321 is
1344 4271 1467 4322 dissaisiri

360 4345 450 4457 ’Ἥ
462 4337 884 4468 ffldffiiiiffdisst.
935 4335 1467 4464 disdersshtaffld'aihtiiti'f'p*

359 4475 472 4526 notator.
