3212 5230
373 435 436 498 382
678 445 819 506 armar,
840 444 905 493 an.
931 429 1022 504 1231,
1047 443 1109 492 aa.
1135 430 1183 492 15.

372 627 440 684 tres
459 619 567 684 bouet.
589 626 674 682 terre
694 617 729 681 in
747 615 943 680 Watercroft
963 623 998 678 et
1018 613 1131 700 Legha
1153 613 1358 679 Suckethom
1379 612 1481 677 Hole-

372 723 451 788 weic
467 732 501 788 et
512 721 722 807 Wakebrigia
733 742 813 806 quas
828 727 921 786 tenet
936 727 970 784 et
985 718 1026 784 de
1042 741 1079 784 eo
1092 727 1203 784 tenere
1215 719 1335 783 clamat
1346 725 1382 782 et
1392 717 1480 781 unde

372 835 495 892 cartam
510 823 653 890 Huberti
667 823 729 888 filii
743 822 872 888 Radulfi
889 822 945 886 aui
959 821 1061 908 ipsius
1075 821 1206 886 Radulfi
1222 821 1322 886 habet
1337 829 1398 886 etc

211 933 274 974 Μ’*
298 931 362 978 ‘²²⁰⁶
437 931 482 996 Et
498 929 658 995 Radulfus
672 929 765 994 uenit
780 935 815 992 et
829 927 910 992 dicit
925 927 1012 1012 quod
1029 949 1094 991 non
1114 926 1213 992 debet
1233 926 1274 991 ad
1297 926 1357 990 hoc
1379 926 1481 990 breue

210 981 227 1019 ιΙ
250 979 327 1018 ntitm·

226 991 324 1112 didi?
372 1033 564 1120 respondere
584 1034 662 1120 quia
684 1033 816 1120 quidam
839 1032 1001 1096 Robertus
1022 1030 1062 1096 de
1083 1031 1236 1097 Anuilers
1251 1040 1344 1096 tenet
1359 1039 1481 1094 terram

211 1119 350 1205 affluas
372 1137 462 1202 illam
482 1137 583 1202 libere
603 1147 637 1202 et
657 1139 692 1202 in
707 1137 800 1202 feodo
815 1145 849 1201 et
865 1158 929 1200 non
943 1134 1109 1220 predictus
1124 1135 1289 1223 Magister,
1304 1141 1339 1200 et
1353 1133 1484 1199 desicut

210 1213 363 1307 ssdffiffiff
373 1242 559 1306 continetur
572 1243 607 1306 in
622 1241 819 1328 breui-quod
839 1241 907 1326 ipse
931 1240 1088 1326 Magister
1109 1261 1181 1304 eam
1204 1247 1297 1304 tenet
1317 1260 1383 1302 non
1406 1238 1485 1302 uult

210 1304 363 1444 &diffidit
373 1343 564 1430 respondere
580 1343 643 1409 nisi
657 1345 746 1410 curia
761 1344 1019 1409 considerauerit.

439 1449 516 1512 Post
531 1449 624 1512 uenit
640 1448 797 1534 Magister
809 1456 844 1512 et
859 1448 944 1533 petit
964 1448 1131 1513 licenciam
1147 1446 1317 1513 recedendi
1331 1446 1372 1511 de
1387 1445 1486 1511 breui

209 1583 286 1625 Ἥρῃ,
374 1573 432 1616 suo
447 1559 481 1616 et
496 1551 596 1616 habet
611 1559 646 1615 et
660 1551 733 1616 ideo
748 1551 824 1616 inde
839 1551 908 1616 sine
924 1551 984 1617 die.

253 1648 326 1716 487.
438 1654 590 1719 Johanna
615 1653 655 1718 de
686 1653 786 1718 Bosco
816 1677 874 1740 per
902 1662 1104 1719 attornatum
1135 1675 1231 1719 suum
1256 1652 1342 1739 petit
1367 1673 1487 1716 uersus

258 1747 309 1788 Μ
375 1757 551 1822 Radulfum
567 1758 712 1843 de·Bray
722 1757 745 1842 j.
762 1780 864 1823 carue.
880 1766 964 1822 terre
986 1781 1060 1823 cum
1083 1766 1163 1844 pert.
1184 1757 1217 1822 in
1243 1757 1346 1822 Gaifle
1368 1765 1409 1820 ut
1430 1756 1488 1820 ius

375 1884 471 1928 suum
494 1871 528 1927 et
553 1861 588 1926 in
614 1885 712 1949 quam
741 1884 806 1926 non
835 1861 935 1926 habet
964 1861 1143 1948 ingressum
1169 1861 1233 1926 nisi
1258 1883 1317 1947 per
1341 1861 1487 1926 Aliciam

375 1975 513 2031 matrem
535 1967 637 2052 ipsius
658 1966 808 2032 Johanne
831 1966 923 2032 cuius
945 1966 1038 2032 heres
1059 1966 1130 2051 ipsa
1151 1975 1210 2044 est,
1225 1988 1288 2052 que
1307 1965 1398 2030 illam
1416 1988 1489 2030 non

375 2069 492 2134 habuit
514 2069 578 2133 nisi
600 2068 643 2133 sd
666 2068 770 2132 uitam
794 2091 887 2132 suam
911 2075 1042 2132 tantum
1065 2075 1124 2132 etc.
1148 2089 1186 2132 eo
1208 2067 1295 2153 quod
1317 2079 1405 2132 teria
1426 2068 1490 2132 illa

375 2173 454 2238 data
476 2172 540 2237 fuit
561 2173 596 2236 in
621 2171 830 2258 maritagium
853 2171 1017 2236 Willelmo
1040 2171 1082 2236 de
1108 2172 1209 2236 Bosco
1235 2195 1309 2236 cum
1336 2171 1490 2258 predicta

376 2277 482 2342 Alicia
497 2285 531 2341 et
546 2276 719 2342 heredibus
734 2276 774 2342 de
789 2275 859 2362 ipso
875 2275 1037 2341 Willelmo
1053 2284 1088 2341 et
1102 2275 1209 2341 Alicia
1227 2276 1438 2354 exeuntibus
1453 2284 1489 2341 et

377 2381 454 2466 quia
475 2380 621 2466 predicta
642 2381 666 2445 J
667 2381 794 2444 ohanna
811 2379 892 2445 exiit
907 2379 948 2444 de
963 2380 1116 2466 predictis
1130 2380 1294 2446 Willelmo
1314 2387 1350 2445 et
1368 2381 1490 2456 Alicia,

376 2481 449 2547 ideo
472 2484 558 2570 petit
581 2493 700 2547 terram
720 2482 811 2547 illam
831 2490 870 2548 ut
892 2483 943 2548 ius
965 2507 1070 2563 suum,
1090 2493 1125 2549 et
1144 2485 1231 2570 quod
1250 2485 1299 2550 ita
1319 2485 1384 2550 fuit
1408 2485 1491 2550 data

376 2587 525 2672 producit
540 2595 668 2652 sectam

443 2689 487 2754 Et
507 2689 667 2754 Radulfus
688 2711 748 2776 per
768 2697 969 2756 attomatum
995 2712 1091 2755 sunm
1115 2689 1208 2755 uenit
1233 2699 1268 2755 et
1291 2689 1372 2755 dicit
1399 2691 1491 2778 quod

215 2799 349 2894 Qtffl·
377 2801 464 2859 terra
478 2794 534 2858 illa
548 2794 612 2858 fuit
626 2793 788 2860 hereditas
802 2795 904 2882 ipsius
922 2794 1025 2870 Alicie
1047 2795 1173 2879 [matris
1195 2794 1297 2880 ipsius
1318 2793 1490 2882 Johanne]

215 2893 367 2933 ¹²¹⁸¹¹⁸⁰⁶⁰b⁸¹
378 2897 487 2962 uxoris
508 2919 565 2962 sue
590 2905 624 2962 et
646 2897 715 2962 siue
740 2898 839 2963 fuerit
864 2898 1027 2963 hereditas
1052 2899 1122 2962 siue
1147 2898 1357 2985 maritagium
1383 2899 1492 2986 ipsius

214 3081 363 3212 ffiffiffi
379 3105 484 3194 legem
499 3113 534 3169 et
548 3105 816 3171 consuetudinem
831 3107 923 3193 regni
934 3130 973 3172 ea
983 3107 1111 3172 racione
1120 3107 1206 3193 quod
1218 3107 1334 3172 habuit
1345 3131 1491 3194 puerum

215 3219 327 3305 3353„
378 3209 419 3274 de
442 3208 587 3294 predicta
606 3208 713 3273 Alicia
732 3231 832 3274 uxore
851 3231 917 3277 sua
962 3211 1006 3274 Et
1026 3210 1110 3275 bene
1130 3209 1277 3275 defendit
1296 3210 1386 3296 quod
1401 3219 1492 3278 terra

214 3311 366 3398 ffig’gggt
378 3333 545 3396 nunquam
560 3309 609 3375 ita
622 3310 701 3376 data
720 3311 784 3376 fuit
803 3311 882 3397 ipsis
896 3311 1060 3376 Willelmo
1080 3319 1115 3376 et
1129 3311 1234 3377 Alicie
1254 3320 1289 3377 et
1311 3313 1491 3380 heredibus

216 3407 349 3501 'ptffltff'
379 3414 420 3479 de
435 3415 514 3500 ipsis
528 3415 724 3480 exeuntibus
738 3416 823 3481 sicut
838 3416 909 3502 ipsa
923 3416 946 3480 J
947 3416 1075 3480 ohanna
1094 3415 1175 3480 dicit
1195 3424 1306 3480 contra
1324 3416 1437 3503 ipsam
1456 3429 1491 3484 et

215 3497 344 3586 {iiii-iffi
379 3523 501 3580 sectam
516 3539 608 3582 suam
624 3518 688 3601 [set
702 3517 780 3602 ipsis
796 3517 960 3582 Willelmo
975 3525 1010 3582 et
1024 3517 1128 3583 Alicie
1144 3527 1178 3582 et
1196 3517 1399 3585 heredibusi
1443 3522 1492 3586 'us

216 3555 356 3686 ttttdtt
378 3619 506 3702 msa.
1400 3543 1453 3607 pm

247 3695 340 3769 mmm
445 3723 489 3786 Et
503 3721 654 3788 Johanna
669 3743 727 3808 per
740 3731 942 3789 attomatum
962 3747 1057 3789 suum
1078 3724 1173 3788 offert
1193 3746 1226 3789 se
1247 3747 1366 3810 ponere
1391 3749 1492 3814 super

378 3827 519 3914 patriam
541 3827 594 3891 uel
617 3849 714 3912 super
735 3836 856 3893 sectam
878 3851 970 3892 suam
993 3827 1079 3914 quod
1101 3836 1188 3891 terra
1207 3827 1256 3892 ita
1275 3829 1306 3892 ei
1325 3827 1410 3894 data
1427 3831 1491 3896 fuit

216 4245 345 4337 2ffissssss¹²¹¹¹¹
412 4263 510 4314 ¹1³ss
523 4265 580 4315 399.
604 4262 907 4340 ssewritofwsfrantia
958 4263 1039 4313 lector
1055 4261 1150 4326 during
1167 4262 1221 4312 thia
1237 4267 1297 4325 part
1313 4263 1343 4312 of
1356 4263 1403 4315 hio
1420 4265 1491 4315 work

380 4333 466 4406 ut
481 4329 907 4444 astusastus
958 4328 1490 4446 contammata*

219 4428 325 4514 idid*
381 4408 505 4512 pppsrffid
521 4458 625 4520 against
642 4459 746 4509 Robert.
781 4459 836 4509 The
855 4460 905 4509 col-
959 4461 1130 4509 Genauntde
1143 4461 1270 4520 chartres,
1284 4461 1324 4508 25.
1377 4431 1385 4445 ⁹
1482 4431 1488 4445 ⁸
