3212 5230
359 423 422 486 348
570 437 891 497 morimarusam.
917 425 1009 498 1230,
1032 439 1095 486 aa.
1121 426 1255 486 14-15.

358 755 418 819 DE
444 755 652 822 TERMINO
677 757 708 822 S.
733 756 986 823 MIOHAELIS
1007 756 1139 822 ANNO
1162 757 1306 824 REGNI
1328 757 1466 823 REGIS

578 859 622 924 H.
644 857 804 924 XIIIJ¹¹⁰.
828 858 1097 925 INCIPIENTE
1119 859 1247 925 XV¹¹⁰.¹

421 1061 620 1127 'Willelmus
649 1063 691 1128 de
721 1063 902 1128 Martiwall’
931 1064 1017 1150 petit
1046 1087 1159 1129 uersus
1187 1064 1391 1129 Willelmum
1424 1064 1466 1129 de

358 1169 573 1256 Braccbrugg'
600 1176 634 1233 et
657 1168 818 1234 Amisiam
848 1192 981 1234 uxorem
1011 1169 1080 1234 eius
1111 1176 1177 1233 tres
1206 1169 1286 1256 uirg.
1314 1178 1400 1234 terre
1431 1177 1467 1234 et

357 1271 465 1337 dimid.
482 1297 556 1338 cum
571 1281 653 1359 pert.
667 1272 703 1337 in
717 1271 872 1338 Nouefie⁸
887 1283 925 1338 ut
940 1274 991 1339 ius
1006 1297 1101 1339 suum
1118 1283 1177 1340 etc.
1193 1274 1242 1338 ita
1261 1274 1347 1360 quod
1367 1274 1468 1338 datus

357 1374 420 1438 fuit
442 1375 488 1439 eis
510 1374 635 1440 diesin
657 1375 759 1440 banco
781 1397 875 1460 prece
897 1376 1043 1462 parcium
1064 1375 1099 1440 in
1122 1376 1268 1440 aduentu
1290 1375 1466 1440 iusticiari-

356 1499 448 1540 orum
468 1475 555 1562 apud
577 1477 785 1542 Leicestriam
806 1477 848 1542 ad
868 1477 983 1542 assises
1004 1499 1089 1542 noue
1110 1477 1276 1542 disseisine
1292 1477 1467 1564 capiendas

356 1587 391 1644 et
405 1581 514 1667 gaolas
528 1581 751 1646 deliberandas
762 1581 804 1646 ad
819 1603 917 1667 quem
932 1580 1112 1646 aduentum
1127 1581 1265 1667 predicti
1280 1581 1467 1646 Willelmus

355 1693 390 1750 et
419 1685 547 1750 Amicia
575 1709 639 1750 non
669 1695 830 1750 uenerunt
859 1708 919 1750 nec
948 1709 982 1750 se
1013 1686 1258 1750 essoniauerunt
1288 1693 1349 1752 etc.
1378 1685 1467 1750 sicut

316 1787 321 1796 ”
355 1787 524 1854 iusticiarii
538 1789 753 1854 recordantur.

421 1893 465 1956 Et
490 1891 673 1957 Willelmur
695 1893 736 1957 de
759 1892 941 1958 Martiwall'
964 1893 1056 1958 uenit
1079 1900 1113 1957 et
1135 1893 1221 1979 petit
1242 1893 1399 1958 iudicium
1423 1893 1467 1959 de

355 1992 477 2059 defalta
491 2003 525 2060 et
545 1995 622 2082 quia
641 1995 810 2060 iusticiarii
831 1995 958 2060 nullum
979 1995 1025 2060 ibi
1045 1996 1206 2060 dederunt
1226 1997 1272 2062 eis
1294 1997 1382 2062 diem
1404 2021 1468 2063 nec

355 2098 477 2184 aliquid
508 2098 582 2163 inde
612 2100 758 2163 fecerunt
787 2121 845 2184 pro
875 2099 1004 2163 defectu
1033 2099 1156 2163 recordi
1185 2101 1379 2186 procedatur
1411 2101 1467 2166 hic

355 2224 413 2288 per
438 2201 592 2266 defaltum
618 2200 707 2265 illam
734 2209 890 2288 tanquam
916 2201 963 2265 ibi
992 2201 1220 2287 procederetur
1244 2201 1272 2267 si
1294 2203 1466 2268 recordum

356 2306 520 2371 haberent.
540 2304 545 2390 Ι
566 2307 609 2370 Et
629 2305 701 2370 ideo
721 2306 957 2371 consideratum
978 2313 1028 2370 est
1049 2306 1135 2392 quod
1155 2314 1242 2370 terra
1261 2307 1411 2392 capiatur
1430 2308 1469 2372 in

357 2432 489 2474 manum
509 2408 632 2473 domini
651 2409 751 2496 Regis
770 2417 805 2472 et
825 2409 911 2495 quod
931 2409 1069 2495 predicti
1084 2408 1268 2474 Willelmus
1285 2419 1320 2475 et
1335 2411 1470 2476 Amicia

356 2521 621 2576 summoueantur
635 2511 721 2598 quod
736 2511 803 2576 sint
820 2511 965 2576 audituri
979 2511 1137 2577 iudicium
1152 2535 1248 2576 suum
1268 2513 1303 2577 in
1323 2515 1469 2579 crastino

355 2614 555 2678 Animarum.

420 2717 629 2802 ‘Preceptum
645 2716 708 2781 fuit
724 2716 908 2781 uicecomiti
924 2716 1011 2804 quod
1026 2727 1246 2783 summoueret
1258 2719 1467 2786 Willclmum

355 2822 396 2886 de
420 2821 613 2886 Siffrawall’⁶
635 2821 721 2908 quod
743 2821 845 2886 esset⁸
865 2822 971 2886 iustic’
991 2821 1034 2886 ad
1056 2823 1315 2908 respondendum
1339 2823 1468 2889 Thome
1588 2913 1589 2924 ἶ

355 2925 475 2990 Treuet
490 2926 557 2990 filio
573 2934 607 2990 et
623 2926 734 2990 heredi
748 2925 847 2990 Alani
862 2925 902 2990 de
919 2927 1086 3012 Hertring’
1102 2927 1143 2990 de
1158 2950 1225 2991 una
1244 2927 1362 3014 uirgat
1380 2937 1469 2994 terre

354 3055 428 3096 cum
443 3039 523 3118 pert.
539 3033 574 3095 in
590 3031 769 3096 Mamstede
785 3055 883 3117 quam
898 3031 1017 3096 clamat
1032 3054 1145 3097 uersus
1159 3055 1236 3097 eum
1250 3055 1309 3118 per
1328 3033 1467 3099 assisam

353 3134 466 3198 mortis
486 3133 695 3198 antecessoris
714 3143 748 3198 et
769 3133 855 3220 quod
877 3143 1097 3198 summoueret
1118 3134 1294 3200 Ricardum
1314 3136 1355 3200 de
1378 3137 1467 3202 Her-

354 3236 433 3324 ting’
453 3236 538 3324 quod
558 3245 642 3301 esset
662 3259 768 3302 coram
789 3236 911 3302 eisdem
931 3237 1116 3302 iusticiariis
1138 3237 1180 3303 ad
1202 3239 1467 3324 respondendum

353 3339 458 3405 eidem
488 3341 611 3406 Thome
640 3340 681 3406 de
706 3341 826 3427 placito
848 3341 928 3427 quid
957 3341 1037 3406 iuris
1059 3343 1163 3430 exigit
1185 3343 1220 3407 in
1243 3343 1357 3408 eadem
1380 3345 1466 3434 uirg.

353 3453 437 3508 terre
460 3452 519 3509 etc.
565 3443 757 3508 Mandatum
777 3443 840 3508 fuit
860 3444 963 3508 eciam
985 3445 1126 3509 Henrico
1147 3445 1188 3510 de
1209 3446 1391 3512 Scaecario'
1406 3451 1467 3536 qui

352 3547 523 3612 constituti
552 3547 684 3612 fuerunt
713 3549 882 3614 iusticiarii
911 3549 953 3613 ad
982 3549 1114 3614 assisam
1144 3549 1333 3636 capiendam
1362 3574 1466 3638 quam

355 3652 516 3738 predictus
545 3651 701 3716 Ricardus
730 3652 918 3718 arramiauit
948 3675 1061 3718 uersus
1091 3653 1273 3740 predictum
1300 3655 1466 3722 Thomam

352 3755 438 3842 quod
453 3754 564 3820 uenire
585 3755 727 3820 facerent
747 3778 818 3820 eam
839 3757 971 3821 assisam
992 3779 1098 3821 coram
1118 3757 1252 3842 prefatis
1274 3758 1468 3826 iusticiariis

351 3857 440 3944 apud
470 3858 810 3924 westmonasterium‘
832 3869 884 3926 etc.
909 3861 995 3926 unde
1025 3861 1112 3926 idem
1144 3861 1282 3926 Thomas
1312 3865 1468 3948 queritur

352 3960 438 4048 quod
457 3969 569 4026 contra
587 3969 775 4047 preceptum
795 3962 887 4028 Dom.
904 3963 1003 4050 Regia
1023 3964 1161 4050 predicti
1176 3965 1346 4030 iustician'i
1368 3990 1466 4054 cepe-

351 4072 429 4126 runt
448 4061 626 4148 predictam
647 4063 780 4127 assisam
800 4065 914 4130 mortis
935 4067 1145 4130 antecessoris
1167 4067 1254 4131 inter
1275 4068 1465 4153 predictum

382 4207 391 4238 ¹
410 4205 461 4256 For
483 4204 537 4255 this
558 4208 624 4256 term
641 4207 790 4258 A=Goram
807 4207 876 4273 Rege
959 4209 970 4241 ⁸
988 4211 1148 4274 Siffrawarr',
1160 4211 1190 4259 A.

350 4272 417 4329 Roll,
429 4271 478 4320 No.
490 4273 529 4322 37.
959 4275 970 4307 ⁶
987 4275 1050 4338 Sup.
1062 4291 1153 4333 coram,
1165 4277 1195 4326 Δ.

381 4337 519 4386 ¹A.m.³.
959 4339 1049 4402 ⁷Sup.
1075 4342 1137 4389 Rob.
1161 4342 1190 4390 dc
1212 4343 1311 4390 Aimera
1333 4351 1359 4392 et
1384 4347 1465 4396 aocr'r'a

381 4403 391 4433 ³
408 4403 521 4457 cheale,
533 4401 562 4452 A.
927 4408 987 4467 attis,
1002 4405 1024 4453 Α
1396 4417 1398 4420 ’

381 4469 392 4499 ⁴
408 4467 438 4516 Δ.
450 4480 485 4514 m.
498 4468 522 4515 3.
959 4472 970 4504 ⁸
988 4443 1050 4534 sup.
1063 4471 1097 4521 ad
1110 4473 1241 4521 mirram
1253 4472 1338 4534 iatum,
1352 4473 1385 4521 Δ.
