3260 5218
314 439 442 492 musar
463 439 539 490 nun
561 440 698 503 namna,
721 441 785 490 un.
811 429 903 504 1220,
926 443 989 494 aa
1014 433 1041 494 4.
1191 431 1233 500 79

159 613 198 681 Et
210 635 243 679 ex
256 633 398 679 consensu
414 613 561 698 parcium
577 612 636 678 fiat
656 613 764 678 iurata
784 621 818 678 et
838 615 991 680 ueniunt¹
1007 639 1028 682 a
1042 617 1094 683 die
1110 618 1232 684 Pascha
1246 623 1368 710 2223&

158 721 240 784 inxv.
258 717 319 782 dies
337 717 378 782 ad
397 717 690 802 recognoscendum
708 717 736 782 si
757 717 922 802 predictus
941 719 1073 784 Hamon
1093 721 1146 785 die
1170 744 1233 807 quo
1245 717 1397 806 ffiffi

157 822 429 890 obiitfiritseisitus
446 821 488 888 de
506 829 591 886 terra
614 822 670 886 illa
689 831 729 888 ut
750 821 792 886 de
814 821 906 887 feodo
929 846 969 888 ex
992 825 1075 890 dono
1097 826 1235 912 predicti
1246 812 1342 872 “m

156 928 288 993 iohannis
301 927 407 992 fratris
422 925 482 1004 sui,
498 925 552 990 uel
567 934 606 990 ut
621 925 661 992 de
681 925 781 991 ballia
800 925 902 1011 ipsius
920 928 1079 994 «Iohannis
1094 930 1235 996 tenenda

156 1033 182 1096 in
195 1033 253 1096 uite
265 1053 320 1096 sua
332 1037 472 1096 tantum.
531 1029 625 1094 Idem
645 1029 715 1094 dies
736 1029 831 1094 datus
847 1038 897 1094 est
911 1031 1163 1115 recognitoribus
1177 1032 1234 1118 qui

155 1141 290 1199 uenerunt
303 1143 335 1198 et
350 1134 475 1198 dictum
491 1141 540 1198 est
555 1133 601 1197 eis
617 1133 704 1219 quod
718 1133 850 1198 interim
865 1155 900 1198 se
915 1133 991 1198 inde
1006 1135 1185 1201 certificent
1200 1145 1235 1200 et

154 1241 306 1305 uioacomes
330 1244 474 1323 apponat
502 1245 642 1322 quatuor
671 1245 731 1304 etc.
757 1245 792 1302 et
815 1243 865 1302 tot
888 1245 948 1302 eto.
967 1245 1001 1302 et
1019 1235 1163 1304 Oristina
1184 1261 1233 1304 re·

154 1340 276 1405 maneat²
303 1349 336 1404 ct
367 1339 531 1404 Waltcrus
563 1337 665 1404 filius³
795 1360 830 1404 se
861 1339 1035 1405 esconiauit
1066 1349 1101 1406 et
1132 1341 1232 1406 habet

154 1445 268 1509 eundem
283 1443 378 1509 diem.

84 1561 109 1608 ’.
205 1547 370 1613 'Martinus
398 1545 440 1612 de
469 1546 648 1611 Bestenora
675 1544 755 1611 tulit
783 1545 884 1610 breue
912 1543 1036 1610 domini
1065 1546 1164 1632 Regis
1193 1546 1233 1612 de

151 1651 291 1735 probanda
312 1651 462 1716 libertate
491 1673 552 1716 sua
574 1671 685 1715 uersus
708 1649 895 1714 Johannem
918 1649 959 1716 dc
983 1651 1096 1716 Monte
1126 1653 1233 1716 Acuto

150 1777 238 1820 coram
251 1755 299 1820 Β)
310 1754 455 1820 Roffeusi
467 1753 624 1839 Episcopo
640 1762 674 1818 et
689 1753 782 1818 sociis
797 1753 863 1818 suis
877 1753 1062 1820 iusticiariis
1077 1753 1233 1820 itineran-
1283 1773 1285 1776 ·

150 1857 230 1934 tibus,
254 1867 291 1922 ut
314 1856 378 1942 ipsi
403 1856 612 1921 recordantur
636 1856 685 1922 ita
710 1855 796 1942 quod
825 1856 913 1921 idem
942 1855 1111 1922 Johanncs
1140 1857 1234 1924 uenit

150 1985 238 2027 coram
258 1962 304 2028 eis
328 1971 363 2026 et
387 1961 422 2026 in
445 1969 576 2026 tantum
599 1961 752 2046 processit
781 1960 910 2046 loquela
939 1962 1025 2026 inter
1054 1985 1115 2041 eos,
1146 1963 1232 2048 quod
1287 1998 1291 2007 ·

149 2066 292 2132 iohannes
306 2065 438 2130 uocauit
453 2065 574 2128 curiam
586 2063 709 2129 domini
724 2063 823 2151 Regis
838 2064 880 2128 ad
896 2073 1082 2142 warantum,
1097 2065 1184 2150 quod
1198 2066 1233 2130 in

149 2167 261 2234 eadem‘
280 2169 464 2235 conuicerat
479 2166 620 2232 eundem
641 2166 822 2231 Martinum
841 2166 884 2231 ad
903 2167 1063 2232 uillanum
1082 2189 1178 2232 suum
1200 2177 1234 2232 et

149 2271 208 2337 ideo
221 2273 309 2338 datus
323 2271 388 2338 suit
403 2271 450 2336 eis
464 2270 534 2336 dies
548 2269 636 2356 apud
648 2269 972 2336 westmonasterium
987 2270 1028 2336 ad
1044 2269 1230 2336 habendum

148 2375 186 2439 ibi
198 2376 354 2440 recordum
370 2375 467 2440 curie.
503 2373 649 2438 Tandem
665 2373 836 2440 inuentum
852 2381 901 2438 est
916 2374 952 2438 in
966 2373 1080 2440 rotulis
1095 2383 1129 2440 et
1144 2375 1232 2442 curia

149 2479 251 2544 domini
264 2480 363 2566 Regis
378 2478 569 2556 recordatur,
585 2477 670 2564 quod
693 2477 780 2544 idem
796 2475 958 2542 Martinus
973 2477 1007 2542 in
1022 2477 1111 2542 curia
1133 2477 1232 2564 Regis

148 2583 287 2650 iohannis
324 2583 498 2649 adamiauit
540 2583 673 2648 assisam
716 2580 829 2646 mortis
870 2581 1079 2648 antecessoris
1120 2605 1233 2648 uersus

148 2685 322 2752 Beatrioiam
345 2694 484 2752 matrem
510 2685 611 2770 ipsius
636 2684 797 2751 Johannis
819 2685 860 2751 do
882 2695 1014 2752 centum
1039 2687 1120 2752 acris
1146 2696 1232 2752 terro

148 2811 208 2854 cum
221 2791 433 2876 pertinenciis,
448 2790 497 2856 ita
511 2789 597 2875 quod
612 2789 683 2875 ipsa
697 2790 830 2856 uocauit
843 2791 867 2856 J
868 2791 1029 2857 ohannem
1049 2793 1231 2878 predictum

148 2893 180 2957 ad
193 2905 362 2960 warantum
379 2915 492 2959 uersus
506 2893 612 2978 ipsum
633 2891 813 2957 Martiuum
833 2915 871 2958 eo
886 2893 972 2980 quod
987 2895 1096 2960 tenuit
1111 2905 1230 2960 terram

148 2997 221 3062 illam
236 2999 268 3062 iu
283 2999 393 3065 dotem
408 3005 443 3062 et
456 2996 480 3061 J
481 2997 623 3062 ohannes
637 2994 730 3060 uenit
745 3003 779 3060 et
794 2995 826 3060 ei
846 2997 1069 3064 warantizauit
1090 3007 1124 3063 et
1146 2999 1231 3064 dixit

147 3101 217 3184 quod
251 3103 348 3166 assisa
384 3124 451 3166 non
487 3099 601 3166 debuit
630 3099 706 3164 inda
736 3099 816 3177 fieri,
845 3100 923 3186 quia
952 3101 1039 3166 idern
1070 3101 1231 3168 Martinus

148 3203 268 3269 uillanus
289 3204 362 3283 fuit,
376 3202 511 3270 tandem
532 3209 628 3286 capta
649 3200 713 3266 fuit
730 3201 869 3288 quedam
888 3203 995 3269 iurata
1014 3226 1054 3269 ex
1077 3227 1231 3270 consensu

146 3307 271 3390 parcium
286 3315 320 3372 et
335 3329 394 3392 per
405 3306 608 3370 uoluntatem
620 3303 721 3390 ipsius
736 3305 870 3370 Martini
886 3307 927 3372 ad
942 3307 1230 3392 recognoscendum

146 3411 216 3494 quod
228 3411 398 3477 seruicium
419 3421 454 3476 et
471 3432 551 3497 quas
569 3409 818 3476 consuetudines
838 3411 1003 3476 Aluredus
1018 3421 1111 3496 pater
1129 3411 1230 3497 ipsius

145 3512 260 3580 Martini
289 3515 366 3580 fecit
396 3513 502 3579 eidem
531 3511 677 3578 Johanni
706 3512 759 3577 dic
789 3521 823 3579 ct
852 3536 938 3578 anno
975 3537 1039 3599 quo
1076 3515 1167 3592 obiit,
1197 3526 1231 3580 et

146 3615 278 3684 dixerunt
291 3619 448 3684 iuratores
463 3617 548 3703 quod
563 3616 649 3682 idem
669 3615 834 3684 Aluredus
856 3619 965 3684 tenuit
986 3629 1118 3684 centurn
1142 3642 1230 3685 acras
1289 3691 1290 3696 η

145 3729 213 3788 terre
231 3746 302 3788 cum
317 3719 540 3810 pertinenciis⁷
555 3720 595 3784 dc
611 3717 724 3783 eodem
738 3717 762 3785 J
764 3721 891 3786 ohanne
905 3745 963 3808 pro
974 3745 1025 3788 xx.
1041 3721 1096 3787 sol.
1113 3723 1230 3788 annuis

704 3899 747 3934 are
763 3885 833 3934 cited
849 3885 884 3948 by
898 3885 1011 3936 Bracton
1029 3887 1046 3935 f.
1066 3887 1113 3964 199
1130 3886 1154 3962 p,
1173 3886 1231 3964 ubo

170 4018 179 4052 ³
192 4019 219 4069 In
229 3971 423 4072 thdiiotebook
435 4034 450 4069 a
464 4033 541 4082 space
555 4017 577 4066 is
592 4016 652 4076 left;
704 3951 1231 4068 idetiddldniiiieiirnfiffiuiheaiidmdilileid

143 4081 241 4204 papa
249 4089 324 4151 filius
350 4087 453 4148 Pagaai
479 4099 544 4134 uum
571 4097 651 4144 recog·
704 4084 895 4198 tapuffinediet.

169 4215 217 4266 4Δ.
237 4231 271 4266 tn.
295 4217 310 4266 5
333 4214 358 4266 d.
396 4215 444 4264 See
471 4212 559 4273 above,
588 4213 653 4263 Caso
735 4212 848 4263 ‘eadem
858 4213 938 4273 cur-ia,
951 4212 981 4264 L

144 4278 175 4328 70.
196 4280 217 4330 It
225 4296 306 4330 seems
314 4281 374 4330 that
383 4279 533 4329 Montscutc
542 4278 653 4341 brought
735 4279 818 4329 ⁷cum
838 4279 854 4329 l.
879 4281 974 4336 ocimu,
991 4279 1027 4338 ,ἃς
1049 4277 1079 4327 in
1096 4277 1141 4327 the
1160 4279 1231 4328 note·

143 4345 193 4392 ade
207 4349 289 4395 actico
307 4347 419 4395 hahendo
433 4344 535 4407 against
546 4343 653 4402 Martio,
704 4345 770 4395 book
787 4343 842 4393 this
857 4341 907 4392 has
923 4343 988 4392 boen
1005 4343 1093 4393 erased
1110 4343 1162 4392 and
1176 4358 1232 4392 cum

143 4408 186 4458 and
204 4409 245 4460 the
266 4411 343 4461 latter
363 4409 461 4472 repliad
480 4409 515 4473 by
533 4409 656 4472 bringing
702 4411 867 4475 pertinenciis
875 4407 1044 4467 substituted3
1056 4407 1231 4470 buturongly.

143 4471 210 4524 there
219 4476 330 4526 libertate
339 4476 480 4538 probanda.
504 4473 574 4524 Both
584 4490 656 4526 cases
