3260 5218
325 481 458 530 snm
480 480 554 529 nnn
577 481 712 542 meren
735 479 800 530 sn.
824 465 917 541 1220,
938 477 1002 530 ss
1025 464 1053 527 4.
1198 461 1240 531 87

149 654 208 733 ills,
228 653 345 720 scilicet
367 652 574 718 Hascuillum
596 651 717 740 Psynel
740 651 797 738 qui
819 650 936 716 ultimo
957 649 1040 714 obiit
1061 657 1121 714 etc.
1144 656 1179 714 et
1200 649 1240 715 do

149 765 245 822 morte
259 757 325 822 eius
339 757 512 821 ammissit
528 755 660 821 assisam
675 755 781 832 istem,
796 762 831 820 et
845 754 930 840 petit
945 753 1078 818 assisam
1096 776 1195 818 susm.

207 861 250 924 Et
264 860 352 924 Prior
365 860 446 924 dicit
460 859 547 946 quod
560 859 648 924 idem
662 859 826 924 Ascuillus
841 880 1007 944 nunquam
1023 857 1086 922 fuit
1106 879 1242 943 persons

148 964 227 1030 illius
248 963 387 1041 ecclesie,
408 963 487 1050 quis
507 962 671 1049 predictus
691 962 799 1039 Fuloo,
817 983 855 1026 eo
875 969 1020 1046 tempore
1040 983 1104 1048 quo
1125 983 1242 1048 guerre.

148 1069 204 1134 fuit
221 1067 307 1134 inter
325 1067 450 1154 Regem
473 1066 592 1154 Anglie
613 1075 647 1130 et
669 1065 793 1152 Regem
817 1065 933 1142 scotie,
948 1064 1041 1130 uenit
1056 1064 1098 1129 sd
1120 1073 1239 1130 terrem

147 1173 228 1237 illam
242 1181 277 1238 et
291 1171 420 1236 inuenit
439 1169 487 1235 ibi
506 1169 542 1234 in
561 1168 696 1234 ecclesis
716 1169 774 1233 ills
795 1167 1248 1254 quendem¹p1edecessorem

148 1300 233 1343 suum
248 1284 282 1342 et
297 1275 395 1362 fregit
410 1273 516 1338 hostis
530 1271 661 1338 ecclesie
674 1279 708 1336 et
719 1270 859 1338 eundem
871 1271 1013 1336 Priorem
1024 1279 1058 1336 et
1070 1271 1241 1336 monachos

147 1403 212 1445 suos
239 1380 274 1444 ui
303 1378 400 1444 eiecit
430 1385 464 1442 et
492 1399 551 1462 per
578 1375 648 1440 uim
677 1397 769 1440 susm
798 1373 907 1460 posuit
935 1373 1025 1439 intus
1059 1374 1240 1460 predictum

147 1483 318 1548 Ascuillum
347 1481 406 1568 qui
434 1480 543 1545 tenuit
571 1502 606 1545 se
627 1479 663 1544 in
684 1478 819 1544 ecclesis
839 1478 897 1543 ille
917 1485 968 1542 set
990 1500 1156 1564 nunquam
1178 1479 1242 1543 fuit

147 1586 295 1650 admissus
323 1583 448 1650 neceb
470 1583 578 1669 aliquo
599 1591 815 1669 presentatus,
836 1589 887 1647 set
909 1581 1040 1667 quidem
1062 1581 1149 1667 prior
1169 1604 1241 1667 pre·

148 1689 282 1754 deesses
301 1711 381 1754 suus
399 1687 600 1774 presentauit
619 1687 781 1773 quendem
802 1686 1002 1750 Willelmum
1022 1695 1241 1771 precentorem

149 1793 270 1858 ecclesie
294 1791 391 1858 Ebor'
413 1791 455 1856 ad
484 1790 650 1857 ecclesiam
671 1790 762 1855 illem
785 1790 841 1877 qui
863 1790 979 1855 ultimo
1001 1791 1082 1856 obiit
1107 1813 1243 1876 persona

148 1905 202 1962 etc

204 1998 247 2062 Et
276 1995 474 2062 Eustachius
500 1995 579 2060 dicit
601 1994 688 2081 quod
717 1994 881 2060 Asouillus
903 1994 966 2060 fuit
987 2015 1123 2082 persona
1145 2005 1179 2062 et
1201 1997 1243 2062 sd

148 2100 416 2187 presentscionem
446 2099 596 2164 Fuloonis
625 2099 791 2165 admissus.
836 2100 880 2164 Ee
908 2099 981 2164 ideo
1006 2099 1242 2165 consideratum

150 2203 298 2290 estquod
321 2203 422 2267 sssiss
442 2201 595 2288 procedet
616 2209 667 2267 set
688 2202 821 2288 ponitur
841 2202 877 2267 in
897 2211 1079 2288 respectum
1101 2226 1202 2290 usque
1224 2225 1244 2268 a

148 2305 195 2370 die
207 2306 330 2371 Pesche
345 2305 381 2369 in
395 2328 446 2371 xv.
461 2305 531 2370 dies
545 2327 602 2390 pro
617 2303 746 2370 defectu
761 2305 1006 2392 recognitorum,
1022 2305 1099 2392 quie.
1113 2313 1244 2370 lentum

149 2418 207 2476 nes
226 2433 259 2476 se
280 2409 528 2475 essonisuerunt
548 2417 608 2474 etc.
624 2408 680 2473 elii
700 2416 862 2494 ponantur
881 2431 939 2495 per
958 2409 1105 2475 meliores
1122 2408 1246 2496 plegios

148 2525 201 2578 etc
215 2521 248 2578 et
262 2512 364 2600 primi
379 2520 440 2577 eto.
1099 2521 1103 2528 '

96 2671 102 2686 .
204 2616 328 2682 ¹Alicio
356 2638 419 2702 que
449 2615 514 2680 fuit
535 2637 616 2680 uxor
637 2614 757 2702 Rogeri
785 2613 826 2680 de
853 2615 1003 2702 Bemeby
1024 2615 1110 2702 petie
1131 2637 1244 2681 uersus
1301 2627 1363 2668 Ebot·

149 2719 317 2785 Ricardum
337 2719 442 2784 filium
461 2717 581 2805 Rogeri
599 2717 732 2782 terciam
753 2725 879 2802 perlem
899 2718 983 2783 feodi
1001 2719 1024 2802 j.
1041 2719 1244 2784 miliciacum

150 2824 352 2908 pertinenciis
373 2823 409 2888 in
429 2823 579 2908 Berneby
594 2829 632 2886 ut
651 2821 762 2887 dotem
780 2843 872 2886 suam
892 2830 952 2888 eto.
972 2822 1058 2888 unde
1081 2823 1245 2910 predictus

151 2929 286 3017 Rogems
302 2951 378 2994 eam
394 2927 522 2992 dotauit
538 2937 597 2992 ecc.

207 3033 248 3097 Et
269 3031 432 3097 Ricardus
453 3029 545 3094 uenit
565 3037 599 3094 et
621 3029 701 3094 dicit
721 3028 807 3116 quod
826 3051 890 3094 non
904 3028 1002 3095 debet
1017 3029 1059 3094 sd
1073 3029 1132 3095 hoc
1146 3031 1245 3096 breue

151 3136 343 3221 respondere,
359 3135 436 3221 quis
450 3133 521 3220 ipsa
534 3133 620 3219 petit
640 3133 774 3198 terciam
789 3142 913 3218 partem
935 3135 1020 3200 feodi
1037 3135 1061 3220 j.
1077 3135 1191 3200 militis
1211 3144 1246 3200 et
1259 3137 1324 3234 3⁰32
1336 3135 1410 3224 Ἣ·

152 3239 211 3324 ipse
237 3263 304 3306 non
334 3248 429 3304 tenet
454 3237 517 3303 nisi
538 3238 748 3304 medietatem
771 3239 856 3304 leodi
880 3241 905 3326 j.
928 3241 1049 3319 militis,
1072 3250 1106 3306 ee
1128 3241 1168 3306 de
1190 3230 1408 3326 illsffl‘lffilffi‘lffi

153 3344 319 3410 medietate
334 3351 428 3408 tenes
442 3351 548 3407 meter
562 3365 621 3407 sue
635 3343 768 3408 terciam
784 3352 909 3428 partem
930 3343 964 3408 in
984 3345 1102 3423 dotem,
1118 3353 1152 3410 et
1173 3345 1246 3410 ideo
1258 3325 1412 3420 ‘'dm‘’l'ilellis

153 3469 208 3510 non
226 3448 299 3513 uult
323 3447 515 3533 respondere
537 3446 599 3510 nisi
621 3446 710 3511 curis
731 3446 989 3514 consideraueril.
1034 3447 1078 3512 Ee
1099 3416 1393 3534 preteream-se

153 3549 223 3616 dicii
245 3551 335 3638 quod
357 3551 492 3616 Julisns
512 3559 617 3615 meter
638 3573 696 3615 sue
717 3551 781 3615 fuit
802 3573 883 3615 uxor
901 3551 1068 3637 patrissui
1090 3575 1148 3638 per
1162 3553 1247 3638 xxvj.

153 3675 242 3720 annos
260 3663 436 3742 postquem
457 3653 602 3740 predicte
620 3652 726 3718 Alicie
748 3652 780 3718 ei
801 3653 916 3718 debuit
936 3653 1122 3741 desponsari
1144 3654 1171 3719 si
1193 3655 1248 3720 de-

154 3769 296 3843 sponsata
320 3765 413 3824 esses

211 3862 253 3927 Et
267 3863 342 3949 ipss
355 3861 463 3926 Alicis
480 3860 630 3948 cognouit
650 3860 736 3947 quod
756 3859 827 3946 ipse
846 3860 869 3926 J
870 3861 978 3926 uliano.
1000 3861 1062 3926 fuit
1083 3885 1156 3927 cum
1179 3861 1249 3926 uiro

182 4029 192 4062 ¹
207 4030 304 4095 euppry
313 4032 436 4088 Priorem
449 4031 480 4080 Δ.
724 4029 802 4081 think
818 4044 909 4081 mesns
924 4031 982 4082 that
995 4033 1070 4083 when
1085 4036 1136 4083 two
1150 4047 1249 4084 women

183 4093 236 4147 ¹A.
254 4098 324 4148 m.9
348 4095 380 4154 d;
409 4095 439 4145 B.
458 4111 494 4145 m.
515 4098 539 4148 7.
574 4095 607 4145 In
628 4094 674 4145 ihs
724 4095 803 4145 elsim
819 4096 904 4146 dower
920 4097 965 4146 she
987 4097 1106 4149 succeeds
1123 4097 1181 4148 who
1197 4113 1249 4148 wss

158 4160 288 4210 note-book
309 4161 365 4210 this
382 4175 441 4210 csse
458 4160 482 4209 is
497 4159 620 4222 preceded
641 4161 675 4224 by
725 4160 808 4210 seised
829 4163 856 4211 ol
874 4161 919 4212 the
934 4161 1054 4212 husband
1076 4167 1104 4214 st
1120 4163 1165 4214 the
1187 4163 1251 4213 lime

156 4238 187 4272 sn
201 4239 309 4275 ersmre.
345 4225 492 4288 Seemingly
506 4225 577 4275 there
591 4239 675 4275 wsss
725 4226 755 4275 ol
768 4225 810 4274 his
827 4225 914 4276 death.
950 4227 1004 4277 The
1019 4227 1148 4278 intrusion
1162 4229 1190 4278 of
1205 4228 1251 4279 the

156 4287 260 4352 hesding
281 4289 367 4340 which
389 4289 543 4340 announced
566 4289 610 4339 the
633 4290 675 4338 be·
727 4290 819 4340 notion
833 4292 860 4340 ol
875 4292 1023 4354 possession
1037 4291 1252 4355 intolhesphere

158 4352 256 4416 ginning
266 4355 295 4404 of
304 4371 320 4405 s
330 4369 387 4405 new
396 4359 474 4413 term3
492 4353 603 4406 thishss
611 4354 676 4405 been
727 4355 756 4404 ol
769 4355 895 4419 msrrisge
906 4356 930 4406 is
941 4371 1000 4420 very
1012 4357 1124 4420 curicus,
1138 4357 1184 4408 bul
1195 4359 1251 4408 well

158 4419 482 4535 νεὲγεεέαὲὲωξοτῖεὲῧθ
526 4483 566 4534 Th
626 4485 676 4535 M
727 4420 849 4471 attested.

292 4499 337 4535 tsc
364 4500 422 4546 n,.
482 4521 489 4536 .
566 4499 626 4535 eno
