3276 5234
339 413 403 476 260
634 421 776 482 murier,
798 420 861 469 nn.
888 411 982 482 1229,
1005 419 1067 468 nu„
1093 405 1141 467 13.

338 596 454 660 timem
476 614 654 679 personam,
676 591 798 656 scilicet
821 588 1003 676 predictum
1026 585 1207 654 Gelfridum
1231 585 1287 670 qui
1309 605 1445 669 persone

338 699 402 764 iuit
431 698 466 762 in
495 705 614 762 terrem
643 695 833 761 Jerosolime
863 693 996 757 ultimo¹
1026 691 1116 770 obiit,
1138 691 1178 756 de
1201 689 1323 754 uicen'e
1343 687 1444 752 nichil

340 802 456 868 sciunt.

406 906 653 972 Consideretum
666 913 716 968 est
731 904 818 990 quod
833 903 953 968 Basilia
967 901 1172 988 recuperauit
1187 900 1336 964 seisinam
1351 920 1444 962 suum

340 1021 375 1078 et
404 1013 524 1076 habeat
552 1011 652 1076 breue
681 1009 723 1074 ed
753 1010 893 1073 electum
923 1005 1009 1093 quod
1035 1006 1077 1070 nd
1106 1004 1387 1092 presentationem,
1410 1011 1445 1066 et

342 1116 503 1182 Gerardus
518 1115 716 1181 Bermicoste
732 1114 804 1179 etc.²
824 1113 829 1200 Ι

250 1475 266 1514 r.
342 1438 534 1505 PLACI'IA
550 1438 610 1502 DE
631 1437 838 1502 TERMINO
861 1435 892 1501 S.
908 1434 1131 1498 HYLLARII
1151 1433 1282 1498 ANNO
1301 1431 1445 1498 REGNI

447 1541 642 1608 HENRIOI
665 1541 776 1606 FILII
800 1540 934 1605 REGIS
956 1539 1192 1604 JOHANNIS
1214 1535 1346 1603 an⁰⁸.

405 1761 522 1848 ‘Hugo
543 1760 646 1824 Reuel
667 1758 865 1823 attechiatus
886 1757 949 1820 fuit
969 1755 1011 1820 ed
1031 1754 1290 1842 respondendum
1309 1754 1446 1841 Hugoni

343 1865 426 1931 Coeo
449 1874 483 1930 et
505 1865 629 1950 Agneti
651 1863 743 1927 uxori
765 1862 835 1926 eius
858 1869 892 1925 et
914 1861 1019 1925 Alicie
1043 1860 1142 1925 sorori
1171 1859 1273 1946 ipsius
1299 1861 1446 1947 Agnetis,

341 1991 441 2054 quere
470 1991 535 2032 nou
560 1975 652 2030 tenet
677 1965 724 2030 eis
750 1965 849 2028 finem
873 1965 996 2028 fectum
1021 1963 1056 2028 in
1080 1963 1169 2028 curie
1191 1963 1326 2028 Henrici
1348 1963 1448 2049 Regis

340 2071 397 2136 eui
425 2071 511 2134 inter
539 2069 719 2133 Robertum
750 2067 853 2132 Reuel
888 2075 1015 2152 petrem
1044 2067 1146 2151 ipsius
1175 2067 1326 2152 Hugonis
1355 2067 1447 2131 cuius

341 2173 434 2239 heres
463 2173 532 2258 ipse
562 2180 620 2248 est,
643 2179 677 2235 et
699 2170 902 2234 Willelmum
924 2169 1029 2234 filium
1054 2170 1204 2255 Hugouis
1226 2179 1353 2256 petrem
1375 2193 1446 2256 pre-

342 2276 501 2341 dictarum
514 2274 653 2361 Agnetis
668 2281 702 2336 et
717 2272 831 2350 Alicie,
846 2272 939 2336 cuius
953 2271 1088 2335 heredes
1103 2273 1171 2358 ipse
1187 2282 1264 2336 sunt
1280 2281 1447 2338 tenentem

342 2379 383 2444 de
406 2379 511 2444 tribus
531 2378 647 2464 uirget.
663 2383 697 2440 et
718 2399 767 2439 xx.
783 2397 845 2439 eor.
862 2383 946 2439 terre
967 2383 1002 2438 et
1017 2374 1082 2459 viij.
1099 2397 1161 2439 ecr.
1176 2375 1262 2460 preti
1277 2398 1351 2440 cum
1366 2385 1447 2461 pert.

342 2483 377 2547 in
393 2483 532 2547 Pokeste
548 2490 581 2545 et
602 2481 636 2544 in
653 2479 867 2565 Oouesgreue,
882 2477 969 2542 unde
987 2477 1213 2564 cirographum
1228 2487 1297 2555 etc,
1313 2489 1347 2543 et
1362 2479 1449 2544 unde

342 2586 428 2652 idem
441 2586 540 2671 Hugo
551 2584 662 2670 Agnes
677 2591 710 2646 et
722 2581 828 2646 Alicio
842 2589 1024 2666 queruntur
1035 2580 1121 2665 quod
1135 2579 1223 2645 idem
1235 2581 1334 2668 Hugo
1344 2582 1448 2647 Reuel

341 2699 453 2755 contre
476 2689 574 2752 finem
599 2687 693 2751 illum
715 2685 889 2749 essnrteuit
911 2685 1043 2748 boscum
1058 2684 1227 2770 quendem
1250 2685 1285 2749 in
1308 2709 1371 2772 quo
1392 2685 1449 2750 de·

342 2792 458 2856 berent
473 2791 592 2854 hebere
608 2789 746 2853 husbote
762 2795 796 2852 et
811 2787 958 2872 heybote.
1036 2813 1039 2820 ·

409 2896 453 2960 Et
465 2895 564 2982 Hugo
579 2893 683 2958 Reuel
697 2893 791 2956 uenit
806 2901 840 2956 et
855 2892 1018 2979 cognoscit
1032 2892 1130 2957 finem
1146 2893 1238 2958 illum
1254 2901 1288 2958 et
1303 2894 1450 2959 concedit

343 2999 481 3064 husbote
510 3007 545 3062 et
571 2997 711 3083 haybote
738 2996 914 3061 secundum
947 2989 1138 3084 proportum⁴
1165 3021 1260 3063 suum
1291 3010 1450 3086 quantum

342 3103 457 3168 boscus
471 3102 526 3166 ille
541 3099 719 3177 domuerit,
734 3107 794 3163 etc.
969 3105 978 3112 '

408 3207 569 3292 “Rogems
599 3204 639 3268 de
670 3203 886 3269 Cestrefordia
919 3203 1039 3289 optulit
1069 3227 1102 3268 se
1137 3205 1217 3290 fiijr.
1247 3205 1300 3270 die
1337 3229 1450 3271 uersus

248 3325 283 3354 ¹¹·
343 3309 482 3374 Aliciem
497 3308 538 3373 de
560 3289 755 3370 Heriestone.
774 3313 809 3369 et
824 3305 1025 3370 Willelmum
1040 3305 1144 3372 filium
1160 3329 1256 3371 suum
1276 3307 1317 3372 de
1332 3309 1451 3394 placito

343 3537 417 3580 cum
433 3521 514 3599 pert.
537 3513 571 3578 in
596 3511 788 3576 Tudenhem
810 3519 845 3575 et
867 3511 902 3574 in
924 3511 1081 3576 Tostoke⁸
1094 3511 1174 3576 dum
1196 3511 1283 3576 idem
1305 3513 1452 3600 Rogerus

344 3618 407 3682 fuit
429 3617 464 3682 iu
486 3617 615 3703 prisone
634 3617 727 3680 Dom.
744 3616 844 3702 Regis
864 3625 946 3702 aput
967 3615 1166 3682 Londoniam
1187 3617 1226 3683 de
1243 3641 1306 3705 quo
1320 3619 1450 3685 redditu

376 3791 385 3822 ¹
402 3792 445 3839 chi
457 3791 504 3838 not
515 3791 610 3850 ultinw,
624 3789 655 3840 A.
922 3792 980 3836 true
998 3802 1107 3850 persono
1130 3787 1231 3850 though
1248 3787 1337 3838 bound
1355 3791 1382 3838 to
1398 3804 1452 3852 pay

375 3856 427 3904 'et
439 3857 528 3904 habeat
541 3856 613 3903 breue
628 3857 662 3904 ad
673 3856 788 3903 Electum
805 3857 871 3916 quod
923 3867 994 3902 some
1006 3853 1104 3902 sunuel
1109 3855 1196 3915 pensio
1205 3857 1233 3904 to
1240 3853 1285 3903 the
1296 3859 1451 3918 monastery.

343 3923 379 3971 od
391 3921 603 3984 presentationem
625 3927 671 3968 etc.
694 3928 718 3968 et
743 3921 871 3968 Gerardeu
924 3918 1039 3968 Theseis
1055 3917 1216 3967 noeeeizeif
1231 3919 1301 3969 whet
1316 3919 1339 3968 is
1355 3925 1451 3970 vacent

342 3986 512 4047 Bruneoetej.
532 3987 712 4044 recopnirorum
729 3987 757 4032 in
775 3987 871 4033 miseri·
923 3983 946 4032 is
963 3983 1059 4046 merely
1081 3982 1126 4032 the
1143 3983 1269 4046 vicerege.
1303 3985 1350 4035 See
1368 3985 1413 4034 Br.
1431 3986 1451 4035 f.

343 4053 430 4102 cordio
450 4065 498 4114 pro
519 4051 624 4113 defalta.
652 4051 823 4099 misericordie
844 4052 868 4112 j.
922 4050 969 4096 241
982 4048 1007 4097 b.

343 4131 438 4166 nterea.
466 4116 496 4176 Δ,
509 4115 540 4164 Β.
573 4113 872 4176 Theeppropristionto
955 4113 1037 4162 'The
1045 4112 1095 4162 roll
1103 4113 1348 4164 referredtoeshis
1358 4115 1452 4166 Corum

342 4179 511 4230 monesteries
518 4179 547 4229 os
556 4179 645 4242 perish
653 4178 778 4228 churohee
788 4194 871 4228 seems
922 4177 990 4241 Rege
1001 4178 1061 4226 Roll
1071 4178 1120 4226 No.
1133 4179 1173 4230 84.

342 4243 873 4306 tohevegivenrisetoegreetdeelof
953 4241 1125 4295 ‘mmet

342 4310 483 4372 litigsuon.
531 4309 557 4358 It
579 4309 602 4358 is
624 4308 695 4358 often
718 4323 734 4358 a
761 4307 870 4359 difficolt
953 4308 1010 4357 Η.
1022 4323 1058 4357 m.
1070 4310 1093 4360 4.

343 4375 463 4440 question
474 4373 589 4423 whether
600 4389 616 4423 e
631 4373 728 4423 oertein
744 4388 807 4422 men
818 4389 869 4423 was
951 4374 963 4406 ⁰
980 4375 1117 4436 Tojtetoke,
1130 4374 1160 4424 Δ.

342 4442 386 4492 the
397 4455 466 4490 mere
477 4442 588 4490 vicanus
604 4440 631 4489 ot
647 4438 692 4488 the
707 4439 801 4489 monks
813 4453 869 4489 ore
