3276 5234
358 459 422 522 222
534 453 674 539 [nazary
696 451 763 518 22
784 451 909 530 auor,
931 466 1005 518 22.
1021 454 1115 529 2222,
1136 467 1201 518 ss.
1225 453 1289 538 22]

189 655 326 754 {impp
355 640 539 728 predictum
555 641 713 705 Thomam
728 640 833 704 filium
855 639 927 705 Ade
949 640 1114 714 delibero
1136 649 1325 706 tenemento
1347 663 1404 705 suo
1426 641 1462 705 in

190 753 326 848 ffffssnwdd
355 743 601 808 Aldredestuna
648 745 692 808 Et
707 743 798 808 Prior
812 744 906 808 uenit
920 766 1026 808 coram
1041 744 1088 808 eis
1103 751 1138 808 et
1152 745 1327 830 requisitus
1341 744 1368 808 si
1382 743 1463 830 quid

189 811 298 942 1ιῇξῆξῇ
355 846 460 911 dicere
475 847 576 911 uellet
597 853 709 910 222122
727 845 869 923 assisam,
884 845 1013 910 dicebat
1033 845 1119 932 quod
1141 847 1241 911 assisa
1261 868 1326 910 non
1347 845 1464 910 debuit

188 941 306 1026 233¹&
354 948 430 1014 inde
445 947 523 1024 fieri,
544 947 622 1034 quia
640 947 728 1012 idem
748 955 972 1012 tenementum
993 949 1058 1012 fuit
1078 949 1291 1035 uillenagium
1308 971 1412 1025 suum,
1426 954 1464 1012 21

188 1034 319 1120 ffitih
354 1052 441 1116 idem
456 1051 596 1116 Thomas
612 1051 753 1116 nillanus
767 1073 845 1116 suus
863 1059 897 1115 21
919 1051 1034 1116 debuit
1054 1052 1192 1117 uillanas
1214 1051 1463 1116 consuetudines

190 1133 223 1168 tar
232 1133 252 1167 ct
260 1129 312 1166 bena

189 1173 337 1271 ffigffet
354 1157 438 1222 sicut
453 1181 563 1222 omnes
578 1158 634 1222 alii
648 1157 787 1242 predicti
801 1158 945 1236 manerii,
959 1158 1044 1223 sicut
1059 1181 1186 1224 2222222
1200 1167 1234 1223 21
1249 1181 1414 1236 messuras,
1426 1167 1463 1223 et

190 1285 306 1372 22332222
353 1261 453 1326 filiam
468 1285 561 1326 suam
575 1261 726 1326 maritare
741 1284 806 1326 non
820 1262 929 1348 potuit
944 1261 1028 1326 siout
1043 1261 1139 1326 homo
1154 1263 1242 1327 liber.

189 1335 333 1463 thaath*
420 1367 463 1430 Et
478 1366 617 1429 Thomas
632 1364 784 1450 cognouit
799 1364 884 1450 quod
899 1363 1015 1428 debuit
1034 1364 1190 1450 quasdam
1211 1365 1462 1430 consuetudines

189 1435 342 1567 ffifffggss
354 1465 395 1531 aa
410 1466 518 1530 eibum
533 1465 635 1550 ipsius
650 1465 767 1528 2222
782 1473 817 1528 es
837 1466 923 1550 quod
942 1465 1057 1529 desua
1077 1465 1108 1528 2
1123 1488 1226 1528 unum
1241 1465 1404 1529 reustum
1426 1473 1463 1528 et

189 1567 306 1670 ssffi‘
354 1577 478 1634 certum
493 1569 592 1634 finem
613 1569 756 1654 profilia
775 1591 835 1632 sua
854 1577 888 1633 21
911 1569 996 1632 dixit
1015 1568 1101 1654 quod
1123 1568 1187 1632 fuit
1209 1568 1291 1632 liber
1312 1568 1464 1632 homost

187 1677 329 1762 ξζξξῃζᾞθ*
354 1674 454 1738 libere
470 1674 577 1738 tenuit
593 1673 633 1738 de
648 1674 716 1758 ipso
732 1673 840 1737 Priore
856 1681 890 1737 et
911 1673 986 1736 inde
1007 1673 1116 1758 posuit
1136 1695 1171 1736 se
1194 1695 1292 1757 super
1311 1671 1462 1738 iuratam.

189 1769 314 1864 ffi‘ffi„
357 1777 401 1842 Et
415 1801 512 1863 super
526 1778 585 1842 hoc
600 1785 696 1862 capta
709 1777 773 1840 fuit
788 1777 895 1841 iurata
909 1785 943 1841 et
958 1776 1114 1840 iuratores
1128 1777 1281 1841 dicebant
1297 1778 1384 1862 quod
1398 1777 1463 1862 ipsi

188 1873 230 1949 iii
237 1863 307 1956 itit
353 1883 596 1948 dimeisiuerunt
612 1904 687 1945 eum
702 1881 742 1945 de
758 1881 859 1945 libero
874 1891 1061 1946 tenemento
1073 1904 1130 1946 222
1146 1889 1268 1966 etpost
1283 1882 1461 1946 terminum

187 1956 307 2051 iiii‘fflii
354 1996 388 2051 et
402 1987 580 2070 dampnum
596 1992 744 2048 taxatum
760 1984 823 2048 fuit
838 1992 873 2048 et
888 1984 1074 2048 estimatum
1091 1983 1133 2048 ad
1148 1983 1228 2048 duas
1243 2007 1373 2050 marcas.

416 2091 459 2154 Et
475 2090 565 2154 Prior
579 2088 658 2152 dicit
673 2087 759 2173 quod
774 2087 807 2152 in
823 2095 915 2173 parte
929 2088 1013 2152 bene
1027 2088 1237 2153 recordantur
1252 2097 1302 2154 set
1318 2089 1351 2154 in
1367 2098 1462 2176 parte

351 2218 466 2282 parum
481 2193 594 2258 dicunt
615 2191 692 2277 quia
711 2191 868 2256 iuratores
886 2191 1039 2256 dixerunt
1061 2193 1148 2278 quod
1169 2192 1285 2257 debuit
1306 2193 1382 2258 dare
1405 2195 1462 2281 xij.

350 2300 421 2364 den
438 2320 495 2384 pro
509 2296 577 2361 filia
591 2317 650 2360 sua
665 2293 854 2368 maritanda,
868 2303 903 2358 21
918 2294 1033 2359 debuit
1053 2296 1162 2380 plures
1185 2295 1266 2360 alias
1288 2306 1462 2362 consuetu·

352 2403 443 2466 dines
459 2410 492 2464 et
507 2397 690 2485 petierunt¹
704 2405 887 2482 respectum
906 2405 945 2461 ut
964 2419 1130 2462 assensum
1153 2397 1272 2463 habere
1294 2409 1425 2484 possent
1439 2423 1463 2465 a

352 2504 481 2569 domino
512 2501 653 2565 Roberto
682 2499 723 2564 de
753 2499 936 2564 Lexintona
963 2508 1076 2564 utrum
1105 2500 1166 2565 hoc
1203 2509 1289 2566 esset
1319 2502 1460 2566 liberum

352 2613 576 2672 tenementum
592 2626 632 2666 ex
651 2625 715 2688 222
734 2601 842 2666 221221
864 2601 942 2686 quid
957 2602 1072 2667 debuit
1087 2604 1232 2670 12222221
1247 2603 1326 2690 quid
1339 2627 1404 2670 non
1423 2613 1462 2669 et

353 2709 478 2774 nullum
494 2713 676 2791 respectum
692 2705 811 2770 habere
826 2712 1011 2790 potuerunt.

417 2813 462 2875 Et
497 2807 667 2874 iusticiarii
703 2808 763 2872 hoc
800 2815 908 2872 totum
937 2807 1126 2886 defendunt,
1155 2817 1189 2873 et
1226 2809 1341 2874 dicunt
1371 2810 1462 2896 quod

352 2919 509 2982 iuratores
520 2913 621 2978 nichil
630 2913 782 2977 dixerunt
793 2912 833 2976 de
845 2913 909 2976 illis
921 2911 968 2998 ij.⁸
979 2913 1050 2979 den
1081 2913 1124 2977 Et
1135 2913 1208 2978 ideo
1219 2914 1460 2980 consideratum

353 3029 402 3084 est
423 3017 509 3104 quod
530 3015 700 3081 iustician'i
718 3013 723 3101 Ι
743 3015 867 3078 iustum
887 3015 1033 3078 fecerunt
1055 3015 1211 3080 iudicium
1234 3025 1268 3081 et
1289 3017 1362 3082 ideo
1381 3018 1461 3084 inde

353 3124 456 3210 quieti
471 3131 505 3187 et
521 3121 611 3186 Prior
624 3121 659 3184 in
674 3119 890 3184 misericordia
905 3127 939 3183 et
950 3119 1116 3204 perquirat
1127 3141 1161 3184 se
1173 3141 1286 3184 uersus
1301 3121 1460 3186 Thomam

352 3230 380 3293 si
395 3227 543 3292 uoluerit.
1305 3299 1307 3302 Ι

416 3329 528 3394 Α22122
550 3326 642 3391 22211
666 3325 870 3412 recognitura
895 3324 923 3389 21
945 3323 1112 3389 «iohannes
1136 3325 1176 3390 de
1201 3324 1343 3412 Oertesey
1364 3336 1462 3412 pater

287 3468 293 3481 ·
352 3432 486 3498 Henrici
501 3431 558 3517 221
572 3431 656 3495 infra
670 3439 792 3494 etatem
807 3437 857 3494 221
872 3429 935 3493 fuit
950 3429 1079 3494 saisitus
1098 3429 1134 3494 in
1155 3429 1315 3496 dominico
1338 3454 1395 3496 suo
1417 3441 1460 3497 ut

352 3539 392 3603 de
407 3537 500 3602 feodo
514 3537 555 3600 de
570 3558 636 3600 una
655 3557 755 3599 22222
778 3543 861 3598 terre
885 3557 959 3598 cum
983 3541 1064 3619 pert.
1090 3533 1124 3598 in
1145 3534 1300 3621 Cretesey
1319 3535 1372 3600 die
1393 3544 1459 3602 etc.

352 3667 450 3731 quam
465 3653 583 3707 terram
594 3641 706 3705 Abbas
717 3640 757 3704 de
772 3639 907 3724 Certesy
916 3647 1008 3704 tenet
1017 3638 1074 3724 qui
1085 3639 1178 3703 uenit
1187 3663 1245 3725 per
1255 3649 1460 3706 attomatum

352 3771 447 3814 suum
468 3745 575 3811 uenit‘
596 3754 631 3808 et
653 3744 732 3808 dicit
754 3742 840 3828 quod
862 3742 961 3806 assisa
982 3765 1047 3806 non
1069 3742 1168 3808 debet
1189 3742 1265 3808 inde
1288 3745 1358 3808 fieri
1379 3745 1462 3830 2212

384 3977 466 4026 ¹The
494 3976 546 4025 last
573 3975 658 4024 212222
682 3975 711 4023 of
735 3974 788 4023 this
815 3978 876 4024 nota
927 3973 1035 4036 opinion
1046 3973 1075 4023 of
1089 3973 1185 4024 Robert
1199 3973 1413 4036 [exingtonmne
1427 3977 1464 4026 oi

353 4059 435 4093 seems
446 4046 474 4091 to
485 4041 550 4090 bava
562 4041 625 4090 been
634 4040 735 4089 written
747 4043 774 4089 at
786 4039 876 4088 slater
927 4039 972 4088 the
983 4040 1085 4100 regular
1094 4039 1193 4101 jndges,
1203 4039 1287 4100 might
1299 4040 1329 4089 be
1338 4040 1415 4088 121222
1424 4055 1460 4091 as

352 4109 415 4159 time
427 4107 491 4157 than
502 4106 546 4156 the
557 4110 618 4155 rest.
650 4105 723 4155 Bri.
742 4107 798 4164 200,
812 4103 875 4153 cites
926 4107 953 4153 to
979 4104 1093 4153 whether
1117 4103 1170 4153 this
1192 4119 1244 4153 was
1266 4104 1388 4163 sreehold,
1411 4105 1462 4158 the

352 4175 397 4223 the
410 4188 468 4222 caso
479 4187 508 4221 22
520 4172 587 4221 from
597 4171 690 4220 Eastcr
701 4185 725 4219 a.
737 4185 757 4218 r.
772 4171 811 4218 12.
844 4170 875 4218 de
927 4169 1037 4218 services
1067 4168 1144 4231 being
1177 4169 1253 4218 fixed.
1309 4169 1460 4232 Lexington

355 4240 485 4289 Wilhelmo
497 4239 527 4286 de
539 4240 673 4300 Biasopest.
927 4233 1020 4283 visited
1035 4233 1234 4284 Warwiokshire
1251 4233 1279 4284 in
1295 4234 1339 4285 the
1354 4251 1412 4299 cyre
1428 4239 1463 4288 of

385 4305 395 4336 ²
412 4303 467 4352 The
484 4302 558 4350 Prior
575 4315 635 4364 says
651 4300 711 4349 that
721 4299 766 4349 the
781 4299 874 4362 jurare,
928 4300 1001 4348 1226.

353 4385 382 4418 22
396 4369 507 4430 perhaps
518 4367 562 4416 the
574 4365 734 4422 defendente.
747 4365 774 4413 of
791 4363 875 4412 whom
958 4363 969 4396 ³
987 4364 1058 4412 Corr.
1070 4366 1116 4424 cij.
1131 4364 1161 4428 (?)

352 4435 386 4482 ha
403 4449 456 4483 was
475 4447 532 4491 one,
557 4431 656 4480 desired
673 4430 733 4480 that
752 4429 796 4479 the
818 4444 876 4479 oasa
959 4428 1045 4478 ⁴0m.
1057 4433 1137 4480 acuit.

353 4499 436 4561 might
453 4498 483 4548 be
499 4496 609 4560 respited
622 4495 650 4545 in
669 4496 744 4546 order
757 4495 815 4544 that
830 4493 875 4544 the
