3196 5226
443 435 589 494 12111111,
613 435 677 484 nn.
702 422 878 498 1222111.
903 426 929 486 6.
1172 427 1233 496 173

137 608 214 666 tona
232 611 416 668 2222122222
433 601 439 689 Ι
459 603 594 688 predicti
610 603 751 669 Simonis
765 625 823 689 per
837 603 936 669 breue
953 605 1052 693 Regis
1066 609 1187 694 optulit
1201 631 1235 675 22

137 729 247 772 uersus
261 730 335 772 eam
348 715 380 773 et
390 707 487 772 datus
502 708 565 772 fuit
580 707 686 773 eidem
701 708 838 772 Isabelle
853 708 922 773 dies
937 731 994 796 per
1008 713 1235 780 essoniatorem

134 830 228 873 suum
250 809 292 874 ad
315 810 496 896 proximum
519 811 709 874 comitatum
729 810 771 874 ad
791 833 886 896 quem
903 813 1094 878 comitatum
1110 816 1236 882 1221222

133 911 308 976 essoniare¹
324 912 364 978 de
379 913 464 976 malo
480 911 556 976 lecti
570 912 619 976 ita
633 911 718 998 quod
733 912 906 978 comitatus
920 915 1136 981 considerauit
1151 920 1236 1006 quod

132 1022 269 1098 quatuor
282 1015 407 1080 milites
425 1015 601 1078 mittantur
621 1014 663 1078 ad
685 1036 757 1078 eam
780 1014 821 1079 ad
844 1015 1022 1081 uidendum
1046 1019 1234 1106 languorem

132 1123 189 1181 etc
235 1117 281 1180 Et
304 1117 427 1182 milites
448 1117 497 1180 illi
519 1115 686 1182 uenerunt
701 1125 814 1202 postea
833 1118 874 1182 ad
892 1119 1082 1186 comitatum
1098 1130 1132 1186 ot
1146 1122 1234 1188 dixs-

131 1225 205 1282 runt
220 1219 310 1305 quod
326 1219 481 1306 languida
494 1219 559 1282 fuit
573 1227 608 1283 et
623 1218 708 1304 quod
723 1219 883 1284 dederunt
894 1220 925 1284 ci
936 1221 1022 1286 diem
1038 1223 1079 1287 ad
1094 1232 1233 1290 castrum

130 1323 252 1387 Oxonie
268 1323 358 1409 quod
374 1333 453 1388 tunc
470 1331 555 1387 esset
574 1322 622 1387 ibi
643 1331 702 1387 222
748 1323 825 1387 Post
846 1345 967 1388 annum
990 1347 1067 1390 uero
1089 1327 1234 1412 elapsum

130 1425 219 1489 uenit
242 1427 317 1512 ipsa
340 1427 383 1490 ad
407 1448 510 1489 unum
533 1424 723 1488 comitatum
746 1433 781 1489 22
806 1425 926 1510 optulit
952 1447 986 1492 22
1012 1435 1046 1492 22
1071 1429 1234 1514 predictus

130 1526 286 1592 Ricardus
308 1533 495 1591 attornatus
517 1525 658 1591 Simonis
679 1525 800 1610 optulit
822 1547 856 1590 se
879 1535 913 1590 ct
935 1549 1009 1591 cum
1029 1529 1135 1594 multa
1148 1531 1234 1596 inter

130 1653 179 1694 eos
193 1640 306 1696 essent
322 1631 425 1695 uerba
439 1629 571 1694 tandem
586 1629 656 1716 ipsa
671 1629 835 1715 respondit
850 1631 936 1716 quod
947 1631 978 1696 ei
989 1631 1029 1696 de
1044 1633 1163 1718 placito
1177 1634 1233 1700 illo

129 1736 320 1820 respondere
348 1757 413 1800 uon
442 1735 557 1800 debuit
586 1735 663 1819 quia
692 1734 805 1798 Simon
831 1734 871 1798 de
897 1735 1116 1802 Berchestona
1140 1737 1233 1802 cuius
1301 1731 1303 1738 ⁴

128 1845 312 1902 attomatus
328 1839 399 1923 1222
414 1837 477 1902 1212
497 1837 578 1902 obiit
598 1845 633 1902 et
653 1859 710 1923 per
731 1837 791 1902 1122
813 1838 968 1904 remansit
989 1839 1116 1924 loquela
1137 1863 1233 1927 super

128 1941 283 2006 iudicium
301 1943 339 2006 111
353 1942 510 2006 comitatu
524 1941 573 2006 ita
587 1941 672 2027 quod
692 1935 858 2026 nunquam
878 1941 1002 2028 aliquid
1023 1942 1099 2008 inde
1121 1953 1233 2028 postea

129 2045 246 2110 factum
258 2046 330 2111 fuit
340 2067 400 2110 nec
410 2067 468 2131 per
478 2044 634 2110 iudicium
646 2046 810 2112 2212122222
825 2046 1028 2132 recuperauit
1039 2046 1108 2132 ipse
1120 2048 1232 2114 Simon

128 2149 277 2214 saisinam
295 2171 399 2214 suam.

189 2254 234 2318 Et
248 2254 409 2318 11222222
423 2253 464 2318 (12
479 2254 622 2339 Beytorp
636 2262 671 2318 et
685 2253 868 2318 Willelmus
885 2253 971 2318 filius
987 2255 1057 2319 Elis
1072 2255 1129 2341 qui
1143 2256 1232 2342 prius

128 2354 212 2419 missi
227 2356 368 2420 fixerunt
377 2377 435 2441 pro
446 2355 602 2420 comitatu
614 2355 727 2420 dicunt
739 2355 824 2441 quod
835 2356 897 2440 ipsi
908 2357 1029 2422 milites
1040 2358 1160 2422 iniuste
1173 2359 1232 2424 hoc

128 2459 340 2524 recordantur
353 2457 430 2543 quia
443 2457 498 2522 ille
515 2457 626 2522 Simon
641 2459 698 2543 qui
712 2458 794 2524 obiit
814 2480 980 2544 nunquam
1001 2460 1090 2524 uisus
1115 2461 1177 2524 fuit
1197 2462 1231 2526 12

128 2562 296 2638 comitatu,
308 2569 359 2626 set
371 2561 483 2626 Simon
494 2561 580 2625 filius
591 2583 668 2625 suus
679 2569 799 2626 terram
814 2561 904 2626 illam
919 2562 1018 2647 peciit
1029 2563 1063 2626 in
1074 2563 1230 2628 comitatu

129 2689 182 2751 per
199 2667 390 2754 predictum
411 2665 584 2730 Ricardum
604 2674 806 2730 attornatum
825 2688 921 2730 suum
942 2675 977 2730 22
997 2689 1109 2732 221222
1123 2668 1230 2753 1222111

130 2769 297 2834 Simonem
313 2768 410 2832 datus
425 2767 488 2832 fuit
503 2767 608 2832 eidem
623 2768 761 2832 Isabelle
776 2768 918 2854 languor,
930 2769 978 2834 ita
993 2771 1078 2856 quod
1093 2779 1232 2857 quatuor

130 2873 246 2938 milites
259 2881 326 2938 etc.
337 2871 498 2936 dederunt
512 2872 543 2936 21
558 2880 618 2937 etc.
631 2872 770 2958 quadam
783 2873 834 2938 die
846 2874 979 2939 Veneris
990 2875 1077 2960 apud
1089 2885 1230 2940 castmm

129 2978 250 3043 Oxonie
267 2985 344 3062 post
359 2976 485 3062 lapsum
500 2976 585 3054 anni,
600 2975 641 3042 ad
656 2999 753 3062 quem
768 2977 855 3042 diem
870 2977 939 3064 ipse
955 2978 1067 3044 Simon
1082 2981 1175 3044 uenit
1188 2979 1230 3045 ad

129 3090 268 3146 castrum
285 3088 322 3144 22
336 3079 383 3144 ibi
398 3101 520 3144 moram
534 3079 612 3144 12212
626 3087 697 3144 tota
711 3079 763 3144 die
778 3102 799 3145 a
813 3101 908 3144 mane
924 3103 1025 3166 usque
1040 3082 1082 3146 ad
1101 3090 1229 3148 noctem

129 3193 160 3248 et
173 3185 245 3270 ipsa
260 3207 328 3250 non
344 3185 437 3248 uenit
451 3183 494 3248 ad
507 3183 594 3248 diem
608 3183 710 3261 illum,
719 3183 768 3248 ita
776 3185 861 3269 quod
872 3193 985 3270 postea
995 3185 1037 3250 ad
1048 3187 1229 3272 proximum

128 3287 320 3352 comitatum
339 3286 432 3352 uenit
454 3287 525 3373 ipsa
542 3295 577 3351 22
596 3287 716 3372 optulit
738 3310 772 3352 se
792 3297 827 3352 22
849 3287 961 3353 Simon
981 3289 1074 3354 uenit
1091 3298 1125 3354 22
1146 3290 1230 3356 dixit

129 3390 211 3476 quod
226 3392 304 3476 ipsa
318 3391 438 3455 1222122
452 3389 606 3454 defaltum
627 3413 665 3454 eo
680 3389 765 3476 quod
786 3413 850 3454 non
865 3401 1051 3458 seruauerat
1066 3393 1152 3458 diem
1168 3394 1230 3460 sibi

128 3493 244 3559 datum
265 3493 355 3580 apud
376 3501 517 3558 castrum
539 3501 573 3556 22
595 3493 741 3578 quesitus
762 3501 873 3558 utrum
894 3495 995 3559 uellet
1014 3503 1125 3560 tenere
1140 3519 1174 3561 22
1188 3497 1230 3562 ad

130 3596 285 3662 defaltam
298 3595 352 3660 uel
364 3595 405 3660 ad
417 3596 554 3681 capitale
566 3595 732 3681 placitum,
741 3595 906 3681 respondit
920 3598 1006 3682 quod
1020 3598 1062 3662 ad
1076 3599 1229 3665 defaltum

131 3701 204 3784 quia
218 3707 337 3785 aperta
351 3699 413 3764 fuit
428 3699 549 3764 defalta
563 3708 601 3764 ut
617 3699 649 3764 ei
658 3699 839 3766 uidebatur.
877 3701 920 3766 Et
935 3702 1108 3768 comitatus
1123 3705 1230 3790 posuit

130 3804 286 3870 iudicium
312 3805 348 3869 in
372 3813 554 3889 respectum
580 3827 682 3890 usque
708 3805 750 3869 ad
776 3805 956 3891 proximum
981 3809 1171 3874 comitatum
1196 3819 1230 3874 et

130 3915 206 3973 tunc
223 3915 386 3972 uenerunt
401 3907 471 3992 ipsa
486 3907 625 3972 Isabella
640 3915 673 3972 et
689 3907 802 3972 Simon
822 3917 856 3972 et
875 3909 1043 3994 pecierunt
1063 3911 1229 3977 recordum

130 4021 163 4074 et
183 4010 343 4076 iudicium
367 4032 470 4086 suum,
493 4019 527 4074 22
553 4009 630 4095 quia
658 4010 831 4075 comitatus
860 4012 966 4076 uoluit
995 4014 1160 4079 cerciorari
1188 4015 1229 4080 de

130 4113 250 4179 defalta
272 4114 331 4178 illa
353 4113 382 4178 si
406 4135 468 4199 que
497 4123 590 4190 esset,
614 4115 772 4180 miseruut
798 4125 929 4201 propter
957 4117 1229 4186 constabularium

131 4217 224 4282 castri
238 4227 278 4282 ut
292 4239 352 4303 221
366 4240 441 4283 22111
456 4217 537 4283 22121
551 4227 658 4283 2222112
667 4227 702 4283 22
713 4219 967 4286 constabularius
982 4221 1074 4287 uenit
1085 4221 1119 4288 in
1134 4223 1230 4309 pleno

131 4319 285 4386 comitatu
301 4328 336 4385 et
351 4320 504 4406 cognouit
519 4320 604 4406 quod
620 4343 732 4386 reuera
746 4321 832 4386 idem
849 4321 960 4387 Simon
1048 4325 1058 4356 ¹
1159 4348 1230 4411 pre-

324 4454 333 4486 ¹
352 4453 401 4504 Sic.
626 4456 636 4486 ²
652 4457 674 4504 Δ
686 4470 760 4518 space
771 4455 794 4506 is
805 4456 864 4516 1212;
881 4455 902 4504 Β
914 4455 962 4506 has
974 4465 1036 4507 2212.
