3212 5230
426 453 583 514 rnmrrr,
605 453 669 502 an.
693 440 785 514 1230,
807 451 871 502 an.
898 439 946 500 14.
1173 439 1236 500 343

23 607 24 616 ¹
145 648 195 691 eos
210 625 359 712 contingit
379 625 424 690 de
445 625 594 712 predicte
613 625 793 692 hereditate
814 625 849 690 in
869 625 1026 702 omnibus,
1041 631 1161 711 petunt
1175 625 1238 710 ipsi

143 731 402 816 presentaeionem
418 753 513 796 suern
529 753 603 796 cum
618 731 739 796 eisdem
754 731 899 795 Weltero
913 738 948 795 et
963 730 1073 796 Maria
1094 729 1098 815 Ι

203 835 243 900 Et
263 835 428 900 Walterus
451 843 487 900 et
508 835 611 900 Maria
632 836 770 900 ueniunt
792 843 827 900 et
848 859 913 900 non
934 843 1069 921 possunt
1090 833 1237 899 dedicere
1285 849 1358 900 [eu]

145 941 216 1027 quin
228 940 358 1026 predicti
373 941 524 1028 Rogerns
538 949 573 1006 et
591 941 735 1027 Rogerus
755 940 822 1006 sint
841 940 1014 1026 participes
1034 939 1176 1026 ipsorum
1196 937 1237 1004 de

144 1044 277 1130 predicta
285 1043 470 1108 hereditate
485 1053 520 1108 et
531 1043 602 1108 ideo
618 1044 864 1110 Consideratum
880 1044 1030 1130 estquod
1045 1066 1155 1109 ornnes
1166 1063 1238 1128 pre·

145 1157 263 1214 sentent
277 1148 316 1212 ed
335 1148 475 1214 eundem
495 1148 660 1214 ecclesiam
679 1149 714 1213 in
735 1149 898 1214 communi
919 1157 954 1214 et
976 1147 1118 1213 habeant
1138 1147 1238 1213 breue

145 1251 184 1315 ed
197 1251 372 1337 episcopum
388 1251 476 1336 quod
491 1250 533 1314 ad
548 1251 821 1336 presentecionem
837 1251 981 1316 omnium
996 1251 1138 1337 ipsorum
1153 1249 1225 1315 ete¹

54 1345 106 1406 424-
204 1353 361 1418 'Deeanus
381 1353 423 1418 de
447 1353 592 1418 Oodham
612 1353 817 1418 athachietus
837 1353 900 1418 fuit
920 1352 962 1417 ed
980 1351 1238 1438 respondendum
1300 1372 1352 1414 sur.

148 1455 276 1521 Gerardo
297 1455 464 1520 Brokedis’
482 1478 581 1541 quare
603 1456 711 1520 tenuit
732 1455 890 1542 placitum
911 1455 946 1519 in
968 1455 1058 1520 curia
1079 1453 1237 1518 cristiani·

148 1558 217 1622 tatia
236 1557 274 1622 de
295 1559 420 1623 catallis
442 1581 506 1645 que
527 1582 592 1624 non
613 1567 690 1624 sunt
710 1568 770 1625 etc.
791 1559 878 1624 unde
899 1559 967 1646 ipse
986 1558 1134 1646 queritur
1154 1556 1240 1644 quod

148 1664 210 1750 ipse
229 1664 333 1728 tenuit
354 1663 513 1749 placitum
534 1664 574 1728 de
594 1663 720 1729 duobus
740 1664 836 1750 lignis
856 1671 891 1728 et
910 1663 982 1728 eliis
1001 1664 1097 1728 rebus
1113 1671 1147 1727 et
1161 1663 1239 1728 inde

149 1767 282 1853 producit
296 1776 417 1832 sectam
433 1790 497 1853 que
513 1769 696 1832 examinata
710 1769 801 1833 nulla
815 1777 873 1834 eet.

207 1869 247 1933 Et
264 1870 414 1934 Decenus
436 1869 530 1933 uenit
551 1878 587 1934 ct
608 1869 753 1934 defendit
775 1877 886 1934 contre
908 1891 983 1934 eum
1005 1869 1092 1956 quod
1113 1870 1239 1934 nullum

150 1971 290 2057 placitum
310 1972 419 2037 tenuit
439 1981 550 2036 contra
568 1971 819 2057 prohibicionem
841 1981 900 2037 etc.
922 1982 973 2036 set
994 1995 1107 2037 reuera
1126 1972 1154 2037 si
1171 1973 1240 2058 ipse

150 2075 342 2160 inplacitatus
361 2075 426 2140 fuit
445 2075 486 2141 de
509 2076 625 2162 aliquo,
640 2076 699 2140 hoc
722 2076 785 2140 fuit
806 2075 847 2140 ad
870 2077 1033 2162 querelem
1055 2099 1147 2140 auem
1169 2097 1240 2162 pro-

152 2179 252 2264 priam,
266 2202 363 2266 quam
378 2180 456 2245 iecit
471 2180 610 2245 Domino
629 2179 841 2244 Norwicensi⁸
855 2180 896 2245 de
916 2180 1057 2266 quadam
1077 2180 1242 2245 sentencie

152 2283 210 2348 lete
229 2284 268 2348 eb
292 2284 363 2370 ipso
385 2284 527 2362 Decem,
550 2293 584 2350 et
606 2285 683 2371 quie
704 2285 775 2369 ipse
796 2285 961 2350 sentencie
982 2285 1067 2350 iuste
1090 2285 1158 2349 leta
1178 2284 1241 2349 fuit

154 2387 225 2452 sicut
249 2411 354 2453 coram
379 2387 528 2474 episcopo
557 2389 741 2454 conuictum
767 2389 840 2466 fuit,
865 2388 1022 2475 compulit
1050 2409 1125 2453 eum
1154 2387 1240 2452 idem

153 2491 286 2557 Deeenus
301 2493 387 2579 quod
402 2501 530 2579 pareret
544 2493 707 2558 sentencie
728 2501 763 2558 et
783 2493 842 2558 hoc
863 2501 970 2558 totum
991 2493 1054 2558 fuit
1074 2500 1150 2558 ante
1171 2515 1241 2578 pro-

154 2595 338 2661 hibicionem.
384 2597 428 2661 Et
451 2596 612 2662 Gerardua
637 2619 702 2661 non
727 2597 837 2683 potuit
863 2597 922 2661 hoc
945 2595 1091 2662 dedicere
1114 2604 1148 2660 et
1170 2595 1242 2660 ideo

151 2695 286 2764 Decanus
311 2699 388 2764 inde
413 2699 484 2764 eine
510 2699 562 2763 die
586 2706 620 2763 et
647 2699 809 2765 Gerardus
835 2699 1036 2765 custodiatur
1063 2707 1097 2764 et
1123 2699 1241 2764 laicum

151 2803 265 2869 feodum
287 2804 389 2890 ipsius
411 2804 535 2870 Deeeni
557 2804 643 2891 quod
666 2813 798 2891 captum
812 2804 885 2869 -fnit
907 2805 943 2869 in
965 2827 1097 2868 manum
1120 2802 1243 2867 domini

149 2907 237 2995 Regis
250 2911 328 2996 quia
342 2909 419 2974 fecit
434 2919 494 2976 etc.
510 2911 540 2976 ei
555 2910 772 2976 restituetur⁴.

61 3027 111 3090 425¹
203 3014 369 3080 ‘Warinus
393 3013 480 3078 filius
503 3013 639 3080 Galfiidi
661 3037 720 3101 pro
742 3037 775 3079 se
798 3023 832 3078 et
855 3013 1032 3079 Benedicta
1052 3035 1150 3078 uxore
1173 3013 1243 3077 eius
1326 3035 1358 3065 er·

149 3117 229 3182 cuius
252 3118 320 3182 loco
345 3117 479 3203 ponitur
503 3118 589 3203 petit
614 3141 727 3184 uersus
753 3117 937 3182 Muriellem
963 3117 1063 3180 filiurn
1086 3115 1243 3180 Wiilelmi

148 3243 234 3305 quem
248 3219 412 3284 Jordanus
432 3219 464 3284 la
477 3220 574 3285 Ware
595 3229 690 3286 uocet
710 3220 751 3286 ad
771 3228 950 3284 warantum
970 3227 1005 3284 et
1027 3241 1089 3305 que
1112 3219 1143 3283 ei
1164 3241 1243 3284 wer-

148 3323 259 3388 entiaet
277 3323 334 3408 xij.
352 3323 433 3408 uirg.
449 3330 534 3387 terre
558 3345 633 3386 cum
652 3332 733 3409 pert.
755 3331 793 3387 ut
813 3323 865 3386 ine
889 3322 991 3408 ipsius
1014 3321 1190 3387 Benedicte
1209 3329 1243 3386 et

146 3425 264 3512 inques
277 3427 459 3491 nonhabet
474 3426 653 3513 ingressum
668 3427 731 3492 nisi
750 3449 809 3513 per
828 3427 850 3492 J
851 3426 1011 3492 ohannem
1032 3427 1064 3490 le
1078 3427 1175 3492 Ware
1191 3425 1244 3491 cui

147 3528 246 3594 Dauid
259 3530 292 3595 la
306 3531 404 3594 Were
420 3552 501 3594 auus
515 3530 659 3616 predicte
680 3530 856 3596 Benedicte
876 3530 968 3594 cuius
989 3529 1081 3594 heres
1101 3530 1173 3617 ipsa
1193 3539 1244 3596 est

147 3629 210 3696 illes
223 3632 346 3697 dimisit
360 3631 402 3696 ad
418 3631 595 3697 terminum
610 3633 666 3718 qui
680 3632 836 3718 preteriit.

206 3735 247 3800 Et
261 3735 416 3800 Muriella
430 3735 522 3800 uenit
543 3743 578 3800 et
596 3735 742 3800 defendit
763 3735 814 3800 ius
833 3757 929 3800 suum
950 3743 985 3801 et
1005 3737 1104 3801 talem
1122 3737 1244 3823 ingres·

150 3861 212 3903 eum
231 3849 264 3904 et
283 3839 366 3904 dicit
386 3839 472 3925 quod
492 3838 592 3903 habet
611 3839 791 3926 ingressum
811 3847 851 3903 ut
871 3837 905 3902 in
920 3837 971 3904 ius
986 3847 1020 3904 et
1034 3839 1069 3904 in
1084 3839 1244 3904 heredita·

150 3951 209 4006 tem
228 3965 326 4020 suem,
347 3943 426 4029 quia
447 3942 579 4028 quidam
601 3943 763 4008 Robcrtus
785 3942 826 4007 de
849 3942 882 4008 S.
897 3942 1043 4008 Dionieio
1065 3951 1246 4009 antecessor

152 4047 242 4132 ipsius
256 4049 405 4114 Murielle
421 4049 512 4114 cuius
528 4049 620 4115 heres
640 4049 711 4136 ipse
731 4054 780 4114 est
795 4049 886 4115 dedit
901 4057 1005 4114 totem
1021 4049 1244 4114 terramillam

155 4172 217 4216 cum
233 4163 309 4239 pert
326 4155 349 4220 J
350 4153 471 4220 ohenni
489 4154 522 4219 le
541 4153 638 4220 Ware
658 4153 744 4241 patri
764 4153 859 4218 istius
878 4153 901 4218 J
902 4153 1013 4218 ordeni
1037 4154 1129 4219 cuius
1152 4153 1245 4219 heres

186 4331 408 4388 1811311949.
752 4333 938 4398 ³'I'hebiehop
950 4335 978 4385 oi
987 4335 1115 4387 Norwich.

187 4395 196 4426 ²
211 4398 236 4446 Δ.
247 4413 279 4448 m.
291 4402 329 4450 15.
362 4401 492 4451 Ricardur
508 4402 625 4452 Decanua
638 4401 668 4451 de
752 4399 763 4432 ⁴
780 4403 930 4459 restituitur,
942 4404 972 4450 Δ.

167 4459 264 4522 Codicum,
275 4465 303 4514 A.
753 4465 763 4497 ⁵
780 4467 810 4514 A.
823 4481 858 4514 m.
872 4467 911 4516 15.
