3308 5226
476 460 614 548 risi-rr,
636 460 700 510 in.
727 449 821 524 1234,
842 461 905 513 nri
930 449 978 510 18.
1214 447 1277 516 657

168 627 211 692 de
227 637 416 696 tenemento
433 630 467 695 in
482 631 652 710 dominico,
666 630 730 697 nisi
751 631 898 698 dedicere
918 631 1060 698 uoluerit
1074 631 1161 720 quod
1175 632 1216 697 'de
1239 655 1276 698 eo
1321 705 1326 713 ,

169 738 281 796 tenere
302 755 367 797 non
389 733 515 812 debeat,
530 742 565 799 et
586 734 672 821 quod
694 734 725 799 ei
747 735 919 800 seruicium
942 736 1046 802 fecere
1068 759 1135 801 non
1155 735 1276 802 debeat
1368 785 1371 790 -

167 833 256 898 leodi
286 835 311 922 j.
342 836 457 902 militis
490 837 668 902 secundum
697 837 785 924 quod
813 838 848 902 in
877 847 967 904 certa
994 839 1186 904 continetur
1232 841 1276 914 Et

170 937 288 1004 Comes
316 941 402 1025 petit
430 940 517 1005 diem
553 941 596 1006 ad
624 940 868 1006 certificandum
897 963 931 1006 ee
961 949 1073 1006 utrum
1102 942 1275 1007 seruicium

168 1041 273 1107 facere
302 1043 428 1121 debeat,
455 1045 508 1109 uel
537 1045 624 1132 quod
652 1052 833 1110 warantum
862 1044 1010 1109 inuenire
1035 1044 1145 1131 possit,
1173 1067 1194 1109 a
1221 1043 1274 1108 die

170 1145 203 1212 S.
218 1148 304 1213 Trin
320 1149 355 1213 in
369 1171 419 1214 xv.
435 1149 511 1217 dice
557 1150 601 1214 Et
616 1149 732 1216 Comes
754 1148 879 1214 amouit
893 1148 1073 1214 Robertum
1088 1147 1119 1213 le
1135 1147 1275 1214 Butiller

169 1272 268 1336 quem
282 1252 391 1338 posuit
406 1253 474 1317 loco
488 1275 547 1317 suo
562 1261 622 1318 etc.

113 1413 120 1426 .
235 1355 326 1420 Prior
347 1355 387 1420 de
410 1356 612 1422 Hauerhalm
634 1356 851 1421 summonitus
865 1356 929 1420 fuit
951 1355 994 1421 ed
1015 1355 1273 1442 respondendum
1379 1375 1395 1404 ¹·

168 1457 294 1523 Abbati
315 1458 356 1524 de
379 1459 545 1524 Kirkestel
571 1481 670 1544 quare
693 1481 759 1526 non
783 1459 932 1544 equietet
955 1481 1031 1523 eum
1052 1481 1165 1523 uersus
1188 1459 1272 1523 Mar-

167 1561 292 1648 geriam
321 1561 362 1627 de
392 1563 533 1648 Riperiie
562 1563 602 1627 de
639 1563 783 1628 seruiciis
813 1570 847 1627 et
876 1561 1164 1628 consuctudinibus
1193 1576 1274 1648 quet

169 1665 283 1732 eadem
306 1667 467 1754 Margeria
488 1667 530 1732 eb
552 1689 591 1732 eo
613 1667 716 1753 exigit
737 1665 778 1732 de
800 1674 988 1732 tenemento
1010 1666 1096 1752 quod
1118 1675 1211 1732 tenet
1232 1667 1272 1732 de

169 1770 283 1842 eodem
305 1771 414 1837 Priore
436 1771 472 1835 in
494 1770 667 1836 Horfordie
692 1779 727 1836 et
753 1769 862 1835 Kikel'
887 1779 922 1836 et
950 1770 1037 1835 unde
1067 1770 1154 1836 idem
1183 1771 1275 1836 Prior

168 1873 226 1959 qui
248 1873 375 1940 medius
397 1883 447 1940 est
469 1897 545 1940 eum
566 1873 733 1960 equietere
755 1873 863 1952 debet,
885 1880 919 1938 ct
941 1873 1028 1938 unde
1053 1871 1140 1938 idem
1162 1873 1274 1939 Abbas

168 1976 318 2062 queritur
347 1977 432 2062 quod
462 1999 536 2042 cum
565 1976 652 2042 idem
682 1976 773 2042 Prior
801 1975 928 2040 medius
957 1975 1000 2040 sit
1029 1975 1117 2041 inter
1156 1997 1211 2042 eos
1239 1985 1274 2042 et

169 2097 245 2142 oum
260 2077 426 2164 cquietere
440 2077 560 2144 debeat
574 2101 687 2144 uersus
702 2077 838 2144 eandem
853 2077 1048 2165 Mergeriem
1059 2077 1100 2144 de
1115 2079 1273 2158 omnibu8‚

166 2179 284 2246 eedem
299 2181 460 2268 Margcric
474 2181 641 2269 distringit
656 2203 731 2246 eum
745 2181 788 2246 ed
802 2180 985 2246 faciendum
1001 2181 1032 2246 ei
1045 2180 1197 2268 homagia
1216 2179 1221 2268 Ι
1240 2187 1274 2246 ct

168 2283 306 2350 seruicia
334 2291 369 2350 et
397 2284 439 2350 ed
468 2284 602 2350 faciend'
628 2291 732 2350 sectas
761 2283 803 2348 ed
826 2283 949 2348 curiem
978 2305 1080 2362 suam,
1105 2283 1192 2349 unde
1218 2283 1273 2348 de·

169 2386 343 2453 terioratue
359 2395 408 2458 est
422 2409 480 2474 pro
495 2387 624 2452 defectu
640 2385 742 2472 ipsius
757 2385 882 2450 Prioris.

235 2491 281 2556 Et
295 2491 386 2556 Prior
400 2491 493 2556 uenit
508 2498 542 2556 et
557 2489 721 2578 cognoscit
736 2489 822 2576 quod
836 2489 924 2555 idem
939 2490 1050 2555 Abbes
1065 2488 1105 2555 de
1120 2512 1159 2555 eo
1174 2496 1274 2567 tenet,

169 2603 205 2660 et
220 2596 306 2684 quod
320 2597 390 2684 ipse
404 2596 517 2663 Abbae
531 2595 698 2661 districtus
719 2602 770 2660 est
789 2617 847 2680 pro
868 2594 1019 2682 homagio
1041 2602 1076 2659 et
1097 2593 1219 2659 releuio
1241 2603 1275 2658 et

169 2721 228 2786 pro
250 2701 347 2766 sectis
366 2722 446 2788 quee
468 2701 631 2765 Robertus
652 2699 693 2764 de
715 2698 955 2787 Eueringehem
978 2707 1012 2764 et
1034 2699 1175 2764 Isabella
1195 2720 1277 2764 uxor

170 2803 241 2870 eius
269 2802 310 2868 de
340 2825 405 2890 quo
433 2803 520 2868 idem
546 2801 638 2867 Prior
661 2809 753 2866 tenet
779 2824 855 2866 eum
885 2801 1051 2886 equietare
1074 2801 1196 2866 debent
1219 2823 1277 2886 per

170 2913 293 2974 certam
307 2906 381 2972 Ade
396 2905 456 2971 filii
469 2906 560 2971 Petri
573 2905 783 2970 antecessoris
796 2903 898 2990 ipsius
909 2904 1061 2968 Ysebelle
1076 2925 1174 2988 quam
1188 2903 1276 2968 idem

167 3009 264 3084 ¹Prior
277 3010 398 3096 profert
411 3016 447 3074 et
461 3031 524 3095 que
539 3015 681 3074 testatur
700 3015 761 3073 etc.
806 3007 850 3072 Et
871 3006 945 3072 ideo
966 3005 1204 3071 consideratum
1227 3014 1277 3070 est

172 3111 259 3200 quod
273 3111 361 3177 idem
376 3111 468 3176 Prior
488 3111 529 3177 de
551 3119 658 3176 cetero
680 3109 827 3196 aquietet
849 3109 956 3194 ipsum
977 3108 1142 3174 Abbetem
1164 3129 1278 3172 uersus
1320 3180 1324 3188 ¹

172 3214 352 3302 predictam
375 3214 571 3303 Mergcriem
592 3221 627 3279 et
650 3212 715 3277 nisi
740 3232 816 3276 eum
841 3211 1069 3296 aquieteuerit‚
1091 3209 1175 3274 bene
1201 3209 1278 3274 licet

172 3318 280 3386 eidem
308 3319 434 3385 Abbati
456 3319 626 3385 defendere
652 3339 766 3383 uersus
794 3315 975 3402 predictam
1000 3315 1196 3404 Margeriem
1221 3337 1280 3401 per

172 3431 313 3511 quatuor
326 3424 381 3490 lib.
397 3447 477 3510 quae
491 3424 597 3490 eidem
612 3423 716 3488 Priori
730 3421 829 3488 debet
843 3444 902 3508 per
915 3420 1061 3487 annum².

238 3528 283 3594 Et
298 3527 460 3600 Robertue
478 3527 519 3594 de
538 3526 761 3613 Eueringhem
780 3532 815 3590 et
837 3525 978 3590 isabella
999 3547 1080 3590 uxor
1100 3525 1171 3591 eius
1192 3547 1279 3590 sum-

173 3633 290 3706 moniti
312 3631 399 3720 quod
418 3632 484 3698 sint
506 3654 527 3697 a
548 3631 601 3698 die
619 3639 679 3698 etc
700 3631 742 3696 ed
764 3629 1024 3717 respondendum
1048 3630 1153 3696 eidem
1178 3629 1280 3695 Priori

173 3760 273 3826 quere
317 3759 393 3803 eum
437 3759 503 3801 non
546 3735 717 3822 equietent
750 3757 863 3800 uersus
904 3735 1040 3804 eandem
1085 3733 1280 3820 Mergeriem

174 3839 353 3910 secundum
383 3839 469 3927 quod
496 3861 572 3906 eum
594 3840 760 3926 aquietere
782 3838 912 3918 debent,
934 3837 1060 3904 desicut
1082 3837 1179 3928 idem¹
1191 3837 1282 3900 Prior

174 3946 222 4012 eie
250 3945 338 4012 fecit·
358 3943 513 4031 quicquid
543 3944 590 4008 eis
619 3945 722 4010 facere
751 3941 859 4008 debet.
904 3941 948 4006 Et
978 3940 1069 4006 Prior
1093 3939 1187 4026 ponit
1212 3939 1281 4004 loco

174 4057 237 4116 etc.
1146 4053 1149 4059 '

207 4209 261 4260 ¹11
275 4209 473 4261 theAbbothcs
485 4209 703 4274 topayMargery
753 4222 779 4272 p.
804 4209 853 4260 949
875 4220 919 4256 ere
940 4203 1075 4269 preserved
1099 4201 1143 4253 old
1169 4200 1282 4263 English

174 4275 208 4328 be
228 4290 291 4340 may
307 4275 400 4326 dedunt
421 4274 467 4325 the
488 4277 614 4339 pcyment
635 4274 703 4325 lrom
753 4272 926 4324 translations
941 4271 970 4321 ol
991 4269 1036 4319 the
1053 4269 1129 4331 grant
1146 4267 1179 4330 by
1198 4267 1282 4317 Adam

175 4341 350 4392 therentdne
366 4344 393 4390 to
410 4342 455 4390 the
471 4339 546 4390 Prior
564 4339 606 4404 (l).
639 4339 703 4390 This
754 4337 812 4388 Fitr
830 4339 905 4387 Peter
921 4339 949 4386 to
971 4333 1139 4408 Heverholm‚
1162 4331 1214 4382 and
1237 4331 1282 4382 the

175 4405 501 4463 cceeirffitnllemedtl.
535 4403 591 4454 The
599 4406 704 4455 tenente
754 4405 830 4466 grant
841 4402 875 4465 by
886 4397 1228 4451 Harerholmtollrrlrstell.

176 4469 254 4522 stand
265 4471 324 4520 lour
334 4470 406 4533 deep.
440 4469 472 4519 In
484 4469 597 4520 Moncst.
612 4469 663 4518 vol.
679 4469 703 4527 6,

265 4585 300 4634 n.
1153 4565 1194 4626 42
