3276 5234
362 413 426 476 284
468 423 613 474 cuium
628 420 721 472 cusu
735 421 809 470 iso
824 419 1025 470 moussoux
1040 407 1471 483 uiuo,un.1229,un.13.-

281 674 286 684 .
359 597 461 684 potn's
476 597 527 663 sui
542 595 605 662 fuit
619 593 695 661 inde
710 594 745 660 in
760 593 878 660 asisino
891 614 950 679 per
964 591 1044 658 duos
1059 613 1159 658 ennos
1179 599 1214 657 et
1233 599 1307 678 post
1329 600 1468 658 mortem

359 701 461 788 petris
482 701 534 765 sui
555 698 686 786 aliquod
707 705 837 782 tempus
858 695 981 761 scilicet
1002 717 1204 781 perannum
1226 703 1261 760 et
1284 695 1468 762 dimidium.

359 805 404 869 Et
426 812 505 870 tunc
527 803 620 868 uenit
642 801 844 868 Herebertus
858 801 958 865 fmter
978 821 1057 865 suus
1078 808 1113 864 et
1134 801 1257 886 recepit
1278 801 1382 886 ipsam
1398 800 1468 864 Isa-

359 909 478 974 bellum
494 909 528 973 in
543 907 689 974 custodie
703 928 763 972 suo
776 905 874 970 simul
888 927 963 970 cum
984 904 1131 990 predicta
1149 911 1243 970 terre
1288 905 1333 970 Et
1352 913 1469 991 postea

360 1013 446 1078 idem
463 1013 663 1078 Herebertus
683 1010 832 1076 uendidit
854 1019 974 1075 terram
994 1009 1083 1074 illem
1102 1010 1247 1096 predicto
1265 1011 1388 1076 Thome
1408 1031 1469 1095 pro

359 1116 416 1202 iiij.
429 1115 550 1181 murcie
589 1115 633 1179 Et
648 1113 720 1180 ideo
733 1111 979 1180 Considerotum
995 1119 1045 1178 est
1056 1112 1143 1198 quod
1154 1113 1292 1198 piedicti
1304 1113 1468 1178 Robertus

359 1228 394 1284 et
414 1218 554 1284 Isebelle
574 1223 847 1303 recuperauerunt
868 1215 1019 1280 seisinem
1041 1237 1133 1280 susm
1155 1223 1194 1280 ut
1209 1215 1249 1280 de
1271 1215 1341 1280 iure
1363 1215 1468 1302 ipsius

359 1320 506 1398 Isabelle,
521 1329 556 1385 et
576 1319 715 1384 Thomas
737 1318 770 1382 in
794 1317 1018 1384 misericordis
1064 1317 1108 1382 Et
1127 1327 1276 1404 preterea
1296 1318 1360 1404 ipsi
1380 1319 1468 1384 iuro-

360 1431 445 1489 tores
464 1424 579 1489 dicunt
598 1421 683 1509 quod
705 1420 819 1486 ecdem
841 1421 1003 1487 Beetricia
1023 1443 1190 1508 nunquam
1206 1422 1270 1486 luit
1291 1423 1326 1488 in
1348 1423 1469 1488 seisina

359 1527 400 1594 de
426 1528 539 1594 eadem
562 1536 656 1605 terre,
679 1535 713 1592 et
735 1525 897 1591 Robertus
923 1526 963 1590 de
988 1525 1019 1592 S.
1043 1525 1194 1591 iohanne
1217 1533 1252 1590 et
1281 1527 1337 1591 alii
1367 1535 1469 1592 testes

359 1633 519 1700 nominati
554 1632 589 1697 in
625 1639 715 1696 muta
750 1629 898 1716 requisiti
927 1629 955 1694 si
984 1629 1047 1716 ipsi
1075 1638 1243 1716 presentes
1272 1639 1380 1696 essent
1410 1631 1470 1696 ubi

359 1737 505 1826 predicta
524 1735 685 1801 Beetricie
706 1733 797 1800 dedit
819 1733 925 1800 eidem
940 1733 1063 1798 Thome
1084 1735 1223 1800 terrem¹
1238 1735 1338 1814 illam,
1353 1735 1469 1800 dicunt

360 1842 447 1929 quod
468 1863 533 1906 non
558 1840 785 1916 interfuerunt,
811 1847 862 1904 set
888 1837 976 1903 idom
1005 1839 1145 1904 Thomas
1170 1839 1264 1904 uenit
1285 1839 1327 1904 ad
1356 1839 1469 1905 domos

359 1947 503 2034 ipsorum
518 1955 552 2010 et
567 1945 695 2032 rogauit
710 1944 796 2030 quod
811 1951 911 2009 testes
926 1952 1034 2008 essent
1049 1943 1084 2008 in
1098 1951 1188 2008 curte
1201 1945 1266 2009 illo.

426 2051 470 2116 Et
489 2059 603 2136 posteo
619 2048 713 2114 uenit
730 2047 883 2114 Reinildo
903 2055 938 2112 et
952 2047 1081 2134 quesita
1102 2049 1130 2112 si
1151 2057 1330 2134 spontanee
1351 2047 1467 2114 uolun-

361 2163 431 2222 tate
450 2155 533 2220 uelit
555 2154 761 2219 warentizaue
781 2152 861 2220 dicit
883 2153 969 2239 quod
991 2151 1241 2238 non,²predictu
1261 2153 1425 2218 Booti-icio
1441 2151 1447 2239 Ι

361 2265 466 2324 mater
494 2279 554 2322 sua
574 2256 691 2321 hebuit
713 2256 886 2342 quemdem
908 2279 1047 2321 sororem
1070 2279 1132 2343 que
1154 2256 1271 2322 hebuit
1292 2279 1410 2342 pueros
1432 2265 1468 2322 et

361 2359 558 2448 participant
587 2380 661 2422 cum
691 2357 748 2422 eo⁸
778 2366 812 2422 et
848 2357 974 2423 desicut
1009 2381 1075 2423 non
1110 2359 1242 2423 uocauit
1270 2359 1400 2424 eosdem
1425 2359 1469 2424 ad

362 2459 634 2530 warentizendum
660 2461 757 2527 simul
778 2484 853 2527 cum
876 2485 921 2528 es
967 2463 1011 2527 Et
1039 2470 1187 2548 pretereo
1207 2463 1393 2528 conuictum
1416 2472 1469 2528 est

313 2627 317 2640 ,
362 2590 420 2655 per
441 2565 520 2632 iur'⁴
541 2566 627 2652 quod
647 2566 794 2652 predicis
818 2565 980 2632 Beetricie
1005 2575 1111 2632 meter
1132 2589 1192 2632 sua
1212 2589 1379 2653 nunquam
1402 2567 1469 2632 fuit

361 2673 397 2738 in
418 2671 536 2738 seisinu
557 2671 597 2735 de
619 2669 764 2756 predicte
789 2678 875 2735 tenu
903 2669 952 2736 ite
980 2669 1066 2756 quod
1094 2669 1277 2756 predictum
1308 2670 1467 2747 Thomem

361 2774 438 2841 inde
472 2775 589 2839 leofuie
621 2772 730 2858 potuit
764 2779 799 2836 et
832 2773 905 2838 ideo
941 2772 1179 2838 consideratum
1209 2781 1260 2838 est
1289 2773 1375 2860 quod
1399 2795 1468 2839 non

362 2877 550 2944 warentizet
575 2884 609 2941 et
635 2875 721 2961 quod
744 2883 833 2940 certa
859 2875 950 2962 quasi
976 2876 1056 2940 false
1079 2875 1280 2942 cancellctur.
1326 2877 1371 2942 Et
1394 2899 1470 2964 pre-

362 2980 450 3046 dicte
478 2977 630 3047 Reinildo
655 2978 808 3065 cognouit
833 2978 920 3064 quod
949 2979 1013 3044 fuit
1041 2979 1146 3046 emico
1169 2981 1292 3047 Thomo
1317 3003 1377 3068 per
1400 2990 1470 3048 tres

362 3101 462 3144 annos
484 3085 519 3142 et
540 3076 626 3164 quod
648 3076 822 3142 concubuit
842 3099 917 3141 cum
940 3099 980 3142 eu
1000 3085 1035 3142 et
1058 3078 1144 3164 quod
1163 3079 1240 3144 fecit
1262 3101 1334 3144 eam
1355 3080 1470 3146 uenire

363 3199 437 3242 cum
474 3199 512 3242 eo
548 3175 590 3240 ad
618 3173 892 3239 wecentizsndum
925 3174 956 3240 ei
985 3175 1164 3262 predictam
1193 3187 1313 3244 terram
1343 3188 1378 3244 et
1406 3180 1471 3245 hoc

363 3276 441 3342 fecit
457 3298 516 3361 per
537 3273 772 3339 districcionem
795 3281 830 3338 et
851 3295 910 3360 per
931 3283 1057 3340 metum
1079 3275 1164 3342 sicut
1185 3277 1243 3343 illa
1264 3301 1328 3365 que
1346 3278 1408 3343 fuit
1430 3279 1470 3344 in

327 3373 333 3386 '
363 3386 525 3466 potestate
548 3385 661 3442 suaet
686 3398 745 3462 per
770 3377 906 3442 eundem
928 3385 1126 3463 potestatem
1155 3381 1232 3445 feeit
1254 3389 1288 3446 ct
1310 3382 1470 3469 compulit

364 3505 436 3548 eom
465 3481 507 3546 ad
539 3478 721 3546 faciendum
751 3489 855 3546 curtas
884 3489 918 3546 et
948 3481 1162 3548 feoffomente
1208 3483 1251 3548 Et
1279 3484 1352 3549 ideo
1381 3485 1470 3550 sieut

364 3609 462 3674 supra
493 3585 729 3652 consideratum
761 3593 811 3650 est
840 3583 927 3671 quod
953 3607 1018 3650 non
1047 3586 1234 3651 warentizet
1263 3595 1298 3652 et
1327 3587 1471 3654 Thomas

364 3689 571 3756 custodiatur.
617 3689 733 3754 Postea
746 3689 845 3754 finem
860 3689 937 3777 fecit
952 3711 1010 3776 per
1023 3689 1099 3754 dim
1115 3713 1209 3755 mero.

309 3854 315 3869 ,
429 3792 540 3857 Assios
565 3791 657 3856 uenit
682 3791 886 3878 recognitum
910 3791 938 3856 si
964 3791 1156 3858 Godefiidus
1179 3793 1265 3858 filius
1291 3793 1472 3860 Wulwurdi

364 3897 545 3968 auunculus
565 3895 721 3960 Willelmi
737 3895 797 3960 filii
816 3895 1009 3962 Hurewcldi
1024 3897 1087 3962 fuit
1106 3897 1236 3962 seisitus
1252 3898 1287 3963 in
1306 3898 1471 3964 dominico

365 4023 424 4066 suo
452 4007 511 4064 etc
537 3998 578 4063 de
607 3997 648 4063 ix.
671 4021 732 4064 scr.
755 4005 840 4063 terre
870 4007 905 4063 et
934 3998 1009 4063 dim.
1041 4021 1100 4064 scr.
1131 3999 1217 4085 preti
1246 4007 1281 4064 et
1306 4000 1370 4087 viij.
1393 4000 1470 4067 dem

365 4101 511 4169 redditus
528 4108 563 4164 et
584 4122 649 4166 uno
671 4100 836 4187 mesuagio
860 4123 934 4166 cum
954 4109 1035 4186 pert.
1058 4100 1093 4166 in
1109 4101 1267 4168 Enefeuld
1289 4104 1378 4170 etde
1400 4105 1470 4192 xiij.

398 4305 409 4338 ¹
426 4312 525 4362 mom,
537 4303 663 4367 repeated.
939 4305 999 4355 here
1020 4305 1074 4355 end
1090 4305 1135 4356 the
1151 4309 1213 4358 next
1229 4307 1277 4357 lull
1294 4312 1352 4372 stop
1369 4307 1468 4361 should

398 4369 606 4434 ’Supplyqoio
906 4425 908 4430 ,
939 4369 1154 4433 bodisrcgcrdod.

398 4434 551 4498 ’Probably
574 4434 617 4484 tho
639 4433 774 4498 J'udgment
800 4433 889 4498 begins
972 4435 1294 4490 ‘iuratomoriurotcreu
