3314 5238
466 473 604 535 mersu,
627 473 691 523 su.
717 461 810 536 1231,
832 475 895 524 ns.
920 461 969 524 15.
1210 461 1272 528 437

161 644 253 730 quod
265 644 430 732 predictus
447 645 600 712 Oliuerus
615 645 730 711 habuit
748 645 921 732 quemdam
942 647 1073 710 fratrem
1095 646 1272 714 Redulfum

160 750 292 814 nomine
307 757 506 815 antenatum
521 758 555 816 et
570 751 604 815 in
619 751 678 816 hoo
693 751 944 838 aquietauerunt
964 751 1049 837 ipsos
1067 751 1223 817 iuratores
1238 762 1273 818 et

160 851 226 938 ipsi
241 853 411 918 iusticiarii
426 854 712 920 considerauerunt
727 855 813 940 quod
828 854 979 920 Oliuerus
990 855 1054 920 fuit
1065 857 1274 944 propinquior

159 956 256 1022 heres
270 979 308 1022 eo
323 958 412 1043 quod
427 959 593 1044 predictus
612 958 772 1023 Redulfus
786 981 852 1024 non
866 959 975 1045 potuit
990 979 1059 1024 esse
1074 958 1224 1025 dominus
1239 971 1273 1026 et

159 1059 264 1136 beree,
279 1069 314 1126 et
330 1062 390 1126 hoc
405 1062 530 1127 seilicet
544 1085 611 1128 esse
626 1062 794 1128 dominum
809 1070 843 1127 et
858 1061 1009 1126 heredem
1025 1070 1150 1148 spectet
1165 1062 1207 1127 ed
1222 1063 1272 1128 ius

158 1171 195 1228 et
215 1186 283 1228 non
297 1164 342 1229 ed
356 1166 587 1251 possessionem
603 1167 657 1231 uel
672 1167 804 1231 assisam
822 1167 935 1230 mortis
955 1165 1172 1248 antecessoris
1188 1166 1271 1232 Con-

159 1267 344 1333 sideratum
356 1277 410 1352 est
426 1270 512 1355 quod
526 1270 662 1356 predicti
677 1270 846 1335 iusticiarii
860 1270 895 1334 in
912 1269 1032 1334 iudicio
1051 1269 1107 1334 illo
1127 1269 1272 1334 faciendo

160 1381 358 1436 errauerunt
381 1380 416 1436 et
438 1373 554 1436 falsum
577 1373 723 1438 fecerunt
745 1373 901 1437 iudicium
917 1379 951 1437 et
966 1371 1039 1436 ideo
1054 1372 1223 1436 iustieiurii
1238 1373 1272 1436 in

159 1473 385 1540 misericordia
398 1483 433 1538 et
447 1475 603 1539 iuratores
624 1474 701 1539 inde
723 1475 792 1540 sine
815 1474 867 1540 die
883 1483 917 1538 et
933 1474 1085 1539 Oliuerus
1099 1475 1134 1539 in
1149 1476 1272 1540 miseri-

159 1577 272 1642 cordia
286 1585 323 1641 et
339 1577 432 1641 Prior
447 1576 651 1662 recuperauit
666 1576 817 1641 seisinam
833 1599 933 1641 susm.

209 1705 297 1754 ¹Nota
308 1705 379 1767 quod
395 1721 450 1755 non
466 1705 531 1756 iaeet
545 1705 627 1755 assisa
644 1706 735 1755 mortis
752 1705 922 1755 anteoessoris
936 1705 1005 1755 inter
1021 1705 1129 1756 fratrem
1145 1705 1273 1756 iuniorem

159 1790 298 1848 petentem
310 1786 343 1836 de
354 1790 438 1836 morte
450 1786 538 1836 fratris
550 1787 590 1835 sui
601 1789 627 1836 et
638 1787 779 1849 quemlibet
790 1787 879 1844 alium,
889 1801 948 1836 oum
959 1786 1037 1836 luerit
1046 1788 1125 1838 trater
1133 1791 1273 1838 antenatus

159 1868 205 1928 qui
223 1867 351 1917 dominus
368 1869 415 1926 est,
427 1868 486 1917 lieet
502 1883 555 1917 non
572 1868 655 1931 possit
671 1883 726 1917 esse
743 1867 865 1918 dominus
881 1871 907 1917 et
923 1869 1004 1926 heres,
1017 1869 1079 1932 quis
1095 1868 1145 1919 hoo
1161 1869 1273 1932 pertinet

160 1953 269 1998 tantum
281 1950 316 2000 ad
327 1949 369 1998 ius
380 1955 406 2000 et
418 1965 470 1999 non
482 1950 515 2000 ad
527 1950 658 2008 aeisinam,
671 1950 732 2012 quia
742 1951 774 2000 ed
782 1955 936 2001 antenatum
944 1953 1057 2014 pertinet
1067 1953 1151 2014 prima
1160 1953 1273 2002 seisins²

160 2035 186 2080 et
197 2031 261 2081 ideo
271 2047 327 2081 non
338 2032 407 2082 iaoet
418 2033 507 2083 assisa.
544 2033 588 2083 Set
599 2049 659 2082 oum
672 2037 812 2084 antenatus
827 2033 949 2083 seisinam
964 2033 1085 2084 habuerit
1101 2037 1163 2084 tuno
1177 2035 1272 2098 poterit

159 2115 305 2175 postnatus
321 2119 406 2175 petere
421 2113 544 2163 seisinem
556 2129 630 2162 susm
642 2115 674 2164 ab
685 2118 809 2164 antenato
820 2113 935 2177 predicta
946 2114 1048 2165 racione
1060 2114 1121 2176 quia
1132 2117 1272 2165 antenatus

160 2211 266 2258 semper
277 2200 319 2244 est
330 2194 499 2258 propinquior
508 2195 582 2245 heres
593 2200 631 2244 set
642 2194 684 2244 ius
695 2211 755 2244 eum
766 2195 848 2245 eiciet.

227 2304 273 2368 'J
273 2313 370 2368 urata
384 2304 477 2368 uenit
491 2305 696 2390 recognitum
709 2326 768 2389 per
782 2304 983 2368 Willelmum
1002 2303 1106 2368 filium
1122 2303 1273 2368 Reduifi‘
1298 2311 1421 2362 &rh-¹³⁹²

159 2409 393 2474 siWillelmus
407 2408 448 2472 de
464 2409 593 2472 Humez
607 2431 692 2472 enno
710 2415 744 2473 et
763 2408 816 2473 die
836 2431 900 2495 quo
923 2409 1124 2474 Normannia
1145 2409 1274 2496 perdite

160 2513 226 2578 fnit
249 2513 316 2578 fuit
337 2513 372 2577 in
395 2513 513 2578 seisina
532 2513 573 2577 de
591 2513 734 2578 manerio
749 2512 790 2577 de
805 2512 1019 2598 Dudingtona
1033 2535 1107 2578 eum
1122 2521 1202 2598 pert
1218 2513 1272 2578 uel

160 2617 188 2682 si
204 2617 371 2682 Gerendus
386 2615 426 2680 de
442 2615 622 2680 Kaunuiile
637 2625 670 2681 et
686 2615 846 2680 Nicholea
865 2639 945 2680 uxor
962 2616 1032 2681 eius
1046 2625 1126 2682 tuno
1140 2617 1273 2682 fuerunt

161 2723 195 2786 in
219 2721 343 2786 seisina
364 2720 404 2784 de
425 2719 571 2806 predicto
592 2720 735 2784 manerio
757 2729 792 2784 et
813 2728 891 2784 ente
917 2720 981 2784 soil.
1005 2729 1149 2806 tempore
1172 2721 1272 2808 Regis

160 2823 296 2888 Rienrdi
322 2831 357 2888 et
382 2832 495 2909 postea
523 2823 607 2887 sicut
632 2821 672 2886 de
702 2831 794 2908 perte
820 2845 883 2909 que
909 2845 962 2888 eos
991 2823 1201 2910 contingebat
1229 2823 1269 2888 de

160 2927 346 2992 hereditate
362 2949 425 3012 que
440 2926 504 2990 fuit
519 2925 649 2990 Ricardi
664 2925 704 2990 de
720 2927 817 3011 Haya
837 2925 939 3011 petris
953 2924 1097 3010 predicte
1113 2925 1143 2988 N
1147 2925 1270 2990 icholee

158 3029 183 3094 J
184 3029 252 3093 ulie
279 3037 315 3093 et
340 3029 478 3092 Isabelle
504 3051 647 3093 sororum
672 3029 774 3114 ipsius
800 3027 957 3092 Nieholee
987 3037 1055 3092 tem
1085 3028 1120 3092 in
1149 3029 1271 3116 Anglis

160 3155 261 3219 quam
276 3132 313 3196 in
328 3131 530 3195 Normannia
544 3153 602 3217 per
619 3131 819 3196 concordiam
838 3133 958 3196 laetam
980 3132 1066 3196 inter
1087 3132 1269 3217 predictum

161 3235 345 3301 Gerardum
361 3243 395 3300 et
410 3235 442 3298 N
444 3233 601 3298 ieholaam
617 3243 650 3299 et
666 3235 839 3321 participes
854 3258 936 3300 suos,

227 3339 398 3404 Juratores
423 3338 556 3403 dieunt⁶
582 3339 668 3424 quod
694 3339 832 3425 predicti
859 3340 1020 3404 Gererdus
1047 3347 1081 3404 et
1111 3338 1270 3404 Nieholaa

160 3453 342 3508 tenuerunt
364 3451 467 3507 totam
490 3442 602 3507 uillam
624 3441 665 3506 de
687 3442 901 3529 Dudingtona
922 3465 996 3507 cum
1017 3443 1165 3507 omnibus
1188 3451 1268 3528 pert.

159 3547 228 3612 suis
243 3547 389 3633 exceptis
404 3569 432 3611 v.
448 3545 529 3634 uirg.
545 3555 630 3611 terre
645 3554 679 3611 et
699 3546 809 3611 dimid
826 3553 904 3610 etv.
919 3545 1047 3610 ooteriis
1063 3554 1097 3610 et
1107 3546 1131 3631 j.
1144 3547 1269 3610 molen·

159 3653 238 3717 dino
262 3659 409 3736 tempore
433 3649 532 3736 Regis
555 3650 685 3715 Ricardi
711 3659 749 3714 ut
773 3651 824 3714 ius
848 3659 882 3714 et
908 3649 1123 3714 hereditatem
1144 3646 1269 3736 lipsius
1365 3693 1370 3704 -

194 3788 288 3838 ¹This
309 3788 333 3837 is
355 3802 370 3837 s
392 3789 453 3836 note
474 3786 558 3850 began
585 3786 614 3836 in
642 3802 691 3837 one
741 3786 804 3850 keep
820 3785 884 3836 both
900 3785 945 3836 the
962 3785 1080 3848 seignory
1096 3784 1149 3834 and
1165 3784 1210 3834 the
1228 3783 1268 3834 in·

162 3854 276 3916 margin,
290 3852 389 3902 carried
400 3867 486 3902 aeroas
497 3853 541 3902 the
557 3867 621 3914 page
638 3851 691 3902 and
740 3851 881 3909 heritanm,
891 3866 920 3900 so
934 3853 1013 3900 Gesn
1024 3865 1125 3899 recover
1136 3850 1203 3898 from
1211 3849 1267 3899 him

161 3917 453 3968 finishedintheother.
483 3917 690 3980 Supposeaman
740 3917 906 3966 inauritol
922 3916 1000 3977 right.
1034 3915 1089 3964 The
1104 3915 1210 3976 justioes
1224 3929 1268 3964 are

160 3985 210 4034 has
227 3983 302 4032 three
318 3997 381 4032 sons
397 3985 428 4040 Α,
446 3983 477 4040 Β,
496 3985 525 4040 C,
542 3981 649 4031 enieolls
665 3985 689 4031 Β
741 3981 857 4032 amereed
869 3981 909 4030 lor
920 3985 967 4030 not
978 3979 1183 4041 understanding
1194 3979 1256 4028 this.

160 4049 214 4100 aad
230 4049 303 4110 dies;
326 4047 372 4096 the
389 4047 506 4110 seignory
522 4047 645 4097 deseends
662 4053 690 4096 ιο
773 4049 783 4077 ²
799 4047 841 4096 He
851 4047 874 4095 is
886 4045 995 4095 entitled
1006 4049 1033 4094 to
1044 4060 1061 4094 e
1072 4045 1169 4106 primer
1177 4044 1264 4096 asisin.

160 4119 197 4174 ,ις
221 4113 285 4164 then
301 4115 324 4162 B
342 4112 523 4162 diessithout
544 4112 627 4171 issue;
658 4115 688 4172 0,
772 4111 852 4160 ³For
878 4111 923 4161 the
950 4110 1086 4174 plesdings
1110 4125 1151 4159 see
1178 4110 1266 4168 above,

161 4183 208 4229 not
216 4179 306 4238 mbae
316 4177 361 4227 tha
373 4178 429 4227 best
441 4177 510 4239 right
522 4180 548 4226 ιο
557 4177 602 4226 the
611 4177 688 4236 lsnd;
740 4177 805 4226 (lese
816 4177 874 4226 502.

160 4249 192 4306 A,
206 4245 228 4294 it
240 4245 263 4293 is
275 4249 341 4301 true,
353 4243 375 4291 is
384 4259 417 4305 pr
453 4245 550 4304 ‘nquior
560 4242 690 4292 heresand
771 4242 854 4291 ‘Tha
865 4255 955 4291 names
966 4241 995 4289 ol
1004 4239 1077 4290 other
1088 4239 1172 4304 jurors
1183 4238 1268 4289 would

160 4311 329 4359 soGoannot
340 4307 415 4369 bring
453 4307 690 4357 emortd'anoestor
740 4307 826 4356 lollow
837 4321 872 4356 on
884 4307 928 4357 the
939 4306 996 4355 roll.

160 4375 263 4437 against
271 4374 329 4423 him
338 4387 368 4423 or
376 4372 641 4435 againstestranger,
650 4373 690 4422 lor
772 4373 783 4404 ⁶
801 4371 848 4424 See
866 4371 925 4424 Ιιοι.
944 4371 982 4422 cl.
1000 4369 1050 4420 vol.
1068 4384 1087 4421 1.
1105 4385 1147 4433 pp.
1162 4371 1184 4428 1,
1196 4371 1228 4419 28
1240 4369 1265 4428 b,

160 4441 221 4490 hera
233 4439 277 4489 the
288 4437 409 4501 question
422 4437 474 4487 will
486 4437 515 4486 be
526 4439 622 4500 merely
632 4437 689 4487 who
741 4440 780 4488 79.

161 4505 366 4569 ispropae'nqus'or
384 4505 467 4560 term
488 4501 535 4552 but
556 4507 574 4552 Α
593 4507 689 4552 cannot
