3276 5234
452 450 596 508 armar,
618 449 682 498 an.
708 437 800 510 1229,
823 451 886 500 aa.
912 439 961 500 13.
1199 439 1261 502 269

144 622 247 686 uxori
270 623 343 686 eius
363 623 554 708 petentibus
576 646 634 708 per
655 631 856 688 attornatum
879 647 975 689 suum
999 633 1032 688 et
1050 624 1212 688 Willelmc
1235 625 1264 689 le

147 723 233 788 Brct
249 726 387 790 tenenti

30 834 94 894 321.
218 825 398 891 ¹Ricardus
427 827 516 892 filius
546 827 672 914 Nigelli
700 828 822 914 optulit
858 851 893 892 se
923 837 1038 915 quarto
1069 827 1123 894 die
1153 851 1265 894 uersus
1325 836 1383 878 ⁸⁰¹¹·

148 929 315 994 Thomam
330 931 491 996 Priorem⁸
501 932 542 996 de
554 933 832 1019 Wymundesham
844 933 884 998 dc
900 933 1019 1019 placito
1032 955 1131 1018 quare

149 1033 182 1096 ei
206 1057 312 1098 unam
338 1057 441 1099 carno.
465 1043 551 1100 terre
575 1058 649 1100 cum
671 1045 753 1122 pert.
777 1037 812 1100 in
834 1037 1113 1122 Wymundesham
1136 1036 1176 1100 de
1200 1058 1266 1121 qua

150 1145 242 1199 terra
256 1135 425 1222 predictus
445 1137 598 1224 Nigellus
612 1147 706 1224 pater
720 1139 821 1224 ipsius
836 1139 967 1204 Ricardi
982 1140 1074 1204 cuius
1089 1139 1181 1204 heres
1196 1139 1265 1225 ipse

150 1247 202 1302 est
218 1239 285 1302 fuit
306 1239 437 1304 seisitus
458 1241 492 1303 in
515 1241 674 1305 dominico
696 1263 754 1305 sno
776 1251 815 1306 ut
837 1241 877 1306 de
901 1243 993 1306 feodo
1014 1242 1067 1307 die
1090 1265 1153 1328 quo
1175 1241 1264 1308 obiit.

152 1342 197 1404 Et
219 1341 313 1406 Prior
335 1365 401 1406 non
417 1344 510 1407 uenit
525 1353 560 1408 et
576 1345 656 1408 sum'
679 1353 748 1422 etc,
764 1354 798 1409 ct
813 1367 895 1430 puer
909 1355 958 1410 est
980 1346 1064 1410 infra
1085 1355 1207 1410 etatem
1230 1355 1265 1410 et

150 1445 310 1531 cognonit
326 1445 414 1530 quod
429 1446 528 1512 debet
544 1455 653 1512 tenere
669 1447 709 1513 de
730 1449 849 1526 Priore,
865 1460 899 1513 et
921 1449 1066 1514 nescitur
1086 1458 1197 1513 utrum
1221 1449 1264 1514 sit

152 1547 321 1634 sooegium
346 1549 401 1612 uel
428 1549 560 1613 feodum
586 1549 734 1616 militare.
780 1551 824 1614 Et
847 1551 920 1616 ideo
946 1552 1037 1616 Prior
1065 1552 1265 1618 attachietur

154 1651 241 1736 quod
255 1650 302 1714 sit
317 1672 338 1715 a
353 1649 407 1715 die
422 1651 532 1716 Pasch
549 1652 584 1716 in
599 1675 701 1718 unum
716 1675 869 1719 mensem.

40 1769 102 1828 Q„
217 1753 405 1819 ‘Galfridus
414 1753 455 1818 de
468 1753 639 1820 Clinctona
650 1756 735 1840 petit
744 1778 858 1820 uersus
866 1757 1031 1821 Abbatem
1044 1757 1084 1823 de
1094 1757 1265 1822 Rameseia
1324 1787 1352 1816 un

155 1881 254 1922 unam
269 1866 458 1923 carucatam
481 1868 566 1923 terre
581 1883 654 1924 oum
676 1861 885 1946 pertinenciis
905 1861 939 1926 in
961 1861 1132 1928 Olinctona
1155 1871 1193 1926 ut
1213 1862 1264 1926 ius

154 1984 250 2026 suum
266 1971 329 2026 etc
345 1961 433 2026 unde
449 1961 581 2047 quidam
597 1963 753 2028 Godricus
768 1973 950 2029 antecessor
963 1987 1042 2030 suus
1057 1965 1121 2030 fuit
1135 1966 1264 2032 seisitus

154 2065 188 2128 in
203 2064 369 2130 dominico
384 2086 442 2128 suo
458 2073 496 2128 ut
517 2064 558 2128 de
578 2065 670 2130 feodo
692 2075 726 2130 et
748 2066 818 2130 iure
841 2074 985 2152 tempore
1008 2067 1143 2132 Hemici
1165 2067 1265 2155 Regis

154 2169 209 2234 sni
233 2169 395 2254 capiendo
421 2168 497 2233 inde
524 2169 655 2254 expleta
678 2169 722 2234 ad
748 2170 934 2234 walenciam
964 2170 1075 2237 dimid.
1104 2194 1200 2238 marc.
1231 2181 1265 2237 et

154 2271 303 2358 predicto
318 2272 457 2337 Godn'co
471 2272 638 2338 descendit
653 2273 705 2338 ius
721 2282 804 2338 terre
819 2273 915 2338 illius

220 2377 266 2440 Et
297 2376 410 2439 Abbas
432 2375 525 2439 uenit
547 2383 581 2439 et
603 2374 790 2461 dicitquod
812 2399 877 2440 non
899 2375 998 2440 debet
1020 2376 1062 2442 ad
1084 2377 1144 2442 hoc
1166 2377 1265 2443 breue

155 2479 352 2566 respondere
376 2479 453 2564 quia
473 2478 558 2543 idem
575 2479 738 2544 Galfridus
757 2481 843 2566 petit
861 2503 959 2544 unam
975 2491 1158 2546 carucatam
1181 2489 1266 2546 terre

155 2609 230 2650 curn
244 2583 459 2670 pertinenciis
474 2583 509 2646 in
523 2583 669 2668 predicta
684 2584 771 2661 uilla,
787 2592 821 2648 et
836 2585 1008 2650 aduocaoio
1032 2585 1163 2650 ecclesie
1178 2585 1266 2650 illius

156 2689 234 2752 cille
250 2699 303 2752 est
318 2687 360 2752 de
382 2687 591 2772 pertinenciis
610 2687 699 2752 illius
718 2697 867 2752 caruoate
891 2697 985 2766 terre,
1000 2697 1034 2754 et
1058 2689 1184 2754 desicut
1202 2713 1267 2754 non

155 2793 280 2878 excipit
296 2793 331 2857 in
352 2791 446 2856 breui
468 2814 526 2856 suo
548 2813 607 2856 nec
630 2791 665 2856 in
689 2792 873 2857 narracione
897 2793 1145 2858 aduocacionem
1168 2795 1267 2870 illam,

154 2921 219 2962 non
235 2897 295 2962 wlt
307 2895 502 2982 respondere
517 2895 633 2961 adhoc
648 2895 747 2960 breue
763 2895 826 2960 nisi
840 2896 930 2960 ouria
944 2897 1204 2962 considerauerit.

221 3003 267 3066 Et
284 3001 451 3066 Galfn'dus
465 3000 546 3065 dicit
561 3000 646 3086 quod
661 3022 775 3065 reuera
794 3000 880 3086 petit
900 3009 1005 3065 totam
1028 3010 1147 3066 terram
1169 3023 1267 3086 quam

155 3107 270 3171 Abbas
286 3113 379 3170 tenet
393 3104 429 3169 in
444 3103 558 3169 eadem
573 3104 653 3168 uilla
672 3127 745 3168 cum
768 3105 985 3190 pertinenciis,
1000 3114 1050 3169 set
1072 3127 1137 3170 non
1158 3107 1267 3191 posuit

155 3210 190 3273 in
205 3210 283 3272 uisu
299 3207 547 3272 aduocacionem
563 3229 622 3271 nec
637 3207 761 3292 aliquid
775 3208 895 3272 clamat
909 3207 950 3272 de
965 3207 1185 3272 eduocacione.

222 3313 268 3376 Et
299 3311 378 3398 quia
399 3311 564 3377 Galfridus
585 3311 749 3397 cognoscit
771 3311 857 3396 quod
880 3312 999 3376 clamat
1021 3319 1125 3376 totam
1148 3320 1267 3376 terram

154 3437 255 3501 quam
295 3413 409 3478 Abbas
440 3421 533 3478 tenet
569 3413 603 3477 in
636 3412 749 3478 eadem
781 3413 862 3478 nilla
890 3437 965 3478 cum
994 3415 1203 3500 pertinenciis
1232 3423 1267 3479 et
1305 3431 1381 3471 orror·-

154 3517 330 3582 aduocacic
355 3525 404 3580 est
422 3515 463 3580 de
483 3516 692 3602 pertinenciis
712 3524 747 3581 et
768 3539 833 3582 non
856 3517 983 3603 excepit
1006 3539 1078 3582 eam
1101 3517 1136 3582 in
1158 3519 1266 3596 breue,

154 3619 230 3684 ideo
261 3619 502 3684 consideratum
525 3627 575 3682 est
598 3617 684 3704 quod
706 3618 818 3684 Abbas
839 3642 905 3683 non
927 3619 1120 3705 respondeat
1142 3620 1184 3685 ad
1207 3620 1267 3685 hcc

153 3725 266 3802 breue,
281 3733 316 3788 et
341 3724 413 3789 ideo
437 3723 548 3788 Abbas
572 3723 648 3788 inde
672 3723 741 3788 sine
765 3724 817 3790 die
840 3733 874 3788 et
899 3724 1063 3789 Galfridus
1085 3725 1119 3790 in
1144 3725 1266 3792 miseri·

154 3827 275 3892 cordia

97 3986 103 3998 .
222 3930 426 3994 ‘Rannulfus
435 3929 521 3993 filius
532 3929 666 3996 Henrici
675 3930 761 4016 petit
770 3929 1089 3995 uersusWillelmnm
1099 3931 1266 3996 Britonem
1290 3955 1417 3998 somma.

187 4137 199 4234 ξ
216 4137 294 4214 Lm.
306 4137 332 4188 9.
739 4136 902 4212 apparently¹
913 4136 947 4199 by
963 4137 1019 4186 him
1036 4136 1094 4187 who
1117 4137 1205 4188 scored
1222 4139 1267 4189 the

187 4265 200 4299 ²
216 4204 341 4317 griffi:
351 4200 506 4329 mdpgfaoicedidt
518 4266 548 4316 Δ.
739 4201 797 4315 idid
817 4201 1269 4320 tissimtdireBidddopcriiiqlireilsaii

187 4333 248 4383 ίΔ.
263 4347 300 4380 m.
313 4333 330 4382 9
341 4331 366 4381 d.
740 4331 785 4382 thc
804 4331 889 4380 Abbot
908 4331 961 4381 had
980 4331 1091 4396 nothing
1108 4333 1136 4383 in
1156 4332 1201 4384 the
1221 4334 1265 4386 sd·

187 4399 241 4448 ‘et
264 4399 348 4447 Attae
367 4397 449 4446 nichil
471 4404 536 4446 tenet
555 4399 585 4446 de
611 4397 687 4446 oduc-
740 4409 855 4453 vowson;
870 4397 941 4445 sect.
953 4399 1001 4447 433
1012 4397 1037 4448 b.

153 4466 269 4520 caricae,
281 4462 384 4512 written
395 4463 423 4510 in
439 4461 484 4510 the
500 4462 601 4522 margin
619 4463 647 4511 oi
666 4462 689 4509 A
772 4461 829 4509 οΑ.
841 4475 876 4510 m.
889 4463 904 4512 9
916 4461 941 4512 d.
