3276 5234
385 433 449 494 288
594 439 826 498 urcmmuls,
848 437 913 486 nn.
939 422 1031 496 1229,
1054 434 1116 484 nn.
1143 421 1278 484 13-14'.

383 614 437 682 et¹
452 613 532 680 dicit
551 610 637 698 quod
659 609 701 676 ed
723 609 864 696 primum
880 607 988 673 breue.
1034 607 1078 672 Et
1099 605 1172 673 ideo
1191 606 1316 672 dictum
1338 603 1493 690 estquod

383 718 543 784 Renulfus
558 716 708 782 obseruet
722 713 810 780 diem
825 735 920 778 suum
936 721 995 777 etc
1616 709 1617 736 ³

198 1247 204 1268 ἱ
265 1229 267 1234 .
371 1169 446 1258 'DE
468 1171 675 1239 TERMINO
700 1170 731 1236 S.
753 1168 1005 1236 MIOHAELIS
1028 1167 1160 1232 ANNO
1183 1165 1330 1232 REGNI
1353 1165 1491 1230 REGIS

428 1275 624 1342 HENRICI
647 1271 989 1339 TEROIODEGIMO
1005 1269 1274 1336 INCIPIENTE
1296 1269 1447 1333 XIIII¹¹⁰.

450 1533 561 1599 Assiso
582 1555 666 1598 noue
688 1532 855 1598 disseisine
876 1539 973 1618 cepte
994 1529 1083 1617 apud
1105 1531 1264 1596 Exoniem
1284 1531 1319 1596 in
1336 1529 1495 1596 crastino¹

283 1665 323 1694 mu
386 1636 418 1702 S.
435 1636 605 1702 Leurencii
619 1657 677 1722 per
691 1644 881 1721 preceptum
896 1633 1018 1699 domini
1034 1633 1134 1720 Regis
1148 1656 1255 1698 coram
1271 1633 1437 1698 Willelmo
1451 1632 1493 1696 de

385 1739 534 1827 Roleghe
559 1749 594 1804 et
616 1739 710 1804 sociis
733 1739 800 1804 suis
826 1761 906 1825 quos
927 1761 1037 1804 secum
1059 1738 1219 1824 asumpsit
1240 1737 1364 1802 scilicet
1385 1759 1493 1801 corum

386 1842 517 1908 Decano
533 1841 672 1907 Exonie⁸
692 1850 727 1906 et
742 1841 824 1919 eliis,
838 1863 924 1906 enno
938 1840 1131 1927 supradicto.

450 1945 562 2010 Assise
590 1944 683 2009 uenit
712 1943 918 2030 recognitum
946 1943 974 2008 si
997 1943 1194 2011 ,Euerwinus
1226 1942 1313 2006 filius
1343 1941 1495 2006 Geruesii

385 2047 507 2112 iniuste
522 2056 581 2113 etc
596 2046 773 2112 disseisiuit
788 2047 952 2133 Rogerum
974 2045 1079 2110 filium
1101 2044 1260 2110 Osmundi
1279 2044 1433 2110 clericum
1453 2044 1495 2109 de

386 2152 487 2217 libero
501 2160 689 2216 tenemento
703 2173 762 2216 suo
777 2149 812 2215 in
827 2150 940 2236 Leghe
953 2158 1027 2235 post
1041 2147 1147 2212 ultim’
1162 2156 1221 2212 etc

452 2256 496 2320 Et
511 2255 700 2320 Euerwinus
719 2253 813 2318 uenit
835 2261 870 2318 et
891 2253 974 2318 bene
994 2251 1141 2317 concedit
1161 2251 1248 2338 quod
1267 2259 1495 2316 tenementum

386 2358 468 2424 illud
483 2357 569 2424 unde
584 2359 674 2424 uisus
688 2359 793 2424 lactus
808 2357 874 2422 est*
888 2358 939 2422 ius
959 2381 1055 2422 suum
1075 2365 1126 2422 set
1150 2356 1230 2422 dicit
1252 2356 1339 2442 quod
1361 2354 1495 2441 quidam

388 2461 549 2527 Robertus
564 2461 663 2525 frater
677 2481 755 2525 suus
769 2459 1006 2546 primogenitus
1020 2459 1061 2523 de
1076 2480 1141 2545 quo
1160 2459 1325 2544 predictus
1348 2459 1495 2545 Rogerus

388 2562 496 2628 tenuit
518 2562 595 2626 fecit
617 2561 781 2648 quendem
802 2561 982 2647 simplicem
1004 2560 1156 2626 seisinem
1175 2560 1217 2625 de
1235 2569 1424 2630 tenemento
1438 2560 1496 2624 illo

388 2687 447 2752 pro
477 2665 607 2730 defectu
633 2665 762 2730 seruicii
784 2665 870 2752 quod
893 2665 924 2730 ei
945 2689 966 2730 o
986 2673 1073 2730 retro
1095 2664 1159 2729 fuit
1181 2672 1232 2728 set
1253 2664 1343 2729 nullo
1364 2664 1498 2750 explete

388 2769 464 2835 inde
489 2769 585 2856 cepit.
629 2768 748 2834 Postea
772 2777 884 2833 eutem
906 2766 998 2832 dedit
1020 2766 1181 2853 quoddam
1203 2766 1384 2831 manerium
1407 2765 1496 2832 unde

388 2881 614 2938 tenementum
629 2871 711 2936 illud
726 2871 790 2936 fuit
804 2872 985 2936 membrum
997 2870 1054 2936 isti
1065 2870 1236 2934 Euerwino
1246 2869 1281 2934 in
1296 2870 1495 2936 escambium

388 2975 556 3040 cuiusdam
565 2975 700 3040 alterius
711 2982 804 3052 terre,
815 2983 849 3039 et
857 2974 920 3038 iste
932 2973 1121 3040 Euerwinu
1130 2981 1302 3060 postquem
1314 2973 1497 3038 manerium

388 3077 470 3142 illud
484 3077 601 3143 hebuit
615 3078 650 3142 in
665 3100 763 3142 manu
779 3099 838 3142 sua
857 3077 966 3142 tenuit
987 3085 1214 3142 tenementum
1234 3075 1317 3140 illud
1335 3075 1371 3140 in
1394 3098 1495 3141 manu

388 3204 448 3247 suo
473 3191 508 3247 et
530 3181 665 3248 tradidit
687 3181 770 3246 illud
792 3180 920 3245 cuidam
942 3181 1066 3245 homini
1087 3180 1129 3245 ad
1152 3179 1364 3244 excolendum
1386 3202 1445 3266 pro
1471 3181 1496 3265 j.

389 3309 497 3352 merce
510 3308 608 3372 quam
628 3285 703 3350 inde
718 3285 806 3370 cepit
821 3291 855 3348 et
869 3284 951 3349 bene
969 3283 1050 3348 dicit
1070 3283 1156 3369 quod
1178 3283 1300 3368 pluries
1323 3283 1445 3368 optulit
1466 3283 1498 3347 ei

388 3390 612 3455 terramillam
628 3389 746 3476 persio
761 3387 847 3476 quod
862 3388 981 3452 feceret
1001 3386 1032 3452 ei
1052 3387 1225 3453 seruicium
1246 3386 1332 3474 quod
1352 3388 1498 3474 pertinet

387 3493 431 3558 od
445 3493 623 3579 predictam
638 3501 757 3558 terrem
772 3500 807 3557 et
822 3491 929 3556 adhuc
943 3491 1046 3556 offert.

455 3597 499 3660 Et
528 3597 673 3683 Rogemus
703 3596 795 3661 uenit
825 3603 860 3660 et
889 3592 1079 3680 dicitquod
1104 3616 1170 3658 non
1193 3601 1287 3658 tenet
1309 3593 1350 3660 de
1374 3616 1413 3659 eo
1436 3617 1497 3660 nec

389 3721 544 3784 umquam
559 3697 667 3762 tenuit
683 3705 717 3763 et
738 3697 819 3764 dicit
840 3697 926 3784 quod
947 3697 1055 3761 tenuit
1076 3705 1301 3762 tenementum
1325 3695 1409 3761 illud
1426 3705 1497 3762 toto

364 3809 367 3816 ’
389 3811 534 3887 tempore
549 3800 685 3866 Roberti
700 3799 808 3865 fratris
822 3799 917 3865 istius
933 3799 1096 3864 Euerwini
1111 3799 1213 3864 donee
1227 3799 1289 3863 iste
1304 3799 1497 3866 Euerwinus

389 3923 465 3967 eum
494 3901 677 3968 disseisiuit
738 3903 782 3966 Et
812 3901 889 3988 quie
917 3901 1082 3987 predictus
1112 3901 1303 3966 Euerwinus
1332 3902 1498 3989 cognoscit

389 4005 475 4092 quod
490 4006 576 4072 idem
592 4007 737 4095 Rogerus
752 4006 816 4071 fuit
831 4006 866 4070 in
886 4005 1003 4071 seisine
1022 4005 1063 4071 de
1085 4005 1231 4092 predicto
1253 4014 1443 4072 tenemento
1456 4013 1497 4072 'et

389 4107 601 4198 quod-frater
624 4130 702 4174 suus
728 4129 793 4172 non
820 4108 897 4172 feeit
922 4107 998 4172 inde
1024 4107 1087 4172 nisi
1116 4107 1292 4193 quemdem
1315 4107 1496 4194 simplicem

388 4211 539 4278 seisinam
565 4220 600 4276 et
622 4211 707 4298 quod
729 4211 798 4298 ipse
822 4210 1017 4277 Ewerwinus
1040 4210 1217 4276 disseisiuit
1241 4232 1317 4275 eum
1340 4209 1391 4275 ite
1410 4211 1497 4298 quod

551 4397 560 4430 ¹
578 4398 637 4448 Om.
649 4407 682 4448 et.
1078 4397 1089 4430 ³
1106 4398 1187 4448 Serlo.

551 4463 562 4496 ¹
579 4465 609 4512 11
621 4465 686 4526 Aug.
1078 4465 1089 4495 ⁴
1106 4464 1205 4526 supply
1216 4471 1259 4515 est.
