3308 5226
387 451 449 516 694
614 454 850 523 strennum,
871 457 939 510 nn.
960 443 1055 520 1224,
1075 459 1141 507 ns.
1163 445 1258 508 8-9.

383 634 528 702 oliorum
572 631 666 700 Idem
687 629 757 697 dies
777 629 877 696 dctus
896 637 947 696 cst
968 629 1023 717 xij,
1046 629 1160 718 pmj„
1181 632 1437 719 mmmm
1447 633 1487 700 de

328 903 337 922 .
385 759 799 908 puilszhuoettrie
820 837 999 926 0Pi¹1ffi⁸⁰
1021 837 1080 926 iiiJ·
1102 837 1157 905 die
1177 861 1292 906 nasus
1314 837 1490 906 liebertum
1534 897 1537 906 ,

384 947 450 1013 Nel
472 946 512 1012 de
534 943 653 1031 plncito
675 941 762 1029 quod
783 942 816 1008 ei
835 941 952 1008 reddet
974 963 1026 1008 nr.
1048 965 1174 1008 merces
1194 965 1276 1029 ques
1297 943 1330 1008 ei
1347 942 1447 1008 debet
1458 953 1491 1024 et
1626 991 1627 994 η

384 1050 505 1116 iniuste
526 1047 655 1114 detinet
676 1053 715 1111 ut
737 1045 819 1113 dicit
839 1053 901 1112 etc.
946 1045 993 1112 Et
1010 1046 1176 1112 liebertus
1195 1067 1262 1110 non
1275 1046 1371 1112 uenit
1386 1055 1447 1113 etc
1459 1057 1493 1114 et

385 1153 493 1240 plnres
515 1151 592 1216 fecit
613 1149 758 1228 defaltas,
780 1150 829 1216 ite
850 1149 938 1237 quod
959 1149 1002 1216 sd
1023 1150 1178 1214 uitimnm
1200 1149 1288 1216 diem
1305 1159 1493 1238 preceptum
1626 1133 1627 1198 i

385 1258 450 1324 fuit
470 1256 556 1344 quod
577 1255 757 1322 uicecomes
777 1254 988 1341 distringeret
1010 1277 1087 1320 eum
1108 1277 1169 1342 per
1189 1263 1292 1322 terras
1315 1263 1351 1322 et
1379 1256 1494 1322 comta
1626 1303 1627 1306 η

382 1383 444 1428 sue
458 1370 519 1428 eto.
533 1383 571 1426 eo
585 1359 672 1447 qnod
685 1359 849 1425 subtraxit
863 1381 898 1424 se
913 1367 975 1426 etc
991 1368 1026 1425 et
1038 1359 1217 1426 nicecomes
1227 1361 1401 1426 mandauit
1410 1361 1493 1447 quod

384 1464 472 1550 cepit
493 1471 612 1528 terrem
635 1485 727 1528 sunm
749 1461 785 1526 in
806 1485 942 1528 menum
963 1461 1058 1528 Dom.
1081 1463 1184 1550 Regis
1211 1472 1246 1530 et
1264 1464 1404 1544 estella,
1431 1463 1496 1530 scil.

385 1568 518 1636 bladum
532 1567 574 1634 de
589 1567 650 1632 hoc
663 1587 750 1632 enno
764 1575 843 1633 etv.
858 1567 968 1644 boues,
983 1575 1019 1632 et
1040 1565 1115 1632 ideo
1136 1587 1195 1652 per
1215 1567 1389 1634 consilium
1410 1568 1494 1633 cun'e

385 1680 575 1758 preceptum
590 1683 641 1736 est
654 1669 839 1736 uicecomiti
853 1669 941 1757 quod
955 1669 996 1736 de
1011 1669 1107 1736 terris
1121 1677 1156 1736 et
1170 1669 1299 1736 catallis
1313 1669 1414 1736 facist
1425 1669 1494 1735 illos

385 1775 533 1842 denerms
547 1781 582 1840 ct
597 1774 718 1840 hsbest
731 1773 804 1842 illos
818 1773 854 1840 in
869 1773 982 1842 Octeh
1000 1774 1033 1840 S
1048 1773 1144 1840 Mart
1159 1773 1201 1839 ad
1216 1772 1371 1840 reddend’
1382 1773 1454 1840 etc*

451 1879 625 1944 'Ricardus
659 1878 746 1944 filius
782 1879 943 1944 Johcnnis
978 1878 1020 1943 de
1057 1877 1226 1944 Londonie
1260 1878 1351 1964 petit
1385 1901 1495 1944 uersus

386 1983 581 2050 Nicholenm
603 1981 644 2048 de
666 1982 836 2048 Wibitons
857 1983 945 2070 qnod
965 1982 1082 2050 reddet
1104 1983 1136 2048 ei
1158 2007 1207 2048 xx.
1231 2003 1359 2048 merces
1373 2005 1452 2069 ques
1465 1981 1495 2047 ci

385 2089 484 2155 debet
498 2111 557 2175 per
570 2096 692 2154 certem
707 2087 809 2174 ipsius
824 2089 978 2155 Nicholei
991 2111 1090 2175 quam
1105 2089 1193 2154 idem
1205 2087 1367 2154 Ricardus
1377 2089 1495 2175 profert

384 2200 422 2258 et
442 2203 505 2278 que'
527 2191 676 2260 debitum
698 2191 781 2258 illud
802 2199 952 2270 testetur,
974 2201 1011 2258 et
1031 2192 1119 2258 unde
1141 2193 1222 2258 dicit
1244 2191 1335 2278 quod
1355 2213 1415 2279 per
1438 2193 1496 2259 hoc

385 2295 471 2382 quod
494 2319 558 2360 non
579 2295 722 2362 reddidit
744 2297 776 2361 ei
797 2295 948 2361 debitum
969 2295 1052 2362 illud
1073 2295 1250 2362 secundum
1264 2303 1394 2362 certem
1407 2318 1495 2361 sunm

384 2407 445 2466 etc
459 2399 674 2466 deterioratos
689 2407 739 2466 est
752 2399 796 2465 sd
810 2399 989 2486 dampnum
1001 2407 1061 2466 etc
1073 2409 1109 2466 et
1119 2401 1196 2466 inde
1204 2401 1358 2486 producit
1368 2407 1496 2468 sectam.

386 2503 429 2568 Et
443 2503 628 2569 continetur
642 2505 677 2569 in
692 2513 781 2570 certe
795 2503 883 2591 quod
896 2503 983 2570 idem
1000 2505 1180 2570 Nicholeus
1193 2504 1305 2591 posuit
1316 2505 1495 2572 manerium

383 2628 480 2670 suum
495 2605 744 2674 de'Willintone
757 2607 793 2672 in
807 2629 924 2672 manus
938 2605 1073 2673 telium⁴
1086 2608 1136 2674 ita
1155 2607 1241 2694 quod
1261 2607 1329 2674 nisi
1347 2607 1494 2674 redderet
1537 2669 1539 2672 ,

384 2709 427 2784 ed
448 2709 625 2776 terminum
646 2720 706 2777 etc.
728 2709 793 2798 ipsi
814 2711 897 2778 telos
918 2711 1178 2778 committerent⁸
1198 2713 1385 2778 manerium
1413 2711 1493 2776 illud

385 2815 492 2882 cidem
506 2815 645 2882 Rimrdo
658 2825 719 2883 etc

383 2975 385 2982 ,
450 2919 495 2982 Et
510 2917 689 2984 Nicholsns
703 2918 797 2984 uenit
811 2927 847 2984 et
859 2919 1026 3007 cognoscit
1039 2929 1163 2985 certem
1182 2920 1274 2985 illam
1292 2929 1329 2987 et
1348 2919 1493 2986 debitum

384 3027 419 3086 et
441 3029 549 3086 totum
570 3030 680 3109 preter
700 3021 887 3108 dampnum.
932 3023 1052 3088 Postea
1070 3023 1204 3088 recemit
1225 3021 1407 3090 Nicholaus
1426 3023 1493 3088 sine

382 3125 527 3203 licencia,
542 3133 576 3192 et
590 3126 663 3192 ideo
678 3125 916 3192 consideratum
935 3135 986 3193 est
1006 3126 1093 3215 quod
1113 3127 1271 3194 Ricardus
1290 3127 1494 3215 recuperauit

384 3228 535 3294 debitum
556 3251 653 3294 snum
675 3237 710 3295 et
731 3229 910 3295 uicecomes
932 3229 1053 3295 hebeat
1074 3251 1190 3316 corpus
1210 3251 1309 3296 suum
1330 3231 1374 3296 sd
1395 3230 1492 3296 elium

385 3331 473 3398 diem
488 3332 529 3397 sd
544 3331 804 3420 respondendum
813 3336 918 3420 'quere
932 3333 1066 3399 recessit
1080 3333 1150 3398 sine
1164 3333 1305 3399 licencia

450 3436 631 3502 ‘iohannes
652 3437 693 3503 de
716 3438 829 3503 Monte
850 3438 958 3503 Acuto
979 3438 1066 3524 petit
1087 3459 1201 3504 uersus
1229 3437 1425 3504 Geuiridum
1453 3437 1492 3502 de

270 3598 275 3606 .
385 3543 559 3608 Fumeeus
581 3543 669 3630 quod
690 3541 788 3609 faciet
810 3543 842 3608 ei
863 3542 1113 3608 consuetudines
1127 3549 1162 3608 et
1176 3551 1266 3608 recte
1279 3543 1418 3609 semicia
1432 3565 1493 3630 que

386 3643 418 3709 ei
440 3643 543 3709 fecere
565 3643 664 3709 debet
685 3643 727 3709 de
749 3645 850 3710 libero
864 3653 1052 3710 tenemento
1066 3667 1126 3710 sno
1140 3645 1226 3732 quod
1241 3645 1282 3712 de
1298 3669 1337 3712 eo
1352 3655 1445 3713 tenet
1458 3647 1491 3711 in

387 3745 606 3824 Thomebiris,
621 3745 709 3812 unde
722 3746 812 3813 idem
826 3747 849 3813 J
849 3747 992 3814 ohannes
1006 3748 1188 3836 dicitquod
1206 3749 1294 3816 idem
1316 3751 1491 3817 Geufridus

386 3849 485 3917 debet
497 3851 530 3916 ci
539 3849 669 3916 feodum
680 3851 778 3916 nnius
789 3851 903 3918 militis
914 3852 955 3918 de
966 3852 1079 3919 eodem
1091 3848 1279 3920 tenemento
1293 3863 1328 3921 et
1339 3877 1406 3920 non
1417 3853 1491 3922 fecit

387 3955 418 4021 ei
440 3979 490 4022 xz
513 3957 608 4022 annis
622 3957 793 4022 transactis
807 3955 871 4022 nisi
885 3967 1034 4024 octauam
1048 3967 1176 4046 pnrtcm
1191 3959 1291 4025 unius
1304 3959 1422 4026 militis
1435 3983 1491 4047 per

387 4059 473 4146 quod
488 4060 519 4127 ei
532 4069 638 4127 eretro
652 4069 731 4126 sunt
744 4069 784 4126 ut
799 4061 833 4126 in
848 4063 1004 4150 scutagiis
1018 4071 1054 4129 et
1067 4063 1140 4130 eliis
1162 4064 1327 4131 forinsecis
1346 4089 1398 4132 xx
1419 4065 1487 4131 libr.

387 4163 615 4251 sterlingorum
630 4172 665 4230 et
679 4165 739 4231 hoc
753 4165 848 4230 offert
859 4173 918 4232 etc

420 4289 741 4353 1s.m.1oo;1tm.7.
993 4294 1085 4346 ‘nan
1101 4297 1255 4360 Harenacet
1271 4296 1330 4347 not.
1350 4297 1381 4346 de
1397 4297 1487 4347 Lexia-

420 4355 755 4420 ¹Forde1sultprocsssin
772 4371 809 4408 sn
823 4357 911 4410 sction
962 4360 1071 4421 tonc,t,
1084 4359 1124 4423 B;
1141 4361 1407 4424 twoottheinstices.

387 4419 714 4476 otdsbtseeBr.t.440b.
994 4425 1195 4488 'maceston
1208 4419 1455 4486 mutuantmt.

419 4485 609 4547 ⁸t.m.1od;
627 4487 765 4540 B.m.⁷d.
794 4503 795 4506 ¹
994 4485 1051 4542 ⁸13.
1066 4489 1163 4541 med.
