3260 5218
320 449 361 512 12
622 463 774 523 rammi,
797 464 861 512 nn.
887 449 980 524 1218,
1003 463 1066 513 nn.
1094 449 1121 510 2.

318 636 461 722 ipsarum
494 633 665 698 hiatillidis
696 643 730 698 et
768 634 944 711 Hauwisie,
981 658 1044 721 que
1076 657 1130 699 eas
1162 633 1356 720 contingunt
1385 633 1426 697 dc

319 741 501 806 hereditate
525 739 683 803 Willelmi
713 740 753 803 de
784 739 945 803 Boclonde
975 738 1076 824 patris
1105 761 1216 802 earum
1239 738 1295 823 qui
1324 759 1429 822 nuper

318 843 411 920 obiit,
438 842 530 907 cuius
557 842 692 906 heredes
716 841 784 926 ipse
811 850 896 918 sunt,
919 841 1004 904 unde
1028 841 1212 904 Wiileimus
1234 848 1268 904 et
1291 838 1431 904 Matiliis

318 955 438 1031 petunt
460 945 495 1010 in
518 945 675 1009 comitatu
699 945 906 1030 Bukingham
928 945 1061 1009 terciam
1082 953 1208 1030 partam
1229 943 1365 1008 manerii
1386 943 1429 1006 de

320 1051 476 1136 Sipeham
500 1072 575 1114 cum
600 1048 809 1134 pertinenciis
834 1057 867 1112 et
898 1048 932 1112 in
963 1048 1108 1112 Bercsira
1137 1047 1270 1112 terciam
1300 1056 1429 1132 partem

319 1154 456 1218 manerii
486 1153 526 1217 de
557 1153 718 1217 Boclonde
749 1175 823 1217 cum
855 1153 1064 1238 pertinenciis
1094 1161 1128 1216 et
1165 1152 1199 1215 in
1237 1151 1431 1216 Bedefordia

321 1255 456 1320 terciam
481 1264 608 1340 partem
631 1256 768 1320 manerii
791 1256 830 1320 de
855 1256 1011 1320 Westona
1032 1263 1066 1319 et
1088 1255 1123 1318 in
1146 1255 1272 1319 Oxonia
1294 1254 1429 1318 terciam

320 1365 446 1444 partem
462 1357 598 1422 manerii
613 1358 653 1421 de
669 1357 793 1422 Redcot
809 1366 842 1422 et
858 1357 898 1422 de
916 1358 1071 1442 Graltona
1085 1381 1159 1421 cum
1175 1357 1382 1442 pertinenciis
1393 1365 1429 1420 et

320 1463 356 1526 in
386 1463 577 1526 Herefordia
607 1463 739 1526 terciam
770 1471 897 1547 partem
935 1461 1072 1526 manerii
1108 1462 1148 1525 de
1186 1461 1325 1546 Andeby
1353 1483 1429 1524 cum

321 1565 537 1650 pertinenciis.
584 1566 626 1628 Et
642 1565 808 1630 Johannes
826 1565 866 1629 de
883 1564 1011 1628 Bouilla
1025 1573 1059 1628 et
1075 1563 1243 1628 Hauwisia
1264 1586 1345 1626 uxor
1359 1563 1430 1626 eius

321 1689 380 1751 per
394 1666 506 1730 eadem
525 1665 627 1730 uerba
647 1675 765 1750 petunt
787 1666 902 1729 tercias
924 1675 1033 1750 partes
1051 1665 1266 1750 predictorum
1291 1665 1428 1729 maneri·

319 1793 412 1834 orum
428 1778 466 1833 ut
482 1769 708 1833 racionabilem
725 1777 851 1854 partem
866 1769 967 1854 ipsius
983 1769 1156 1833 Hauwisia.

388 1877 431 1938 Et
448 1875 610 1938 Robertus
625 1883 659 1938 et
675 1875 697 1938 J
699 1875 827 1937 ohanna
842 1873 980 1938 ueniunt
996 1881 1030 1936 et
1046 1873 1159 1936 dicunt
1179 1873 1263 1958 quod
1285 1872 1430 1957 predicta

321 1979 467 2044 maneria
490 1978 659 2042 nominata
680 1986 758 2042 sunt
780 1978 814 2040 in
836 1977 992 2042 breuibus
1014 2001 1087 2042 eum
1111 1977 1326 2062 pertinenciis
1344 1977 1429 2041 unde

322 2082 435 2146 dicunt
451 2080 537 2166 quod
552 2081 661 2165 plures
676 2089 753 2144 sunt
769 2080 969 2165 pertinencia
985 2088 1019 2143 et
1034 2079 1107 2144 ideo
1127 2088 1245 2164 petunt
1267 2079 1372 2143 uisam
1388 2079 1428 2143 de

322 2185 477 2250 maneriis
503 2208 578 2249 cum
602 2185 813 2270 pertinenciis
839 2185 925 2248 ande
952 2193 1071 2269 petunt
1094 2193 1203 2269 partes
1232 2207 1315 2260 suaa,
1338 2193 1372 2248 et
1402 2183 1429 2247 si

322 2289 413 2353 curia
442 2287 695 2352 considerauorit
724 2287 809 2372 quod
832 2309 897 2350 non
923 2287 1064 2350 debeant
1094 2286 1212 2351 habere
1243 2287 1349 2351 uisum
1379 2309 1428 2351 re-

321 2393 529 2478 spondebunt
544 2391 607 2454 alio
623 2391 717 2454 modo
732 2391 937 2456 sufficienter.

388 2495 571 2560 Willclmus
586 2503 620 2558 et
635 2495 772 2558 Matillis
788 2495 811 2559 J
812 2494 954 2558 ohannes
970 2504 1004 2558 et
1026 2493 1193 2558 Hauwisia
1212 2494 1325 2558 dicunt
1344 2493 1429 2579 quod

323 2621 386 2662 non
403 2597 524 2662 debent
539 2597 615 2661 inde
631 2597 739 2661 nisum
755 2598 874 2662 habere
891 2597 967 2683 quia
985 2598 1047 2683 ipsi
1068 2598 1217 2662 nesciunt
1237 2621 1300 2684 que
1320 2606 1429 2682 partes

322 2701 370 2764 eis
399 2699 542 2764 accidere
573 2699 697 2784 possint
727 2699 769 2764 ad
800 2710 908 2785 partes
934 2723 1008 2764 suas
1038 2709 1072 2764 et
1102 2711 1249 2785 preterea
1274 2700 1336 2785 ipsi
1365 2721 1430 2762 non

323 2811 441 2887 petunt
457 2811 565 2886 partes
581 2824 654 2866 suas
669 2801 732 2865 nisi
747 2802 786 2866 de
803 2802 984 2867 hereditate
1000 2826 1062 2888 quo
1079 2803 1141 2867 fuit
1157 2803 1313 2867 WilleImi
1327 2802 1429 2888 patris

323 2929 434 2971 earum
450 2906 536 2970 unde
552 2905 685 2969 uidetur
699 2906 745 2969 eis
760 2906 846 2991 quod
861 2907 923 2991 ipsi
939 2929 1003 2970 non
1018 2906 1139 2970 debent
1154 2906 1273 2970 habere
1288 2905 1403 2969 uisum.

388 3009 636 3075 Consideratum
652 3017 701 3073 est
717 3009 803 3094 quod
818 3009 1017 3094 respondeat.

389 3115 432 3178 Et
448 3113 584 3177 Matillis
599 3113 639 3176 de
656 3113 722 3198 Say
742 3113 834 3176 uenit
855 3123 889 3178 et
910 3113 1062 3200 cognouit
1083 3113 1169 3199 quod
1192 3113 1292 3178 nichil
1312 3113 1431 3177 clamat

170 3229 219 3304 ἔξω
261 3260 275 3300 ι,
323 3221 358 3285 in
372 3220 515 3284 manerio
530 3221 570 3283 de
586 3219 743 3282 Westona
757 3217 819 3281 nisi
834 3218 943 3282 dotem
959 3241 1051 3282 suam
1067 3227 1126 3282 etc.

390 3324 432 3387 Et
455 3324 617 3387 Robertus
639 3329 673 3385 et
696 3321 1038 3385 Johannes²1reniunt
1063 3330 1097 3385 et
1121 3321 1234 3385 dieunt
1258 3321 1343 3406 quod
1366 3343 1430 3384 non

324 3437 458 3514 possunt
488 3451 547 3492 nec
577 3426 698 3490 debent
729 3426 776 3490 eis
805 3427 996 3511 respondere
1026 3425 1103 3511 quia
1132 3425 1274 3513 dignitas
1304 3427 1431 3512 Regum

324 3532 443 3617 Anglie
473 3555 600 3617 semper
628 3531 691 3595 suit
722 3555 742 3596 a
776 3541 953 3617 conquestu
988 3532 1108 3618 Anglie
1143 3531 1229 3618 quod
1258 3531 1285 3595 si
1315 3531 1431 3616 aliquis

324 3635 481 3699 baronum
497 3635 619 3698 domini
634 3635 718 3721 regis
734 3636 920 3700 tenencium
936 3637 976 3700 de
996 3636 1125 3700 domino
1146 3659 1220 3723 rege
1241 3635 1382 3711 obiisset,
1397 3644 1431 3699 et

324 3760 389 3801 non
411 3737 546 3800 haberet
568 3736 702 3801 heredes
724 3738 787 3801 nisi
809 3739 900 3816 filias,
914 3749 949 3803 et
969 3739 1184 3826 primogenite
1199 3739 1264 3803 filie
1280 3739 1431 3803 maritate

324 3849 432 3906 essent
447 3840 481 3904 in
497 3840 568 3904 uita
583 3841 684 3926 patris
699 3841 759 3918 sai,
774 3841 923 3907 dominus
937 3867 993 3908 rex
1014 3843 1106 3908 daret
1125 3851 1309 3928 postnatam
1330 3843 1431 3907 filiam

325 3969 387 4032 que
404 3953 585 4009 remaneret
600 3945 634 4008 in
649 3945 831 4012 hereditate
847 3948 948 4034 patris
963 3948 1022 4025 sui,
1035 3948 1132 4012 alicui
1143 3949 1285 4012 militum
1301 3971 1431 4012 suorum

324 4070 398 4112 cum
414 4055 485 4110 tota
499 4046 681 4112 hereditate
698 4048 799 4133 patris
819 4050 870 4114 sui
890 4050 930 4114 de
950 4073 1015 4136 qua
1035 4050 1116 4114 obiit
1131 4050 1269 4126 saisitus,
1284 4050 1332 4114 ita
1346 4051 1432 4136 quod

358 4203 366 4234 ¹
384 4201 468 4252 When
486 4203 530 4252 the
548 4207 688 4253 annotator
704 4220 763 4267 says
779 4205 853 4255 nisus
900 4205 953 4272 (see
965 4207 1012 4257 No.
1027 4209 1053 4267 Si
1067 4205 1111 4255 the
1126 4207 1266 4254 annotator
1281 4220 1341 4266 says
1358 4205 1433 4254 uisus

325 4269 459 4328 dencpaiua
471 4269 498 4316 in
510 4273 631 4330 proparte
641 4285 765 4328 sororum,
776 4271 852 4319 Brac·
903 4273 969 4320 iacet
981 4271 1013 4319 da
1028 4275 1156 4333 properie,
1168 4272 1281 4320 Bracton
1293 4271 1373 4331 citing
1388 4269 1432 4320 the

325 4337 372 4383 ton
394 4333 420 4396 (f.
443 4335 492 4384 376
509 4333 534 4396 b)
552 4335 633 4396 citing
651 4335 695 4384 the
715 4349 772 4383 case
792 4351 853 4397 says
903 4351 960 4385 case
972 4351 1031 4398 says
1043 4335 1147 4384 uidetur
1157 4335 1226 4398 quod
1238 4335 1311 4384 uisas
1324 4339 1415 4385 iaceat.

325 4400 488 4458 derrcpahitar
502 4398 605 4458 quidem
618 4399 716 4448 tenenti
734 4401 807 4448 uisus
824 4401 852 4448 in
936 4401 946 4433 ²
963 4402 1035 4450 Corr.
1047 4403 1174 4451 Johoarro.

324 4463 420 4526 placito
437 4463 467 4512 de
487 4467 606 4526 proparte
627 4479 759 4524 sororum
777 4465 852 4514 when
