3314 5238
396 447 719 512 »nonantulana
745 433 839 508 1231,
861 445 924 496 nn
950 432 1087 496 15-16.
1230 431 1291 494 491

184 654 299 700 uersus
320 628 500 718 predictam
526 625 657 690 Annam
682 621 736 686 uel
760 619 846 707 quod
869 618 901 685 ci
926 618 1085 684 deliberet
1110 625 1228 681 terram
1254 614 1294 679 de

185 738 261 802 Toft
276 733 456 800 secundum
471 729 558 817 quod
572 727 733 794 conuenit.

252 843 297 908 Et
319 839 480 906 Radulfus
502 835 595 902 uenit
617 841 652 899 et
680 831 843 919 cognoscit
873 829 1123 896 conuencionem
1153 835 1188 891 et
1216 825 1296 891 dicit

188 945 321 1032 quodsi
336 943 470 1008 deberet
485 940 516 1006 ei
531 936 737 1004 warentizara
752 935 793 1000 de
811 943 899 999 terra
918 933 959 998 de
975 933 1050 998 Tou
1068 939 1118 996 set
1132 930 1297 1017 predictus

190 1047 350 1114 Osbertus
379 1046 479 1110 frater
508 1064 586 1107 suus
615 1040 650 1106 in
680 1039 752 1104 uita
780 1059 840 1102 sua
868 1036 958 1102 illam
988 1035 1124 1100 tradidit
1153 1033 1297 1121 predicto

190 1151 336 1216 Waltero
365 1149 408 1214 ad
437 1145 614 1213 terminum
643 1167 693 1208 xx.
719 1164 877 1207 annorum
906 1139 1084 1206 secundum
1115 1138 1201 1226 quod
1226 1160 1297 1224 pre-

190 1253 316 1318 dictum
347 1259 405 1328 est,
427 1258 462 1316 et
491 1249 631 1314 libenter
654 1246 686 1311 ei
711 1243 934 1341 warentizaret
957 1243 985 1308 si
1008 1251 1128 1308 terram
1150 1242 1241 1306 illam
1263 1241 1298 1306 in

191 1375 290 1418 manu
307 1374 367 1416 sua
386 1350 529 1416 haberet.
574 1347 619 1412 Et
634 1345 711 1432 quia
730 1343 873 1409 nescitur
892 1351 1005 1407 utrum
1027 1342 1115 1407 idem
1135 1342 1300 1406 Walterus

191 1456 281 1521 illam
303 1454 424 1519 habeat
444 1452 486 1518 ad
505 1449 682 1516 terminum
705 1447 758 1511 uel
781 1446 816 1511 in
838 1445 931 1510 feodo
953 1453 1197 1511 summoneatur
1210 1445 1299 1510 Wal-

192 1569 282 1626 terus
298 1557 385 1644 quod
400 1556 443 1622 sit
458 1563 517 1621 etc
534 1554 574 1618 ad
590 1549 826 1617 ostendendum
842 1549 921 1635 quid
936 1550 1015 1615 iuris
1031 1550 1150 1614 habeat
1164 1549 1199 1613 in
1214 1556 1301 1614 terra

192 1664 329 1750 illaque
344 1660 489 1748 obligata
503 1656 567 1721 fuit
581 1655 687 1722 eidem
703 1654 822 1718 Briano
837 1675 895 1739 per
917 1654 1166 1718 conuencionem
1181 1653 1300 1718 factam

193 1767 281 1831 inter
294 1765 403 1850 ipsum
418 1761 575 1826 Brianum
596 1767 630 1823 et
644 1757 827 1844 predictum
848 1756 1023 1822 Osbertum
1045 1765 1080 1821 et
1098 1765 1209 1822 utrum
1230 1779 1301 1821 eam

195 1877 308 1934 teneat
327 1867 361 1932 in
386 1865 478 1930 feodo
497 1864 551 1930 uel
573 1863 615 1928 ad
638 1862 764 1926 firmam
786 1869 821 1925 et
844 1861 931 1926 unde
955 1860 1041 1926 idern
1063 1861 1201 1926 Brianus
1223 1859 1302 1925 dicit

196 1971 282 2059 quod
301 1977 473 2056 postquam
491 1966 522 2030 ei
537 1966 681 2052 obligata
695 1965 758 2030 fuit
773 1963 860 2029 idem
876 1964 1035 2029 Osbertus
1049 1987 1121 2030 eam
1137 1965 1302 2030 alienauit.

139 2137 146 2150 ,
262 2072 442 2138 Nicholaus
462 2069 556 2136 Swift
575 2068 781 2134 athachiatus
801 2067 865 2132 fuit
883 2067 925 2132 ad
946 2067 1204 2154 respondendum
1221 2067 1300 2132 Wil-
1383 2090 1419 2120 u.

196 2181 294 2246 lelmo
308 2178 349 2242 de
364 2175 551 2240 Walesham
565 2195 664 2258 quare
679 2172 812 2254 intrusit
827 2195 861 2237 se
881 2171 916 2236 in
937 2172 1070 2236 terciam
1092 2179 1219 2258 partem
1239 2173 1300 2258 xvj.

196 2304 258 2348 acr.
284 2277 411 2344 marisci
433 2284 467 2341 et
497 2275 563 2360 viij.
585 2297 645 2340 acr.
668 2274 755 2361 prati
784 2297 859 2340 cum
888 2283 968 2360 pert.
995 2275 1030 2340 in
1061 2275 1238 2342 Mandham
1267 2285 1302 2342 et

197 2387 232 2451 in
258 2385 415 2450 Prestona
439 2389 551 2447 contra
576 2379 674 2446 finem
697 2381 819 2445 factum
841 2380 876 2444 in
898 2379 987 2445 curia
1008 2381 1101 2447 Dom.
1125 2381 1224 2468 Regis
1246 2381 1303 2467 qni

197 2511 284 2552 nunc
306 2495 356 2552 est
378 2485 465 2550 inter
485 2483 626 2550 eundem
651 2484 848 2550 Nicholaum
871 2492 1039 2570 petentem
1063 2493 1098 2552 et
1120 2487 1302 2572 predictum

197 2591 400 2656 Willelmum
421 2596 589 2654 tenentem
604 2587 644 2653 de
665 2589 766 2654 tercia
786 2597 878 2675 parte
899 2589 991 2654 lsol.
1007 2589 1154 2656 redditus
1175 2599 1210 2656 et
1232 2599 1304 2656 octo

197 2719 258 2762 acr.
275 2693 361 2782 prati
375 2715 450 2758 cum
465 2701 545 2779 pert.
562 2692 596 2756 in
612 2693 788 2758 Mendham
803 2701 838 2758 et
858 2693 892 2758 in
913 2695 1069 2760 Prestona
1090 2703 1124 2760 et
1144 2694 1185 2760 de
1205 2695 1306 2760 tercia

198 2807 291 2887 parte
306 2798 369 2883 xvj.
385 2819 446 2862 acr.
461 2795 589 2861 marisci
604 2804 638 2860 et
653 2819 725 2860 xxx.
741 2818 803 2861 aer.
817 2796 905 2862 bosci
920 2797 955 2861 in
971 2797 1156 2875 hlendham‚
1169 2807 1204 2863 et
1218 2798 1305 2864 unde

198 2903 383 2969 Willelmus
413 2901 561 2988 queritur
584 2901 670 2987 quod
699 2909 811 2966 contra
841 2901 939 2966 finem
968 2902 1062 2968 illum
1092 2903 1246 2968 deforciat
1275 2905 1306 2968 ei

199 3007 334 3074 terciam
359 3013 485 3092 partem
512 3003 577 3090 viij.
605 3026 666 3070 aer.
689 3005 775 3090 prati
797 3013 832 3069 et
855 3005 987 3071 terciam
1010 3015 1136 3092 partem
1158 3007 1220 3092 xvj.
1244 3031 1305 3072 aar.

199 3111 328 3180 marisci
342 3133 417 3176 cum
432 3118 513 3196 pert.

266 3217 311 3282 Et
327 3215 505 3280 Nicholaus
519 3213 613 3278 uenit
627 3221 662 3278 et
677 3213 840 3300 cognoscit
855 3214 952 3278 finem
974 3223 1009 3280 et
1032 3223 1138 3280 totum
1154 3215 1308 3302 quicquid

201 3323 235 3388 in
265 3319 455 3408 cirographo
484 3319 670 3384 continetur
698 3326 733 3384 et
760 3318 949 3405 dicitquod
978 3328 1029 3385 est
1058 3321 1092 3385 in
1121 3321 1240 3386 seisina
1268 3322 1308 3386 de

202 3425 353 3492 omnibus
368 3421 529 3488 contentis
550 3421 585 3486 in
606 3421 794 3508 cirographo
817 3429 851 3486 et
866 3422 949 3488 bene
972 3423 1052 3488 dicit
1074 3424 1160 3511 quod
1182 3425 1309 3490 nullum

203 3538 334 3617 pratum
364 3549 423 3592 nec
452 3524 607 3590 mariscus
636 3525 822 3590 continetur
851 3525 885 3590 in
915 3527 1102 3615 cirographo
1134 3551 1194 3594 nec
1229 3530 1309 3600 ciro.

202 3633 364 3723 graphum
388 3630 464 3696 inde
486 3629 564 3695 facit
586 3629 788 3696 mencionem
811 3631 963 3716 aliquam,
987 3639 1022 3696 et
1047 3633 1128 3698 bene
1148 3633 1311 3719 cognoscit

204 3737 290 3824 quod
313 3734 491 3800 Nicholaus
513 3734 553 3799 de
576 3734 753 3800 Mendham
783 3743 965 3800 antecessor
993 3735 1136 3821 ipsorum
1160 3735 1311 3802 Nicholai

207 3837 365 3905 Willelmi
386 3845 421 3902 et
435 3835 551 3902 Anicio
572 3836 740 3923 participis
762 3837 924 3922 ipsorum¹
939 3838 1003 3903 luit
1025 3839 1155 3905 seisitus
1177 3839 1217 3906 de
1240 3863 1312 3926 pre·

204 3942 292 4008 dicto
312 3947 406 4028 prato
428 3947 463 4004 et
486 3937 620 4004 marisco
644 3946 678 4004 et
700 3938 776 4004 inde
799 3939 882 4005 obiit
903 3941 1033 4007 seisitus
1057 3950 1092 4008 et
1114 3943 1200 4029 quod
1222 3944 1313 4009 nulla

205 4047 374 4116 contencio
389 4045 453 4112 fuit
468 4045 621 4110 intereos
641 4044 763 4110 nichil²
777 4044 818 4110 de
840 4047 941 4112 tercia
960 4055 1054 4134 parte
1074 4047 1213 4133 predicti
1227 4049 1313 4134 prati

207 4163 241 4220 et
262 4151 391 4218 marisci
413 4157 448 4214 et
469 4150 526 4215 illa
549 4149 650 4214 tercia
672 4171 746 4235 pars
770 4150 924 4215 remansit
946 4150 1053 4216 eidem
1076 4151 1233 4217 Nicholao
1255 4174 1314 4238 por

208 4257 305 4322 finem
320 4253 416 4319 illum
431 4259 465 4318 et
480 4251 549 4338 ipse
564 4250 664 4317 nichil
679 4251 753 4338 plus
767 4253 947 4338 occupauit.

240 4421 250 4453 ¹
277 4416 402 4470 Nicholas
430 4413 513 4475 avit,
540 4413 658 4466 william
683 4413 737 4467 and
819 4413 989 4466 'Gornairt

209 4485 285 4539 arioe
296 4499 361 4534 wera
371 4495 514 4550 parceners.
