<?xml version="1.0" encoding="UTF-8"?>
<!DOCTYPE html PUBLIC "-//W3C//DTD XHTML 1.0 Transitional//EN"
    "http://www.w3.org/TR/xhtml1/DTD/xhtml1-transitional.dtd">
<html xmlns="http://www.w3.org/1999/xhtml" xml:lang="en" lang="en">
 <head>
  <title>
</title>
<meta http-equiv="Content-Type" content="text/html;charset=utf-8" />
  <meta name='ocr-system' content='tesseract 3.04.00' />
  <meta name='ocr-capabilities' content='ocr_page ocr_carea ocr_par ocr_line ocrx_word'/>
</head>
<body>
  <div class='ocr_page' id='page_1' title='image "./bractonsnoteboo04bracgoog_0615.png"; bbox 0 0 3360 5236; ppageno 0'>
   <div class='ocr_carea' id='block_1_1' title="bbox 414 387 1313 469">
    <p class='ocr_par' dir='ltr' id='par_1_1' title="bbox 414 387 1313 469">
     <span class='ocr_line' id='line_1_1' title="bbox 414 387 1313 469; baseline -0.003 -7"><span class='ocrx_word' id='word_1_1' title='bbox 414 409 650 469; x_wconf 78' lang='lat' dir='ltr'>urcunnnnas,</span> <span class='ocrx_word' id='word_1_2' title='bbox 671 407 737 456; x_wconf 75' lang='lat' dir='ltr'>ao.</span> <span class='ocrx_word' id='word_1_3' title='bbox 762 392 856 468; x_wconf 75' lang='lat'><strong>1233,</strong></span> <span class='ocrx_word' id='word_1_4' title='bbox 878 407 941 456; x_wconf 76' lang='lat' dir='ltr'>ns</span> <span class='ocrx_word' id='word_1_5' title='bbox 967 391 1102 457; x_wconf 86' lang='grc'><strong>17-18.</strong></span> <span class='ocrx_word' id='word_1_6' title='bbox 1249 387 1313 459; x_wconf 82' lang='grc'>607</span> 
     </span>
    </p>
   </div>
   <div class='ocr_carea' id='block_1_2' title="bbox 145 577 1447 3882">
    <p class='ocr_par' dir='ltr' id='par_1_2' title="bbox 204 577 1315 1185">
     <span class='ocr_line' id='line_1_2' title="bbox 273 577 1313 664; baseline -0.002 -18"><span class='ocrx_word' id='word_1_7' title='bbox 273 583 316 646; x_wconf 86' lang='lat' dir='ltr'>Et</span> <span class='ocrx_word' id='word_1_8' title='bbox 340 581 524 645; x_wconf 91' lang='lat' dir='ltr'>Willelmus</span> <span class='ocrx_word' id='word_1_9' title='bbox 547 579 641 644; x_wconf 89' lang='lat' dir='ltr'>uenit</span> <span class='ocrx_word' id='word_1_10' title='bbox 665 586 700 643; x_wconf 89' lang='lat' dir='ltr'>et</span> <span class='ocrx_word' id='word_1_11' title='bbox 722 577 803 642; x_wconf 91' lang='lat' dir='ltr'>dicit</span> <span class='ocrx_word' id='word_1_12' title='bbox 829 577 915 664; x_wconf 91' lang='lat' dir='ltr'>quod</span> <span class='ocrx_word' id='word_1_13' title='bbox 941 579 1088 643; x_wconf 83' lang='lat' dir='ltr'>tulcnmt</span> <span class='ocrx_word' id='word_1_14' title='bbox 1112 601 1209 664; x_wconf 92' lang='lat' dir='ltr'>super</span> <span class='ocrx_word' id='word_1_15' title='bbox 1237 602 1313 644; x_wconf 90' lang='lat' dir='ltr'>eum</span> 
     </span>
     <span class='ocr_line' id='line_1_3' title="bbox 206 679 1311 749; baseline -0.001 0"><span class='ocrx_word' id='word_1_16' title='bbox 206 683 337 749; x_wconf 80' lang='lat' dir='ltr'>assisam</span> <span class='ocrx_word' id='word_1_17' title='bbox 352 682 466 748; x_wconf 85' lang='lat' dir='ltr'>mortis</span> <span class='ocrx_word' id='word_1_18' title='bbox 480 681 689 746; x_wconf 88' lang='lat' dir='ltr'>antecessoris</span> <span class='ocrx_word' id='word_1_19' title='bbox 705 688 739 744; x_wconf 90' lang='lat' dir='ltr'>ct</span> <span class='ocrx_word' id='word_1_20' title='bbox 754 680 841 745; x_wconf 91' lang='lat' dir='ltr'>unde</span> <span class='ocrx_word' id='word_1_21' title='bbox 856 679 956 745; x_wconf 79' lang='lat' dir='ltr'>assisa</span> <span class='ocrx_word' id='word_1_22' title='bbox 976 681 1041 746; x_wconf 87' lang='lat' dir='ltr'>iam</span> <span class='ocrx_word' id='word_1_23' title='bbox 1062 682 1237 746; x_wconf 86' lang='lat' dir='ltr'>arramiata</span> <span class='ocrx_word' id='word_1_24' title='bbox 1254 691 1311 748; x_wconf 88' lang='lat' dir='ltr'>est.</span> 
     </span>
     <span class='ocr_line' id='line_1_4' title="bbox 207 784 1315 852; baseline 0 0"><span class='ocrx_word' id='word_1_25' title='bbox 207 789 250 852; x_wconf 88' lang='lat' dir='ltr'>Et</span> <span class='ocrx_word' id='word_1_26' title='bbox 265 787 449 852; x_wconf 89' lang='lat' dir='ltr'>Willelmus</span> <span class='ocrx_word' id='word_1_27' title='bbox 464 794 499 850; x_wconf 89' lang='lat' dir='ltr'>et</span> <span class='ocrx_word' id='word_1_28' title='bbox 513 787 537 851; x_wconf 86' lang='lat' dir='ltr'><strong>J</strong></span> <span class='ocrx_word' id='word_1_29' title='bbox 538 785 648 850; x_wconf 82' lang='lat' dir='ltr'>uliano</span> <span class='ocrx_word' id='word_1_30' title='bbox 662 807 697 849; x_wconf 91' lang='lat' dir='ltr'>se</span> <span class='ocrx_word' id='word_1_31' title='bbox 712 784 884 848; x_wconf 87' lang='lat' dir='ltr'>retrahunt</span> <span class='ocrx_word' id='word_1_32' title='bbox 904 784 945 850; x_wconf 92' lang='lat' dir='ltr'>de</span> <span class='ocrx_word' id='word_1_33' title='bbox 965 784 1058 849; x_wconf 89' lang='lat' dir='ltr'>breui</span> <span class='ocrx_word' id='word_1_34' title='bbox 1078 784 1134 850; x_wconf 93' lang='lat' dir='ltr'>illo</span> <span class='ocrx_word' id='word_1_35' title='bbox 1154 785 1194 850; x_wconf 90' lang='lat' dir='ltr'>de</span> <span class='ocrx_word' id='word_1_36' title='bbox 1215 787 1315 852; x_wconf 86' lang='lat' dir='ltr'>assisa</span> 
     </span>
     <span class='ocr_line' id='line_1_5' title="bbox 205 886 1314 974; baseline 0 -20"><span class='ocrx_word' id='word_1_37' title='bbox 205 890 318 954; x_wconf 89' lang='lat' dir='ltr'>mortis</span> <span class='ocrx_word' id='word_1_38' title='bbox 331 887 564 965; x_wconf 84' lang='lat' dir='ltr'>antecessoris¹‚</span> <span class='ocrx_word' id='word_1_39' title='bbox 579 895 614 952; x_wconf 88' lang='lat' dir='ltr'>ct</span> <span class='ocrx_word' id='word_1_40' title='bbox 629 887 702 970; x_wconf 83' lang='lat' dir='ltr'>ideo</span> <span class='ocrx_word' id='word_1_41' title='bbox 717 887 780 972; x_wconf 92' lang='lat' dir='ltr'>ipsi</span> <span class='ocrx_word' id='word_1_42' title='bbox 795 895 830 952; x_wconf 92' lang='lat' dir='ltr'>et</span> <span class='ocrx_word' id='word_1_43' title='bbox 844 886 945 974; x_wconf 88' lang='lat' dir='ltr'>plegii</span> <span class='ocrx_word' id='word_1_44' title='bbox 960 887 1012 951; x_wconf 93' lang='lat' dir='ltr'>sui</span> <span class='ocrx_word' id='word_1_45' title='bbox 1031 887 1072 952; x_wconf 92' lang='lat' dir='ltr'>de</span> <span class='ocrx_word' id='word_1_46' title='bbox 1093 889 1314 974; x_wconf 89' lang='lat' dir='ltr'>prosequendo</span> 
     </span>
     <span class='ocr_line' id='line_1_6' title="bbox 204 989 1313 1076; baseline 0 -18"><span class='ocrx_word' id='word_1_47' title='bbox 204 993 239 1058; x_wconf 90' lang='lat' dir='ltr'>in</span> <span class='ocrx_word' id='word_1_48' title='bbox 254 992 480 1058; x_wconf 82' lang='lat' dir='ltr'>misericordia.</span> <span class='ocrx_word' id='word_1_49' title='bbox 517 991 704 1071; x_wconf 84' lang='lat' dir='ltr'>Querantur</span> <span class='ocrx_word' id='word_1_50' title='bbox 718 989 871 1054; x_wconf 80' lang='lat' dir='ltr'>nomina&#39;.</span> <span class='ocrx_word' id='word_1_51' title='bbox 918 990 961 1054; x_wconf 87' lang='lat' dir='ltr'>Et</span> <span class='ocrx_word' id='word_1_52' title='bbox 976 990 1068 1076; x_wconf 90' lang='lat' dir='ltr'>sequi</span> <span class='ocrx_word' id='word_1_53' title='bbox 1083 991 1200 1056; x_wconf 91' lang='lat' dir='ltr'>uolunt</span> <span class='ocrx_word' id='word_1_54' title='bbox 1214 993 1313 1058; x_wconf 90' lang='lat' dir='ltr'>breue</span> 
     </span>
     <span class='ocr_line' id='line_1_7' title="bbox 205 1097 417 1185; baseline -0.005 -23"><span class='ocrx_word' id='word_1_55' title='bbox 205 1097 246 1162; x_wconf 92' lang='lat' dir='ltr'>de</span> <span class='ocrx_word' id='word_1_56' title='bbox 262 1097 417 1185; x_wconf 88' lang='lat' dir='ltr'>ingressu.</span> 
     </span>
    </p>

    <p class='ocr_par' dir='ltr' id='par_1_3' title="bbox 203 1198 1314 2729">
     <span class='ocr_line' id='line_1_8' title="bbox 270 1198 1313 1288; baseline 0 -22"><span class='ocrx_word' id='word_1_57' title='bbox 270 1202 314 1266; x_wconf 84' lang='lat' dir='ltr'>Et</span> <span class='ocrx_word' id='word_1_58' title='bbox 329 1202 363 1266; x_wconf 91' lang='lat' dir='ltr'>in</span> <span class='ocrx_word' id='word_1_59' title='bbox 379 1199 519 1266; x_wconf 89' lang='lat' dir='ltr'>crastino</span> <span class='ocrx_word' id='word_1_60' title='bbox 535 1199 644 1266; x_wconf 80' lang='lat' dir='ltr'>uenit⁸</span> <span class='ocrx_word' id='word_1_61' title='bbox 659 1207 693 1264; x_wconf 90' lang='lat' dir='ltr'>et</span> <span class='ocrx_word' id='word_1_62' title='bbox 715 1199 795 1264; x_wconf 90' lang='lat' dir='ltr'>dicit</span> <span class='ocrx_word' id='word_1_63' title='bbox 814 1198 899 1285; x_wconf 90' lang='lat' dir='ltr'>quod</span> <span class='ocrx_word' id='word_1_64' title='bbox 920 1199 1047 1264; x_wconf 88' lang='lat' dir='ltr'>nullum</span> <span class='ocrx_word' id='word_1_65' title='bbox 1070 1199 1170 1264; x_wconf 88' lang='lat' dir='ltr'>habet</span> <span class='ocrx_word' id='word_1_66' title='bbox 1192 1200 1313 1288; x_wconf 90' lang='lat' dir='ltr'>ingres-</span> 
     </span>
     <span class='ocr_line' id='line_1_9' title="bbox 204 1301 1313 1390; baseline -0.001 -21"><span class='ocrx_word' id='word_1_67' title='bbox 204 1327 276 1370; x_wconf 91' lang='lat' dir='ltr'>sum</span> <span class='ocrx_word' id='word_1_68' title='bbox 306 1327 365 1390; x_wconf 91' lang='lat' dir='ltr'>per</span> <span class='ocrx_word' id='word_1_69' title='bbox 392 1303 496 1389; x_wconf 83' lang='lat' dir='ltr'>ipsam</span> <span class='ocrx_word' id='word_1_70' title='bbox 526 1303 680 1368; x_wconf 87' lang='lat' dir='ltr'>Basiliam</span> <span class='ocrx_word' id='word_1_71' title='bbox 710 1301 752 1366; x_wconf 85' lang='lat' dir='ltr'>ad</span> <span class='ocrx_word' id='word_1_72' title='bbox 778 1301 964 1378; x_wconf 88' lang='lat' dir='ltr'>terminum,</span> <span class='ocrx_word' id='word_1_73' title='bbox 992 1301 1092 1365; x_wconf 90' lang='lat' dir='ltr'>immo</span> <span class='ocrx_word' id='word_1_74' title='bbox 1122 1301 1203 1366; x_wconf 92' lang='lat' dir='ltr'>dicit</span> <span class='ocrx_word' id='word_1_75' title='bbox 1228 1304 1313 1388; x_wconf 92' lang='lat' dir='ltr'>quod</span> 
     </span>
     <span class='ocr_line' id='line_1_10' title="bbox 204 1405 1314 1474; baseline -0.002 0"><span class='ocrx_word' id='word_1_76' title='bbox 204 1417 324 1474; x_wconf 89' lang='lat' dir='ltr'>terram</span> <span class='ocrx_word' id='word_1_77' title='bbox 339 1407 428 1472; x_wconf 85' lang='lat' dir='ltr'>illam</span> <span class='ocrx_word' id='word_1_78' title='bbox 444 1415 536 1472; x_wconf 90' lang='lat' dir='ltr'>tenet</span> <span class='ocrx_word' id='word_1_79' title='bbox 550 1407 586 1472; x_wconf 95' lang='lat' dir='ltr'>in</span> <span class='ocrx_word' id='word_1_80' title='bbox 601 1406 693 1472; x_wconf 87' lang='lat' dir='ltr'>feodo</span> <span class='ocrx_word' id='word_1_81' title='bbox 708 1415 743 1472; x_wconf 89' lang='lat' dir='ltr'>et</span> <span class='ocrx_word' id='word_1_82' title='bbox 758 1405 798 1470; x_wconf 90' lang='lat' dir='ltr'>de</span> <span class='ocrx_word' id='word_1_83' title='bbox 814 1405 897 1470; x_wconf 91' lang='lat' dir='ltr'>dono</span> <span class='ocrx_word' id='word_1_84' title='bbox 908 1405 1088 1470; x_wconf 82' lang='lat' dir='ltr'>Alexandri</span> <span class='ocrx_word' id='word_1_85' title='bbox 1100 1407 1314 1472; x_wconf 87' lang='lat' dir='ltr'>Mercennarii</span> 
     </span>
     <span class='ocr_line' id='line_1_11' title="bbox 204 1509 1314 1596; baseline 0.001 -21"><span class='ocrx_word' id='word_1_86' title='bbox 204 1533 263 1596; x_wconf 91' lang='lat' dir='ltr'>per</span> <span class='ocrx_word' id='word_1_87' title='bbox 276 1518 399 1576; x_wconf 80' lang='lat' dir='ltr'>cartam</span> <span class='ocrx_word' id='word_1_88' title='bbox 414 1533 506 1575; x_wconf 80' lang='lat' dir='ltr'>susm</span> <span class='ocrx_word' id='word_1_89' title='bbox 525 1533 623 1596; x_wconf 85' lang='lat' dir='ltr'>quarn</span> <span class='ocrx_word' id='word_1_90' title='bbox 644 1511 765 1596; x_wconf 76' lang='lat' dir='ltr'>profert</span> <span class='ocrx_word' id='word_1_91' title='bbox 785 1518 820 1574; x_wconf 91' lang='lat' dir='ltr'>et</span> <span class='ocrx_word' id='word_1_92' title='bbox 840 1532 903 1595; x_wconf 92' lang='lat' dir='ltr'>que</span> <span class='ocrx_word' id='word_1_93' title='bbox 926 1509 985 1574; x_wconf 90' lang='lat' dir='ltr'>hoc</span> <span class='ocrx_word' id='word_1_94' title='bbox 1008 1517 1150 1574; x_wconf 86' lang='lat' dir='ltr'>testatur</span> <span class='ocrx_word' id='word_1_95' title='bbox 1171 1519 1206 1576; x_wconf 88' lang='lat' dir='ltr'>et</span> <span class='ocrx_word' id='word_1_96' title='bbox 1228 1511 1314 1576; x_wconf 91' lang='lat' dir='ltr'>unde</span> 
     </span>
     <span class='ocr_line' id='line_1_12' title="bbox 204 1611 1313 1699; baseline 0.003 -22"><span class='ocrx_word' id='word_1_97' title='bbox 204 1611 285 1678; x_wconf 92' lang='lat' dir='ltr'>dicit</span> <span class='ocrx_word' id='word_1_98' title='bbox 299 1612 386 1699; x_wconf 92' lang='lat' dir='ltr'>quod</span> <span class='ocrx_word' id='word_1_99' title='bbox 400 1612 547 1698; x_wconf 84' lang='lat' dir='ltr'>predicta</span> <span class='ocrx_word' id='word_1_100' title='bbox 561 1613 682 1678; x_wconf 84' lang='lat' dir='ltr'>Basilia</span> <span class='ocrx_word' id='word_1_101' title='bbox 696 1611 838 1677; x_wconf 80' lang='lat' dir='ltr'>reddidit</span> <span class='ocrx_word' id='word_1_102' title='bbox 859 1621 979 1676; x_wconf 80' lang='lat' dir='ltr'>terram</span> <span class='ocrx_word' id='word_1_103' title='bbox 999 1611 1088 1676; x_wconf 86' lang='lat' dir='ltr'>illam</span> <span class='ocrx_word' id='word_1_104' title='bbox 1110 1613 1253 1678; x_wconf 90' lang='lat' dir='ltr'>Roberto</span> <span class='ocrx_word' id='word_1_105' title='bbox 1272 1615 1313 1680; x_wconf 87' lang='lat' dir='ltr'>de</span> 
     </span>
     <span class='ocr_line' id='line_1_13' title="bbox 205 1716 1313 1806; baseline 0.003 -24"><span class='ocrx_word' id='word_1_106' title='bbox 205 1719 272 1782; x_wconf 91' lang='lat' dir='ltr'>Ver</span> <span class='ocrx_word' id='word_1_107' title='bbox 308 1717 431 1783; x_wconf 78' lang='lat' dir='ltr'>comiti</span> <span class='ocrx_word' id='word_1_108' title='bbox 469 1717 603 1792; x_wconf 87' lang='lat' dir='ltr'>Oxonie,</span> <span class='ocrx_word' id='word_1_109' title='bbox 634 1725 668 1783; x_wconf 89' lang='lat' dir='ltr'>et</span> <span class='ocrx_word' id='word_1_110' title='bbox 697 1717 766 1804; x_wconf 91' lang='lat' dir='ltr'>ipse</span> <span class='ocrx_word' id='word_1_111' title='bbox 796 1716 1002 1803; x_wconf 90' lang='lat' dir='ltr'>postmodum</span> <span class='ocrx_word' id='word_1_112' title='bbox 1032 1719 1178 1784; x_wconf 85' lang='lat' dir='ltr'>fecffauit</span> <span class='ocrx_word' id='word_1_113' title='bbox 1207 1720 1313 1806; x_wconf 90' lang='lat' dir='ltr'>ipsum</span> 
     </span>
     <span class='ocr_line' id='line_1_14' title="bbox 204 1820 1314 1909; baseline 0.004 -25"><span class='ocrx_word' id='word_1_114' title='bbox 204 1820 427 1886; x_wconf 81' lang='lat' dir='ltr'>Alexandrum</span> <span class='ocrx_word' id='word_1_115' title='bbox 456 1843 514 1906; x_wconf 89' lang='lat' dir='ltr'>per</span> <span class='ocrx_word' id='word_1_116' title='bbox 542 1829 664 1885; x_wconf 88' lang='lat' dir='ltr'>cartam</span> <span class='ocrx_word' id='word_1_117' title='bbox 694 1843 786 1884; x_wconf 85' lang='lat' dir='ltr'>suam</span> <span class='ocrx_word' id='word_1_118' title='bbox 818 1843 915 1905; x_wconf 85' lang='lat' dir='ltr'>quam</span> <span class='ocrx_word' id='word_1_119' title='bbox 945 1821 1067 1906; x_wconf 81' lang='lat' dir='ltr'>profert</span> <span class='ocrx_word' id='word_1_120' title='bbox 1097 1830 1131 1886; x_wconf 91' lang='lat' dir='ltr'>et</span> <span class='ocrx_word' id='word_1_121' title='bbox 1161 1845 1224 1909; x_wconf 90' lang='lat' dir='ltr'>que</span> <span class='ocrx_word' id='word_1_122' title='bbox 1254 1823 1314 1888; x_wconf 93' lang='lat' dir='ltr'>hcc</span> 
     </span>
     <span class='ocr_line' id='line_1_15' title="bbox 204 1923 1313 2014; baseline 0.002 -24"><span class='ocrx_word' id='word_1_123' title='bbox 204 1932 352 1990; x_wconf 83' lang='lat' dir='ltr'>testatur.</span> <span class='ocrx_word' id='word_1_124' title='bbox 398 1924 441 1988; x_wconf 84' lang='lat' dir='ltr'>Et</span> <span class='ocrx_word' id='word_1_125' title='bbox 456 1923 641 1989; x_wconf 83' lang='lat' dir='ltr'>Alexander</span> <span class='ocrx_word' id='word_1_126' title='bbox 660 1946 791 2010; x_wconf 87' lang='lat' dir='ltr'>presens</span> <span class='ocrx_word' id='word_1_127' title='bbox 811 1932 861 1988; x_wconf 89' lang='lat' dir='ltr'>est</span> <span class='ocrx_word' id='word_1_128' title='bbox 881 1931 916 1988; x_wconf 87' lang='lat' dir='ltr'>ct</span> <span class='ocrx_word' id='word_1_129' title='bbox 935 1924 995 1989; x_wconf 91' lang='lat' dir='ltr'>hoc</span> <span class='ocrx_word' id='word_1_130' title='bbox 1015 1933 1122 1990; x_wconf 88' lang='lat' dir='ltr'>totum</span> <span class='ocrx_word' id='word_1_131' title='bbox 1142 1927 1313 2014; x_wconf 90' lang='lat' dir='ltr'>cognoscit.</span> 
     </span>
     <span class='ocr_line' id='line_1_16' title="bbox 205 2027 1314 2114; baseline 0.003 -22"><span class='ocrx_word' id='word_1_132' title='bbox 205 2028 248 2092; x_wconf 87' lang='lat' dir='ltr'>Et</span> <span class='ocrx_word' id='word_1_133' title='bbox 263 2027 341 2114; x_wconf 88' lang='lat' dir='ltr'>quia</span> <span class='ocrx_word' id='word_1_134' title='bbox 355 2028 538 2092; x_wconf 90' lang='lat' dir='ltr'>Willelmus</span> <span class='ocrx_word' id='word_1_135' title='bbox 553 2029 673 2114; x_wconf 85' lang='lat' dir='ltr'>profert</span> <span class='ocrx_word' id='word_1_136' title='bbox 688 2037 810 2094; x_wconf 86' lang='lat' dir='ltr'>cartam</span> <span class='ocrx_word' id='word_1_137' title='bbox 826 2029 866 2093; x_wconf 92' lang='lat' dir='ltr'>de</span> <span class='ocrx_word' id='word_1_138' title='bbox 887 2029 1103 2108; x_wconf 84' lang='lat' dir='ltr'>feoffamento,</span> <span class='ocrx_word' id='word_1_139' title='bbox 1118 2038 1152 2094; x_wconf 92' lang='lat' dir='ltr'>et</span> <span class='ocrx_word' id='word_1_140' title='bbox 1172 2031 1314 2096; x_wconf 85' lang='lat' dir='ltr'>Alexan-</span> 
     </span>
     <span class='ocr_line' id='line_1_17' title="bbox 204 2127 1313 2223; baseline 0.005 -31"><span class='ocrx_word' id='word_1_141' title='bbox 204 2127 262 2193; x_wconf 90' lang='lat' dir='ltr'>der</span> <span class='ocrx_word' id='word_1_142' title='bbox 283 2129 404 2223; x_wconf 78' lang='lat' dir='ltr'>profert</span> <span class='ocrx_word' id='word_1_143' title='bbox 426 2137 549 2194; x_wconf 82' lang='lat' dir='ltr'>cartam</span> <span class='ocrx_word' id='word_1_144' title='bbox 571 2129 612 2194; x_wconf 92' lang='lat' dir='ltr'>de</span> <span class='ocrx_word' id='word_1_145' title='bbox 635 2131 841 2195; x_wconf 83' lang='lat' dir='ltr'>feoffamento</span> <span class='ocrx_word' id='word_1_146' title='bbox 865 2131 1010 2209; x_wconf 82' lang='lat' dir='ltr'>Comitis,</span> <span class='ocrx_word' id='word_1_147' title='bbox 1026 2139 1060 2195; x_wconf 90' lang='lat' dir='ltr'>et</span> <span class='ocrx_word' id='word_1_148' title='bbox 1075 2131 1259 2198; x_wconf 89' lang='lat' dir='ltr'>Willelmus</span> <span class='ocrx_word' id='word_1_149' title='bbox 1278 2141 1313 2198; x_wconf 90' lang='lat' dir='ltr'>et</span> 
     </span>
     <span class='ocr_line' id='line_1_18' title="bbox 203 2234 1313 2320; baseline 0.002 -20"><span class='ocrx_word' id='word_1_150' title='bbox 203 2236 338 2300; x_wconf 85' lang='lat' dir='ltr'>Juliana</span> <span class='ocrx_word' id='word_1_151' title='bbox 366 2235 490 2299; x_wconf 90' lang='lat' dir='ltr'>nullam</span> <span class='ocrx_word' id='word_1_152' title='bbox 520 2243 641 2300; x_wconf 90' lang='lat' dir='ltr'>sectam</span> <span class='ocrx_word' id='word_1_153' title='bbox 672 2234 864 2320; x_wconf 89' lang='lat' dir='ltr'>producunt,</span> <span class='ocrx_word' id='word_1_154' title='bbox 892 2234 955 2299; x_wconf 89' lang='lat' dir='ltr'>nisi</span> <span class='ocrx_word' id='word_1_155' title='bbox 988 2235 1167 2320; x_wconf 83' lang='lat' dir='ltr'>simplicem</span> <span class='ocrx_word' id='word_1_156' title='bbox 1200 2259 1313 2302; x_wconf 90' lang='lat' dir='ltr'>uocem</span> 
     </span>
     <span class='ocr_line' id='line_1_19' title="bbox 203 2338 1313 2424; baseline 0.003 -19"><span class='ocrx_word' id='word_1_157' title='bbox 203 2361 305 2418; x_wconf 87' lang='lat' dir='ltr'>suam,</span> <span class='ocrx_word' id='word_1_158' title='bbox 324 2339 387 2404; x_wconf 86' lang='lat' dir='ltr'>nisi</span> <span class='ocrx_word' id='word_1_159' title='bbox 406 2361 509 2403; x_wconf 88' lang='lat' dir='ltr'>unum</span> <span class='ocrx_word' id='word_1_160' title='bbox 532 2347 650 2404; x_wconf 86' lang='lat' dir='ltr'>testem</span> <span class='ocrx_word' id='word_1_161' title='bbox 673 2339 730 2424; x_wconf 92' lang='lat' dir='ltr'>qui</span> <span class='ocrx_word' id='word_1_162' title='bbox 752 2339 852 2403; x_wconf 86' lang='lat' dir='ltr'>nichil</span> <span class='ocrx_word' id='word_1_163' title='bbox 874 2338 963 2416; x_wconf 91' lang='lat' dir='ltr'>dicit,</span> <span class='ocrx_word' id='word_1_164' title='bbox 980 2339 1054 2404; x_wconf 90' lang='lat' dir='ltr'>ideo</span> <span class='ocrx_word' id='word_1_165' title='bbox 1075 2341 1313 2408; x_wconf 85' lang='lat' dir='ltr'>consideratum</span> 
     </span>
     <span class='ocr_line' id='line_1_20' title="bbox 204 2440 1314 2530; baseline 0.002 -21"><span class='ocrx_word' id='word_1_166' title='bbox 204 2453 254 2510; x_wconf 85' lang='lat' dir='ltr'>est</span> <span class='ocrx_word' id='word_1_167' title='bbox 269 2444 356 2530; x_wconf 90' lang='lat' dir='ltr'>quod</span> <span class='ocrx_word' id='word_1_168' title='bbox 370 2443 555 2508; x_wconf 88' lang='lat' dir='ltr'>Willelmns</span> <span class='ocrx_word' id='word_1_169' title='bbox 570 2441 728 2506; x_wconf 90' lang='lat' dir='ltr'>Herlicun</span> <span class='ocrx_word' id='word_1_170' title='bbox 750 2440 880 2526; x_wconf 89' lang='lat' dir='ltr'>quietus</span> <span class='ocrx_word' id='word_1_171' title='bbox 897 2441 1026 2506; x_wconf 77' lang='lat' dir='ltr'>recedat</span> <span class='ocrx_word' id='word_1_172' title='bbox 1041 2442 1082 2507; x_wconf 91' lang='lat' dir='ltr'>de</span> <span class='ocrx_word' id='word_1_173' title='bbox 1097 2443 1157 2510; x_wconf 90' lang='lat' dir='ltr'>hoc</span> <span class='ocrx_word' id='word_1_174' title='bbox 1172 2445 1264 2510; x_wconf 89' lang='lat' dir='ltr'>breui</span> <span class='ocrx_word' id='word_1_175' title='bbox 1279 2454 1314 2510; x_wconf 90' lang='lat' dir='ltr'>et</span> 
     </span>
     <span class='ocr_line' id='line_1_21' title="bbox 205 2545 1314 2634; baseline 0.003 -22"><span class='ocrx_word' id='word_1_176' title='bbox 205 2548 388 2613; x_wconf 88' lang='lat' dir='ltr'>Willelmus</span> <span class='ocrx_word' id='word_1_177' title='bbox 409 2547 444 2612; x_wconf 91' lang='lat' dir='ltr'>in</span> <span class='ocrx_word' id='word_1_178' title='bbox 466 2545 689 2611; x_wconf 82' lang='lat' dir='ltr'>misericordia</span> <span class='ocrx_word' id='word_1_179' title='bbox 736 2545 779 2609; x_wconf 88' lang='lat' dir='ltr'>Et</span> <span class='ocrx_word' id='word_1_180' title='bbox 801 2545 968 2631; x_wconf 87' lang='lat' dir='ltr'>perquirat</span> <span class='ocrx_word' id='word_1_181' title='bbox 989 2546 1052 2612; x_wconf 90' lang='lat' dir='ltr'>sibi</span> <span class='ocrx_word' id='word_1_182' title='bbox 1073 2571 1131 2634; x_wconf 89' lang='lat' dir='ltr'>per</span> <span class='ocrx_word' id='word_1_183' title='bbox 1152 2549 1251 2614; x_wconf 90' lang='lat' dir='ltr'>breue</span> <span class='ocrx_word' id='word_1_184' title='bbox 1272 2549 1314 2615; x_wconf 90' lang='lat' dir='ltr'>de</span> 
     </span>
     <span class='ocr_line' id='line_1_22' title="bbox 203 2651 574 2729; baseline 0 -13"><span class='ocrx_word' id='word_1_185' title='bbox 203 2661 293 2718; x_wconf 88' lang='lat' dir='ltr'>recto</span> <span class='ocrx_word' id='word_1_186' title='bbox 307 2652 336 2718; x_wconf 90' lang='lat' dir='ltr'>si</span> <span class='ocrx_word' id='word_1_187' title='bbox 350 2651 500 2729; x_wconf 88' lang='lat' dir='ltr'>uoluerit,</span> <span class='ocrx_word' id='word_1_188' title='bbox 516 2659 574 2716; x_wconf 86' lang='lat' dir='ltr'>etc</span> 
     </span>
    </p>

    <p class='ocr_par' dir='ltr' id='par_1_4' title="bbox 145 2753 1444 3757">
     <span class='ocr_line' id='line_1_23' title="bbox 145 2753 1444 2843; baseline 0.001 -22"><span class='ocrx_word' id='word_1_189' title='bbox 145 2815 153 2830; x_wconf 82' lang='grc'><em>,</em></span> <span class='ocrx_word' id='word_1_190' title='bbox 269 2755 441 2822; x_wconf 84' lang='lat' dir='ltr'>⁴Bicardus</span> <span class='ocrx_word' id='word_1_191' title='bbox 455 2754 496 2820; x_wconf 93' lang='lat' dir='ltr'>de</span> <span class='ocrx_word' id='word_1_192' title='bbox 513 2753 717 2820; x_wconf 79' lang='lat' dir='ltr'>Pauleshost⁵</span> <span class='ocrx_word' id='word_1_193' title='bbox 737 2753 954 2820; x_wconf 87' lang='lat' dir='ltr'>summonitus</span> <span class='ocrx_word' id='word_1_194' title='bbox 974 2756 1038 2820; x_wconf 79' lang='lat' dir='ltr'>fuit</span> <span class='ocrx_word' id='word_1_195' title='bbox 1058 2756 1100 2820; x_wconf 89' lang='lat' dir='ltr'>ad</span> <span class='ocrx_word' id='word_1_196' title='bbox 1119 2757 1313 2843; x_wconf 90' lang='lat' dir='ltr'>responden·</span> <span class='ocrx_word' id='word_1_197' title='bbox 1358 2760 1444 2800; x_wconf 58' lang='grc' dir='ltr'>ΨΜ</span> 
     </span>
     <span class='ocr_line' id='line_1_24' title="bbox 203 2857 1314 2944; baseline 0.001 -20"><span class='ocrx_word' id='word_1_198' title='bbox 203 2859 281 2924; x_wconf 91' lang='lat' dir='ltr'>dum</span> <span class='ocrx_word' id='word_1_199' title='bbox 298 2859 462 2924; x_wconf 89' lang='lat' dir='ltr'>Willelmo</span> <span class='ocrx_word' id='word_1_200' title='bbox 479 2858 655 2924; x_wconf 85' lang='lat' dir='ltr'>Kuokewel</span> <span class='ocrx_word' id='word_1_201' title='bbox 671 2879 769 2943; x_wconf 87' lang='lat' dir='ltr'>quare</span> <span class='ocrx_word' id='word_1_202' title='bbox 790 2857 957 2944; x_wconf 84' lang='lat' dir='ltr'>distringit</span> <span class='ocrx_word' id='word_1_203' title='bbox 978 2881 1053 2922; x_wconf 90' lang='lat' dir='ltr'>eum</span> <span class='ocrx_word' id='word_1_204' title='bbox 1071 2859 1112 2924; x_wconf 81' lang='lat' dir='ltr'>ad</span> <span class='ocrx_word' id='word_1_205' title='bbox 1133 2859 1267 2925; x_wconf 85' lang='lat' dir='ltr'>saciend’</span> <span class='ocrx_word' id='word_1_206' title='bbox 1283 2861 1314 2925; x_wconf 91' lang='lat' dir='ltr'>ei</span> 
     </span>
     <span class='ocr_line' id='line_1_25' title="bbox 204 2961 1313 3048; baseline 0 -20"><span class='ocrx_word' id='word_1_207' title='bbox 204 2962 453 3028; x_wconf 86' lang='lat' dir='ltr'>consuetudines</span> <span class='ocrx_word' id='word_1_208' title='bbox 478 2969 512 3026; x_wconf 90' lang='lat' dir='ltr'>et</span> <span class='ocrx_word' id='word_1_209' title='bbox 532 2961 668 3026; x_wconf 85' lang='lat' dir='ltr'>seruicia</span> <span class='ocrx_word' id='word_1_210' title='bbox 688 2983 751 3048; x_wconf 87' lang='lat' dir='ltr'>que</span> <span class='ocrx_word' id='word_1_211' title='bbox 775 2961 816 3026; x_wconf 93' lang='lat' dir='ltr'>de</span> <span class='ocrx_word' id='word_1_212' title='bbox 836 2961 906 3026; x_wconf 91' lang='lat' dir='ltr'>iure</span> <span class='ocrx_word' id='word_1_213' title='bbox 928 2963 1031 3027; x_wconf 83' lang='lat' dir='ltr'>facere</span> <span class='ocrx_word' id='word_1_214' title='bbox 1051 2985 1116 3027; x_wconf 94' lang='lat' dir='ltr'>non</span> <span class='ocrx_word' id='word_1_215' title='bbox 1136 2963 1234 3028; x_wconf 91' lang='lat' dir='ltr'>debet</span> <span class='ocrx_word' id='word_1_216' title='bbox 1253 2985 1313 3028; x_wconf 88' lang='lat' dir='ltr'>nec</span> 
     </span>
     <span class='ocr_line' id='line_1_26' title="bbox 204 3063 1312 3151; baseline 0.001 -20"><span class='ocrx_word' id='word_1_217' title='bbox 204 3067 295 3144; x_wconf 87' lang='lat' dir='ltr'>solet,</span> <span class='ocrx_word' id='word_1_218' title='bbox 310 3075 345 3131; x_wconf 89' lang='lat' dir='ltr'>et</span> <span class='ocrx_word' id='word_1_219' title='bbox 360 3067 446 3132; x_wconf 89' lang='lat' dir='ltr'>unde</span> <span class='ocrx_word' id='word_1_220' title='bbox 461 3065 542 3130; x_wconf 88' lang='lat' dir='ltr'>dicit</span> <span class='ocrx_word' id='word_1_221' title='bbox 557 3065 642 3151; x_wconf 91' lang='lat' dir='ltr'>quod</span> <span class='ocrx_word' id='word_1_222' title='bbox 662 3089 735 3130; x_wconf 92' lang='lat' dir='ltr'>cum</span> <span class='ocrx_word' id='word_1_223' title='bbox 753 3087 818 3130; x_wconf 93' lang='lat' dir='ltr'>non</span> <span class='ocrx_word' id='word_1_224' title='bbox 838 3063 956 3128; x_wconf 86' lang='lat' dir='ltr'>debeat</span> <span class='ocrx_word' id='word_1_225' title='bbox 977 3065 1008 3129; x_wconf 91' lang='lat' dir='ltr'>ei</span> <span class='ocrx_word' id='word_1_226' title='bbox 1028 3064 1068 3130; x_wconf 94' lang='lat' dir='ltr'>de</span> <span class='ocrx_word' id='word_1_227' title='bbox 1089 3065 1201 3130; x_wconf 88' lang='lat' dir='ltr'>eodem</span> <span class='ocrx_word' id='word_1_228' title='bbox 1222 3076 1312 3132; x_wconf 86' lang='lat' dir='ltr'>tene-</span> 
     </span>
     <span class='ocr_line' id='line_1_27' title="bbox 204 3167 1311 3253; baseline -0.003 -18"><span class='ocrx_word' id='word_1_229' title='bbox 204 3179 314 3235; x_wconf 86' lang='lat' dir='ltr'>mento</span> <span class='ocrx_word' id='word_1_230' title='bbox 328 3170 391 3234; x_wconf 90' lang='lat' dir='ltr'>nisi</span> <span class='ocrx_word' id='word_1_231' title='bbox 405 3169 579 3234; x_wconf 90' lang='lat' dir='ltr'>seruicium</span> <span class='ocrx_word' id='word_1_232' title='bbox 599 3169 792 3234; x_wconf 83' lang='lat' dir='ltr'>forinsecum</span> <span class='ocrx_word' id='word_1_233' title='bbox 816 3175 976 3253; x_wconf 83' lang='lat' dir='ltr'>quantum</span> <span class='ocrx_word' id='word_1_234' title='bbox 992 3167 1135 3253; x_wconf 88' lang='lat' dir='ltr'>pertinet</span> <span class='ocrx_word' id='word_1_235' title='bbox 1150 3168 1192 3232; x_wconf 89' lang='lat' dir='ltr'>ad</span> <span class='ocrx_word' id='word_1_236' title='bbox 1211 3191 1311 3233; x_wconf 88' lang='lat' dir='ltr'>unam</span> 
     </span>
     <span class='ocr_line' id='line_1_28' title="bbox 205 3273 1313 3363; baseline -0.003 -22"><span class='ocrx_word' id='word_1_237' title='bbox 205 3276 367 3363; x_wconf 78' lang='lat' dir='ltr'>uirgatam</span> <span class='ocrx_word' id='word_1_238' title='bbox 394 3284 479 3340; x_wconf 88' lang='lat' dir='ltr'>terre</span> <span class='ocrx_word' id='word_1_239' title='bbox 507 3282 541 3338; x_wconf 87' lang='lat' dir='ltr'>et</span> <span class='ocrx_word' id='word_1_240' title='bbox 567 3273 643 3340; x_wconf 91' lang='lat' dir='ltr'>dim.</span> <span class='ocrx_word' id='word_1_241' title='bbox 669 3282 703 3338; x_wconf 88' lang='lat' dir='ltr'>et</span> <span class='ocrx_word' id='word_1_242' title='bbox 729 3280 879 3360; x_wconf 83' lang='lat' dir='ltr'>quartam</span> <span class='ocrx_word' id='word_1_243' title='bbox 905 3279 1031 3358; x_wconf 77' lang='lat' dir='ltr'>partein</span> <span class='ocrx_word' id='word_1_244' title='bbox 1060 3273 1157 3337; x_wconf 91' lang='lat' dir='ltr'>unius</span> <span class='ocrx_word' id='word_1_245' title='bbox 1185 3273 1313 3360; x_wconf 83' lang='lat' dir='ltr'>uirgate</span> 
     </span>
     <span class='ocr_line' id='line_1_29' title="bbox 204 3375 1313 3465; baseline -0.002 -21"><span class='ocrx_word' id='word_1_246' title='bbox 204 3387 289 3444; x_wconf 85' lang='lat' dir='ltr'>terre</span> <span class='ocrx_word' id='word_1_247' title='bbox 304 3401 378 3444; x_wconf 89' lang='lat' dir='ltr'>curn</span> <span class='ocrx_word' id='word_1_248' title='bbox 393 3385 474 3464; x_wconf 88' lang='lat' dir='ltr'>pert.</span> <span class='ocrx_word' id='word_1_249' title='bbox 490 3377 525 3441; x_wconf 94' lang='lat' dir='ltr'>in</span> <span class='ocrx_word' id='word_1_250' title='bbox 540 3375 654 3440; x_wconf 90' lang='lat' dir='ltr'>eadem</span> <span class='ocrx_word' id='word_1_251' title='bbox 669 3377 750 3441; x_wconf 89' lang='lat' dir='ltr'>uilla</span> <span class='ocrx_word' id='word_1_252' title='bbox 767 3375 836 3462; x_wconf 89' lang='lat' dir='ltr'>ipse</span> <span class='ocrx_word' id='word_1_253' title='bbox 857 3377 960 3463; x_wconf 86' lang='lat' dir='ltr'>exigit</span> <span class='ocrx_word' id='word_1_254' title='bbox 979 3378 1021 3442; x_wconf 87' lang='lat' dir='ltr'>ab</span> <span class='ocrx_word' id='word_1_255' title='bbox 1039 3400 1077 3442; x_wconf 90' lang='lat' dir='ltr'>eo</span> <span class='ocrx_word' id='word_1_256' title='bbox 1098 3385 1132 3442; x_wconf 87' lang='lat' dir='ltr'>et</span> <span class='ocrx_word' id='word_1_257' title='bbox 1146 3377 1313 3465; x_wconf 87' lang='lat' dir='ltr'>distringit</span> 
     </span>
     <span class='ocr_line' id='line_1_30' title="bbox 203 3481 1313 3570; baseline 0 -22"><span class='ocrx_word' id='word_1_258' title='bbox 203 3505 278 3548; x_wconf 90' lang='lat' dir='ltr'>eum</span> <span class='ocrx_word' id='word_1_259' title='bbox 305 3506 363 3570; x_wconf 90' lang='lat' dir='ltr'>pro</span> <span class='ocrx_word' id='word_1_260' title='bbox 384 3481 520 3548; x_wconf 89' lang='lat' dir='ltr'>seruicio</span> <span class='ocrx_word' id='word_1_261' title='bbox 546 3490 706 3567; x_wconf 83' lang='lat' dir='ltr'>quantum</span> <span class='ocrx_word' id='word_1_262' title='bbox 732 3484 877 3568; x_wconf 86' lang='lat' dir='ltr'>pertinet</span> <span class='ocrx_word' id='word_1_263' title='bbox 902 3483 943 3548; x_wconf 85' lang='lat' dir='ltr'>ad</span> <span class='ocrx_word' id='word_1_264' title='bbox 969 3491 1035 3547; x_wconf 91' lang='lat' dir='ltr'>tres</span> <span class='ocrx_word' id='word_1_265' title='bbox 1058 3482 1202 3570; x_wconf 81' lang='lat' dir='ltr'>uirgatas</span> <span class='ocrx_word' id='word_1_266' title='bbox 1228 3491 1313 3548; x_wconf 89' lang='lat' dir='ltr'>terre</span> 
     </span>
     <span class='ocr_line' id='line_1_31' title="bbox 202 3587 1313 3675; baseline 0.003 -23"><span class='ocrx_word' id='word_1_267' title='bbox 202 3588 337 3675; x_wconf 85' lang='lat' dir='ltr'>integre,</span> <span class='ocrx_word' id='word_1_268' title='bbox 352 3597 387 3654; x_wconf 92' lang='lat' dir='ltr'>et</span> <span class='ocrx_word' id='word_1_269' title='bbox 401 3595 549 3674; x_wconf 86' lang='lat' dir='ltr'>preterea</span> <span class='ocrx_word' id='word_1_270' title='bbox 569 3587 736 3674; x_wconf 85' lang='lat' dir='ltr'>distringit</span> <span class='ocrx_word' id='word_1_271' title='bbox 763 3611 838 3654; x_wconf 90' lang='lat' dir='ltr'>eum</span> <span class='ocrx_word' id='word_1_272' title='bbox 859 3589 900 3654; x_wconf 87' lang='lat' dir='ltr'>ad</span> <span class='ocrx_word' id='word_1_273' title='bbox 920 3587 1120 3652; x_wconf 91' lang='lat' dir='ltr'>reddendum</span> <span class='ocrx_word' id='word_1_274' title='bbox 1140 3588 1171 3653; x_wconf 88' lang='lat' dir='ltr'>ei</span> <span class='ocrx_word' id='word_1_275' title='bbox 1191 3612 1241 3654; x_wconf 87' lang='lat' dir='ltr'>xx.</span> <span class='ocrx_word' id='word_1_276' title='bbox 1258 3589 1313 3656; x_wconf 91' lang='lat' dir='ltr'>sol.</span> 
     </span>
     <span class='ocr_line' id='line_1_32' title="bbox 203 3691 396 3757; baseline 0 -1"><span class='ocrx_word' id='word_1_277' title='bbox 203 3691 244 3757; x_wconf 88' lang='lat' dir='ltr'>de</span> <span class='ocrx_word' id='word_1_278' title='bbox 259 3691 396 3756; x_wconf 91' lang='lat' dir='ltr'>redditu.</span> 
     </span>
    </p>

    <p class='ocr_par' dir='ltr' id='par_1_5' title="bbox 269 3785 1447 3882">
     <span class='ocr_line' id='line_1_33' title="bbox 269 3785 1447 3882; baseline 0.001 -24"><span class='ocrx_word' id='word_1_279' title='bbox 269 3794 312 3858; x_wconf 88' lang='lat' dir='ltr'>Et</span> <span class='ocrx_word' id='word_1_280' title='bbox 327 3793 485 3859; x_wconf 85' lang='lat' dir='ltr'>Ricardus</span> <span class='ocrx_word' id='word_1_281' title='bbox 499 3785 593 3859; x_wconf 84' lang='lat' dir='ltr'>uenit</span> <span class='ocrx_word' id='word_1_282' title='bbox 608 3802 643 3858; x_wconf 90' lang='lat' dir='ltr'>et</span> <span class='ocrx_word' id='word_1_283' title='bbox 663 3793 743 3859; x_wconf 90' lang='lat' dir='ltr'>dicit</span> <span class='ocrx_word' id='word_1_284' title='bbox 764 3796 850 3882; x_wconf 91' lang='lat' dir='ltr'>quod</span> <span class='ocrx_word' id='word_1_285' title='bbox 872 3795 1000 3860; x_wconf 90' lang='lat' dir='ltr'>nullum</span> <span class='ocrx_word' id='word_1_286' title='bbox 1023 3802 1248 3860; x_wconf 89' lang='lat' dir='ltr'>tenementum</span> <span class='ocrx_word' id='word_1_287' title='bbox 1271 3795 1312 3862; x_wconf 92' lang='lat' dir='ltr'>de</span> <span class='ocrx_word' id='word_1_288' title='bbox 1327 3809 1447 3859; x_wconf 72' lang='lat' dir='ltr'>Not-&lt;ruod</span> 
     </span>
    </p>
   </div>
   <div class='ocr_carea' id='block_1_3' title="bbox 1326 3856 1434 3898">
    <p class='ocr_par' dir='ltr' id='par_1_6' title="bbox 1326 3856 1434 3898">
     <span class='ocr_line' id='line_1_34' title="bbox 1326 3856 1434 3898; baseline 0.028 -3"><span class='ocrx_word' id='word_1_289' title='bbox 1326 3856 1362 3895; x_wconf 84' lang='lat' dir='ltr'>ubl</span> <span class='ocrx_word' id='word_1_290' title='bbox 1370 3858 1434 3898; x_wconf 84' lang='lat' dir='ltr'>breue</span> 
     </span>
    </p>
   </div>
   <div class='ocr_carea' id='block_1_4' title="bbox 203 3898 1471 3998">
    <p class='ocr_par' dir='ltr' id='par_1_7' title="bbox 203 3898 1471 3998">
     <span class='ocr_line' id='line_1_35' title="bbox 203 3898 1471 3998; baseline 0.005 -35"><span class='ocrx_word' id='word_1_291' title='bbox 203 3921 241 3964; x_wconf 89' lang='lat' dir='ltr'>eo</span> <span class='ocrx_word' id='word_1_292' title='bbox 262 3907 362 3978; x_wconf 89' lang='lat' dir='ltr'>tenet,</span> <span class='ocrx_word' id='word_1_293' title='bbox 377 3907 428 3964; x_wconf 87' lang='lat' dir='ltr'>set</span> <span class='ocrx_word' id='word_1_294' title='bbox 448 3921 562 3965; x_wconf 81' lang='lat' dir='ltr'>reuera</span> <span class='ocrx_word' id='word_1_295' title='bbox 583 3898 718 3964; x_wconf 87' lang='lat' dir='ltr'>tradidit</span> <span class='ocrx_word' id='word_1_296' title='bbox 740 3900 771 3964; x_wconf 87' lang='lat' dir='ltr'>ci</span> <span class='ocrx_word' id='word_1_297' title='bbox 793 3909 828 3964; x_wconf 90' lang='lat' dir='ltr'>et</span> <span class='ocrx_word' id='word_1_298' title='bbox 850 3899 1000 3965; x_wconf 89' lang='lat' dir='ltr'>uendidit</span> <span class='ocrx_word' id='word_1_299' title='bbox 1023 3899 1183 3984; x_wconf 82' lang='lat' dir='ltr'>quandam</span> <span class='ocrx_word' id='word_1_300' title='bbox 1207 3909 1312 3965; x_wconf 87' lang='lat' dir='ltr'>custo-</span> <span class='ocrx_word' id='word_1_301' title='bbox 1325 3905 1471 3998; x_wconf 54' lang='lat' dir='ltr'>ggffifflff‘g</span> 
     </span>
    </p>
   </div>
   <div class='ocr_carea' id='block_1_5' title="bbox 204 3998 1479 4418">
    <p class='ocr_par' dir='ltr' id='par_1_8' title="bbox 204 3998 1471 4130">
     <span class='ocr_line' id='line_1_36' title="bbox 204 3998 1471 4130; baseline -0.002 -61"><span class='ocrx_word' id='word_1_302' title='bbox 204 4003 290 4068; x_wconf 87' lang='lat' dir='ltr'>diam</span> <span class='ocrx_word' id='word_1_303' title='bbox 317 4025 420 4090; x_wconf 89' lang='lat' dir='ltr'>usque</span> <span class='ocrx_word' id='word_1_304' title='bbox 445 4003 487 4068; x_wconf 87' lang='lat' dir='ltr'>ad</span> <span class='ocrx_word' id='word_1_305' title='bbox 514 4002 691 4067; x_wconf 90' lang='lat' dir='ltr'>terminum</span> <span class='ocrx_word' id='word_1_306' title='bbox 717 4002 796 4090; x_wconf 89' lang='lat' dir='ltr'>xiiij.</span> <span class='ocrx_word' id='word_1_307' title='bbox 823 4024 989 4078; x_wconf 87' lang='lat' dir='ltr'>annorum,</span> <span class='ocrx_word' id='word_1_308' title='bbox 1011 4000 1097 4066; x_wconf 92' lang='lat' dir='ltr'>unde</span> <span class='ocrx_word' id='word_1_309' title='bbox 1124 4001 1155 4066; x_wconf 89' lang='lat' dir='ltr'>ci</span> <span class='ocrx_word' id='word_1_310' title='bbox 1180 4002 1313 4068; x_wconf 88' lang='lat' dir='ltr'>reddere</span> <span class='ocrx_word' id='word_1_311' title='bbox 1326 3998 1471 4130; x_wconf 38' lang='lat' dir='ltr'>223⁰&amp;ss</span> 
     </span>
    </p>

    <p class='ocr_par' dir='ltr' id='par_1_9' title="bbox 1326 4099 1479 4129">
     <span class='ocr_line' id='line_1_37' title="bbox 1326 4099 1479 4129; baseline 0 0"><span class='ocrx_word' id='word_1_312' title='bbox 1326 4099 1403 4129; x_wconf 72' lang='lat' dir='ltr'>contus</span> <span class='ocrx_word' id='word_1_313' title='bbox 1471 4111 1479 4120; x_wconf 92' lang='lat'><em>·</em></span> 
     </span>
    </p>

    <p class='ocr_par' dir='ltr' id='par_1_10' title="bbox 237 4136 1458 4248">
     <span class='ocr_line' id='line_1_38' title="bbox 237 4136 1458 4248; baseline 0 -25"><span class='ocrx_word' id='word_1_314' title='bbox 237 4173 363 4224; x_wconf 83' lang='lat' dir='ltr'>¹Basi1io</span> <span class='ocrx_word' id='word_1_315' title='bbox 374 4172 418 4223; x_wconf 87' lang='lat' dir='ltr'>did</span> <span class='ocrx_word' id='word_1_316' title='bbox 429 4175 476 4222; x_wconf 82' lang='lat' dir='ltr'>not</span> <span class='ocrx_word' id='word_1_317' title='bbox 487 4171 530 4222; x_wconf 85' lang='lat' dir='ltr'>die</span> <span class='ocrx_word' id='word_1_318' title='bbox 541 4171 631 4222; x_wconf 85' lang='lat' dir='ltr'>seised.</span> <span class='ocrx_word' id='word_1_319' title='bbox 817 4170 1043 4230; x_wconf 52' lang='grc' dir='ltr'>ΙῬαιιῖεεὴοὶιᾼ.</span> <span class='ocrx_word' id='word_1_320' title='bbox 1216 4237 1222 4248; x_wconf 43' lang='grc'>.</span> <span class='ocrx_word' id='word_1_321' title='bbox 1327 4136 1458 4223; x_wconf 51' lang='lat' dir='ltr'>issuidliclm</span> 
     </span>
    </p>

    <p class='ocr_par' dir='ltr' id='par_1_11' title="bbox 237 4230 1438 4317">
     <span class='ocr_line' id='line_1_39' title="bbox 237 4230 1438 4317; baseline -0.002 -29"><span class='ocrx_word' id='word_1_322' title='bbox 237 4239 320 4288; x_wconf 74' lang='lat' dir='ltr'>’Tha</span> <span class='ocrx_word' id='word_1_323' title='bbox 342 4253 434 4290; x_wconf 82' lang='lat' dir='ltr'>names</span> <span class='ocrx_word' id='word_1_324' title='bbox 458 4239 486 4288; x_wconf 81' lang='lat' dir='ltr'>ol</span> <span class='ocrx_word' id='word_1_325' title='bbox 512 4238 558 4288; x_wconf 87' lang='lat' dir='ltr'>the</span> <span class='ocrx_word' id='word_1_326' title='bbox 579 4237 684 4301; x_wconf 76' lang='lat' dir='ltr'>pledges</span> <span class='ocrx_word' id='word_1_327' title='bbox 706 4241 734 4287; x_wconf 81' lang='lat' dir='ltr'>to</span> <span class='ocrx_word' id='word_1_328' title='bbox 818 4236 985 4316; x_wconf 67' lang='lat' dir='ltr'>⁶0⁰“‘.²²l’l</span> <span class='ocrx_word' id='word_1_329' title='bbox 1008 4237 1080 4284; x_wconf 65' lang='lat' dir='ltr'>more</span> <span class='ocrx_word' id='word_1_330' title='bbox 1102 4236 1141 4314; x_wconf 77' lang='lat' dir='ltr'>de¹</span> <span class='ocrx_word' id='word_1_331' title='bbox 1154 4238 1270 4316; x_wconf 62' lang='lat' dir='ltr'>amomis</span> <span class='ocrx_word' id='word_1_332' title='bbox 1292 4243 1315 4286; x_wconf 80' lang='lat' dir='ltr'>et</span> <span class='ocrx_word' id='word_1_333' title='bbox 1328 4230 1438 4317; x_wconf 45' lang='lat' dir='ltr'>mg?</span> 
     </span>
    </p>

    <p class='ocr_par' dir='ltr' id='par_1_12' title="bbox 204 4302 1431 4418">
     <span class='ocr_line' id='line_1_40' title="bbox 204 4302 1431 4368; baseline -0.002 -14"><span class='ocrx_word' id='word_1_334' title='bbox 204 4307 348 4368; x_wconf 85' lang='lat' dir='ltr'>prosecute.</span> <span class='ocrx_word' id='word_1_335' title='bbox 785 4302 1316 4365; x_wconf 69' lang='lat' dir='ltr'>connorummtoaamaloqmrordeatquo</span> <span class='ocrx_word' id='word_1_336' title='bbox 1425 4305 1431 4318; x_wconf 82' lang='lat'>⁸</span> 
     </span>
     <span class='ocr_line' id='line_1_41' title="bbox 237 4367 981 4418; baseline -0.004 0"><span class='ocrx_word' id='word_1_337' title='bbox 237 4368 381 4418; x_wconf 73' lang='lat' dir='ltr'>’william</span> <span class='ocrx_word' id='word_1_338' title='bbox 391 4367 526 4418; x_wconf 84' lang='lat' dir='ltr'>Herlicun.</span> <span class='ocrx_word' id='word_1_339' title='bbox 786 4369 981 4418; x_wconf 72' lang='lat' dir='ltr'>tcroenwotoeto.</span> 
     </span>
    </p>
   </div>
   <div class='ocr_carea' id='block_1_6' title="bbox 238 4431 686 4497">
    <p class='ocr_par' dir='ltr' id='par_1_13' title="bbox 238 4431 686 4497">
     <span class='ocr_line' id='line_1_42' title="bbox 238 4431 686 4497; baseline -0.011 -11"><span class='ocrx_word' id='word_1_340' title='bbox 238 4435 249 4468; x_wconf 83' lang='lat'>⁴</span> <span class='ocrx_word' id='word_1_341' title='bbox 267 4435 313 4486; x_wconf 79' lang='lat' dir='ltr'>See</span> <span class='ocrx_word' id='word_1_342' title='bbox 324 4433 460 4497; x_wconf 84' lang='lat' dir='ltr'>Appendix</span> <span class='ocrx_word' id='word_1_343' title='bbox 471 4437 499 4484; x_wconf 86' lang='lat' dir='ltr'>to</span> <span class='ocrx_word' id='word_1_344' title='bbox 511 4431 564 4483; x_wconf 84' lang='lat' dir='ltr'>this</span> <span class='ocrx_word' id='word_1_345' title='bbox 577 4433 686 4482; x_wconf 84' lang='lat' dir='ltr'>volume.</span> 
     </span>
    </p>
   </div>
   <div class='ocr_carea' id='block_1_7' title="bbox 0 0 1684 5236">
    <p class='ocr_par' dir='ltr' id='par_1_14' title="bbox 0 0 1684 5236">
     <span class='ocr_line' id='line_1_43' title="bbox 0 0 1684 5236; baseline 0 0"><span class='ocrx_word' id='word_1_346' title='bbox 0 0 1684 5236; x_wconf 95' lang='lat' dir='ltr'> </span> 
     </span>
    </p>
   </div>
  </div>
 </body>
</html>
