3276 5234
346 435 671 496 mensunusum.
697 421 789 495 1229,
812 435 876 484 sn.
901 421 1035 484 13-14.
1179 417 1241 481 289

154 605 222 671 inde
250 605 331 691 cepit
358 603 516 690 expleta¹,
548 603 795 670 consideratum
825 611 875 668 est
904 601 990 689 quod
1020 603 1165 688 Rogems
1194 623 1242 670 re-

154 710 309 796 cuperauit
321 708 474 774 seisinam
491 731 581 773 suam
598 717 632 773 et
647 709 837 774 Euerwinus
851 707 886 772 in
900 705 1123 772 misericordia

212 813 253 876 Et
273 811 428 876 iuratores
443 811 559 876 dicunt
574 833 671 897 super
684 819 922 876 sacramentum
937 831 1033 876 suum
1053 807 1139 895 quod
1156 807 1242 872 idem

153 915 288 1002 Rogcms
301 914 399 980 habet
414 913 593 1000 dampnum
608 937 666 1000 per
680 913 881 980 disseisinam
896 914 986 980 illam
1001 913 1043 978 ad
1063 912 1242 978 ualenciam

152 1041 198 1084 rx.
222 1018 273 1082 soh
299 1017 374 1104 quia
399 1015 581 1082 disseisitus
606 1017 655 1083 ita
680 1017 743 1082 fuit
765 1017 806 1082 de
829 1039 895 1082 una
915 1039 976 1081 acr.
1000 1024 1084 1082 terre
1113 1015 1180 1081 scil.
1202 1013 1243 1078 de

153 1121 244 1186 tercia
264 1129 353 1206 perte
371 1120 397 1205 j.
420 1142 523 1186 carue
547 1128 639 1185 terre.
684 1119 877 1206 Preceptum
898 1119 1052 1205 estquod
1066 1117 1243 1183 satisfaciat

152 1222 179 1286 ei
192 1223 271 1288 infra
283 1221 482 1308 quindenam
497 1221 538 1286 de
553 1208 701 1308 dampno.

89 1391 113 1407 .,
210 1327 370 1392 walterus
384 1326 426 1391 de
442 1325 576 1392 Clifford
596 1326 683 1412 petit
703 1349 813 1392 versus
834 1326 990 1390 Thomam
1013 1348 1182 1412 personam
1202 1325 1243 1390 de
1342 1357 1355 1386 ο
1381 1375 1387 1386 .

153 1431 321 1496 Watfordia
350 1431 437 1517 quod
466 1430 581 1496 reddat
609 1431 641 1496 ei
670 1430 849 1496 Robertum
879 1429 983 1495 filium
1020 1439 1055 1495 et
1091 1429 1241 1495 heredem

154 1534 271 1599 Ricardi
298 1534 340 1599 de
367 1533 543 1600 Chaundos
571 1533 664 1598 cuius
686 1532 833 1598 custodia
855 1532 898 1596 ad
923 1532 1030 1618 ipsum
1060 1531 1242 1598 Walterum

152 1637 283 1722 pertinet
302 1661 341 1704 eo
362 1637 448 1724 quod
471 1637 635 1723 predictus
656 1637 814 1702 Ricardus
836 1637 945 1703 tenuit
966 1646 1085 1702 terram
1107 1661 1200 1703 suam
1218 1636 1223 1724 Ι

153 1762 202 1824 per
213 1740 387 1806 seruicium
401 1740 543 1805 militare
558 1747 618 1804 etc

208 1845 249 1909 Et
275 1845 417 1909 Thomas
442 1843 535 1908 uenit
559 1851 593 1908 et
619 1843 781 1930 cognoscit
807 1843 893 1929 quod
917 1844 1017 1908 hahet
1041 1845 1077 1909 in
1099 1843 1245 1910 custodia

153 1947 319 2013 Robertum
346 1947 452 2011 filium
482 1955 516 2010 et
541 1945 694 2012 heredem
719 1946 857 2032 predicti
883 1947 1014 2012 Ricardi
1036 1947 1121 2014 sicut
1150 1949 1243 2014 illum

153 2073 237 2136 quem
264 2051 355 2116 idem
384 2049 542 2115 Ricardus
571 2050 603 2114 ei
633 2049 768 2116 tradidit
797 2072 855 2136 per
883 2051 1133 2116 conuencionem
1159 2052 1246 2116 inter

152 2177 198 2218 eos
210 2155 327 2220 factam
343 2164 378 2219 et
393 2154 479 2241 quod
494 2153 601 2240 ipsum
616 2154 784 2220 maritauit
798 2153 927 2219 cuidam
950 2155 1016 2220 filie
1031 2177 1098 2233 sue,
1113 2163 1147 2220 et
1162 2155 1244 2220 bene

152 2260 302 2344 cognoscit
317 2258 405 2345 quod
419 2257 577 2342 Ricardus
591 2267 685 2344 peter
703 2258 805 2344 ipsius
827 2258 963 2324 Roberti
984 2259 1093 2324 tenuit
1114 2258 1154 2323 de
1175 2259 1244 2345 ipso

152 2361 284 2428 Waltero
300 2373 335 2430 et
351 2363 435 2449 quod
452 2362 538 2427 idem
554 2362 719 2426 Walterns
730 2362 850 2428 haheat
862 2363 1041 2428 custodiam
1053 2362 1244 2428 hereditatis

152 2467 241 2552 ipsius
266 2467 400 2532 Ricardi
422 2476 457 2531 et
478 2466 653 2553 requisitus
675 2467 767 2531 cuius
789 2467 887 2532 etatis
908 2467 952 2532 sit
974 2466 1059 2532 idem
1083 2465 1244 2532 Robertus

153 2569 220 2634 dicit
247 2570 336 2656 quod
366 2569 423 2656 iiij.
453 2591 619 2636 annorum.
666 2569 709 2634 Et
738 2569 815 2655 quia
843 2570 996 2656 cognouit
1030 2570 1116 2656 quod
1146 2571 1244 2636 habet

153 2673 320 2738 custodiam
334 2673 474 2760 predicti
488 2673 623 2738 Roberti
644 2681 678 2737 et
696 2673 796 2738 nichil
817 2673 959 2740 ostendit
979 2696 1077 2760 quare
1099 2673 1246 2740 custodie

152 2775 228 2841 illius
252 2785 339 2842 terre
363 2777 394 2842 ei
415 2799 581 2842 remanere
603 2776 721 2842 debeat
743 2785 777 2841 et
800 2777 877 2864 quia
905 2777 1067 2864 cognoscit
1096 2779 1245 2845 similiter

153 2879 228 2962 quod
253 2879 423 2966 predictus
444 2879 602 2944 Ricardus
626 2879 734 2946 tenuit
756 2879 797 2944 de
819 2879 964 2966 predicto
986 2881 1139 2958 waltero,
1162 2881 1245 2947 Con-

152 2981 319 3047 sideratum
349 2991 401 3047 est
429 2981 516 3068 quod
545 2981 710 3067 predictus
739 2981 879 3047 Thomas
913 2983 1029 3048 reddat
1065 2985 1246 3070 predictum

153 3083 320 3150 Robertum
342 3083 447 3148 eidem
463 3083 609 3148 Waltero
631 3091 666 3148 et
688 3082 731 3148 sit
754 3084 787 3148 in
809 3084 1026 3150 misericordia
1048 3108 1105 3172 pro
1126 3085 1249 3152 iniuste

153 3186 341 3256 detencione.

67 3300 116 3366 350,
208 3291 391 3357 Herbertus
419 3313 556 3378 persona
584 3291 624 3356 de
661 3292 817 3356 Stoctona
853 3291 1069 3357 summonitus
1106 3293 1170 3357 fuit
1206 3293 1248 3358 ad
1311 3330 1378 3360 uma.

154 3392 403 3480 respondendum
418 3392 546 3458 Eudoni
560 3393 601 3458 de
622 3393 713 3458 Bello
733 3393 856 3479 Campo
876 3416 975 3480 quare
997 3417 1062 3458 non
1085 3395 1249 3480 permittit

154 3519 218 3563 eum
232 3507 420 3586 presentare
434 3498 593 3585 ydoneam
608 3521 777 3585 personam
792 3499 834 3564 ad
854 3500 1014 3585 capellam
1032 3499 1072 3566 de
1093 3501 1248 3588 Lerding-

154 3598 227 3666 dona
247 3624 312 3688 que
336 3609 432 3666 uacat
456 3609 491 3666 et
512 3599 555 3666 ad
576 3623 668 3666 suam
691 3611 818 3688 spectat
843 3601 1051 3667 donacionem
1078 3612 1138 3669 etc.
1163 3602 1249 3668 unde

154 3705 292 3788 queritur
317 3703 404 3791 quod
430 3704 551 3770 iniuste
575 3704 713 3791 impedit
738 3728 814 3772 eum
838 3713 898 3772 etc.
929 3714 963 3770 et
993 3705 1143 3771 similiter
1164 3706 1250 3793 quod

154 3817 273 3874 secutus
300 3817 352 3874 est
380 3809 537 3895 placitum
559 3808 595 3873 in
617 3809 706 3874 curia
727 3809 952 3874 cristianitatis
974 3809 1014 3874 de
1037 3809 1250 3875 aduocacione

154 3911 290 3979 eiusdem
305 3915 436 4000 capelle.

210 4017 253 4083 Et
275 4019 459 4084 Herbertus
482 4019 575 4084 uenit
597 4029 632 4084 et
654 4019 839 4106 dicitquod
860 4019 946 4084 iuste
968 4019 1107 4106 impedit
1121 4043 1250 4106 presen-

155 4121 305 4188 tecionem
331 4122 439 4188 suam¹
465 4122 586 4187 dictam
611 4123 767 4208 capellam
790 4122 868 4210 quia
889 4123 958 4210 ipse
982 4132 1031 4188 est
1053 4145 1189 4209 persona
1210 4123 1251 4188 de

182 4323 435 4378 mantuanos.
471 4325 524 4376 For
536 4325 635 4377 desanlt
650 4327 678 4377 of
727 4299 820 4390 simple
831 4327 937 4389 seiaure,
950 4327 998 4378 but
1008 4327 1041 4378 he
1052 4331 1123 4378 must
1134 4333 1180 4378 not
1192 4328 1253 4378 take

155 4389 242 4440 arria
256 4389 303 4442 the
319 4391 377 4444 lord
393 4391 535 4454 moysaico
551 4391 597 4442 the
613 4391 677 4442 land
727 4391 882 4456 theprofits.
978 4406 981 4414 ·

155 4455 179 4504 ia
192 4457 292 4518 :rapta
308 4459 430 4514 namium.
441 4455 476 4507 he
493 4471 554 4520 may
565 4456 641 4508 malie
660 4473 676 4508 a
760 4458 770 4488 ²
788 4457 886 4520 supply
897 4459 938 4510 cd.

235 4570 269 4625 u
1126 4561 1165 4620 19
