3276 5234
482 465 623 527 amco,
644 465 707 516 nn.
733 451 826 528 1227,
847 466 910 517 sn
935 455 985 516 11.
1222 455 1284 518 205

167 639 327 705 iuratores
357 662 461 726 super
488 663 570 728 quos
598 640 684 706 idem
707 641 866 706 Osbertus
887 663 922 706 se
944 642 1062 728 posuit,
1085 650 1119 708 ct
1141 652 1289 729 preterea

170 751 328 810 testatum
358 754 413 810 est
443 755 480 810 et
509 746 673 831 predictus
704 746 861 812 Osbcrtus
890 747 1053 833 cognoscit
1083 747 1169 834 quod
1199 748 1287 814 idem

172 847 357 912 Alexander
380 849 486 913 frater
506 848 609 933 ipsius
630 849 694 913 fuit
716 848 908 914 camerarius
930 849 1032 934 ipsius
1055 849 1237 936 Reginaldi,
1253 861 1288 916 et

174 951 251 1014 tulit
270 951 419 1037 sigillum
439 973 539 1016 suum
557 960 700 1036 tempore
721 951 777 1016 illo
797 973 861 1037 quo
883 960 973 1016 carta
986 952 1044 1016 illa
1063 953 1149 1016 facta
1166 952 1238 1029 fuit,
1253 961 1288 1017 et

174 1055 260 1120 idem
291 1056 453 1120 Osbertus
483 1055 603 1120 defecit
632 1055 666 1120 in
688 1056 879 1142 probacione
902 1078 961 1120 sua
982 1056 1023 1120 de
1045 1057 1211 1142 probanda
1231 1058 1289 1122 illa

175 1167 263 1224 carta
276 1160 320 1224 ad
335 1182 459 1237 ueram,
475 1160 722 1226 Consideratum
737 1161 888 1247 estquod
908 1161 1072 1247 predictus
1088 1162 1288 1249 Reginaldus

174 1287 238 1328 non
254 1272 389 1329 tenetur
403 1272 526 1329 terram
540 1264 629 1328 illam
645 1263 851 1329 warrantizare
867 1265 973 1330 eidem
991 1266 1136 1344 Osbcrto,
1152 1275 1186 1332 et
1201 1267 1287 1353 quod

174 1370 275 1434 assisa
289 1369 446 1455 procedat
460 1389 575 1432 uersus
590 1368 773 1445 Osbortum‚
785 1376 820 1432 et
834 1377 972 1454 utraque
984 1377 1073 1434 carta
1083 1371 1287 1448 cancellatur,

174 1472 253 1558 quia
274 1471 464 1536 Alexander
492 1471 620 1534 nullum
649 1470 766 1534 habuit
788 1471 940 1536 heredem
963 1471 1004 1536 de
1026 1494 1125 1537 uxore
1147 1472 1210 1537 sibi
1231 1473 1287 1537 de·

173 1583 336 1661 sponsata
383 1574 427 1638 Et
456 1573 615 1637 iuratores
643 1571 684 1636 de
714 1572 828 1638 eadem
860 1573 961 1638 assisa
988 1573 1076 1638 inter
1103 1574 1286 1661 predictum

176 1678 361 1744 Galfiidum
391 1686 426 1742 et
457 1677 633 1742 Osbertnm
662 1677 776 1742 dicunt
805 1699 903 1764 super
927 1687 1165 1743 sacramentum
1190 1701 1285 1744 suum

174 1784 291 1848 dicunt
318 1783 405 1869 qnod
434 1782 575 1846 Thomas
601 1781 754 1866 Fsturmy
779 1789 873 1867 pater
897 1782 1035 1869 predicti
1061 1783 1198 1848 Galfridi
1222 1784 1363 1848 fuitum
1319 1805 1432 1890 “ffld

173 1887 308 1952 scisitus
331 1887 372 1952 de
398 1885 543 1950 manerio
567 1884 623 1949 illo
646 1907 720 1948 cum
747 1885 956 1970 pertinenciis
979 1895 1018 1950 ut
1044 1887 1084 1951 de
1113 1887 1169 1951 illo
1199 1887 1284 2004 quod
1296 1855 1402 2030 Ξξξὲιῑ·
1343 1909 1437 2039 ΜΞΝ,

174 1991 364 2055 Willelmus
389 1989 429 2054 dc
456 1987 549 2052 Bello
579 1986 702 2072 Campo
730 1987 809 2052 dum
835 1988 900 2052 fuit
924 1989 1009 2054 infra
1033 1997 1156 2055 etatem
1186 1999 1221 2055 et
1250 1991 1342 2076 infit,¹⁸

174 2092 324 2211 custodia
339 2091 439 2178 Regis
453 2089 655 2156 «Iohannis
627 2112 658 2154 er
673 2089 764 2154 dedit
778 2114 836 2177 pro
851 2091 1001 2180 homagio
1015 2101 1050 2158 et
1068 2094 1203 2159 seruicio
1218 2117 1284 2212 suo,
1296 2001 1422 2170 ’Ἧι

174 2405 258 2470 obiit
272 2413 347 2490 post
363 2401 563 2478 terminum¹,
579 2409 613 2466 et
633 2401 719 2488 quod
739 2355 904 2468 Galfridtis
924 2412 974 2468 ost
996 2405 1161 2490 proximus
1184 2328 1360 2482 heres,uttan

175 2517 209 2574 et
235 2507 352 2572 dicunt
376 2504 462 2590 quod
490 2525 605 2568 reuera
630 2513 716 2568 terra
740 2504 797 2569 illa
825 2505 889 2570 fuit
915 2505 1072 2571 Willelmi
1098 2507 1138 2572 de
1162 2508 1286 2573 Breusa

174 2611 280 2697 patris
310 2609 412 2696 ipsius
442 2607 616 2694 Reginaldi
643 2616 680 2673 et
713 2607 800 2673 idem
829 2609 1014 2674 Willelmus
1050 2610 1139 2676 illam
1176 2611 1286 2677 amisit

175 2715 343 2780 occasione
363 2714 393 2778 J.
410 2712 511 2799 Regis
533 2721 678 2798 tempore
700 2735 764 2798 quo
786 2713 966 2779 dissei'situs
988 2715 1051 2778 fuit
1073 2715 1113 2780 de
1135 2715 1286 2782 omnibus

175 2819 271 2884 terris
295 2817 370 2883 suis
423 2818 468 2882 Et
493 2817 570 2903 quia
593 2817 751 2882 iuratores
776 2818 891 2883 dicunt
921 2819 1006 2905 quod
1036 2819 1175 2884 Thomas
1204 2820 1285 2885 obiit

174 2923 253 2988 inde
275 2921 407 2986 saisitus
426 2929 462 2986 et
481 2943 520 2984 ex
543 2920 625 2984 dono
640 2919 797 2986 Willelmi
811 2920 852 2986 de
868 2923 1076 3009 Bcauchamp
1090 2932 1125 2988 et
1139 2923 1285 2999 Walteri,

174 3027 246 3090 siue
277 3025 443 3088 Walter-us
476 3021 611 3087 habeat*
642 3021 718 3086 inde
751 3023 903 3088 seisinam
935 3024 1020 3089 iuste
1053 3025 1123 3090 siue
1156 3025 1285 3103 iniuste,

177 3129 427 3196 consideratum
442 3125 593 3212 estquod
609 3124 772 3190 Galfiidus
787 3127 991 3213 recuperauit
1011 3127 1163 3192 seisinam
1183 3150 1285 3206 suam,

176 3243 211 3299 ot
227 3233 387 3300 Osbcrtns
401 3231 436 3296 in
451 3229 675 3296 misericordia

242 3337 288 3401 Et
314 3335 518 3423 Reginaldus
547 3335 588 3399 de
618 3334 742 3398 Breusa
770 3333 905 3419 apponit
934 3334 1086 3398 clamium
1116 3357 1211 3399 suum
1244 3334 1284 3400 de

175 3441 291 3507 eadem
321 3449 409 3505 terra
437 3439 521 3504 sicut
550 3439 590 3503 de
620 3439 677 3503 illa
707 3459 770 3523 que
792 3439 834 3502 ad
863 3461 938 3503 eum
964 3439 1063 3504 debet
1084 3441 1205 3505 reuerti
1227 3463 1285 3526 pro
1338 3503 1341 3510 .

175 3545 307 3610 defectu
322 3541 449 3607 heredis
463 3541 565 3626 ipsius
580 3539 757 3604 Alexandri
772 3540 813 3605 dc
828 3563 927 3605 uxore
942 3541 1004 3605 sibi
1019 3541 1218 3627 desponsata

87 3665 128 3724 ·,
240 3645 386 3733 'Magna
413 3643 513 3708 assisa
545 3643 638 3707 uenit
667 3643 873 3730 recognitum
900 3668 959 3732 per
987 3646 1150 3734 Rogcrum
1180 3648 1220 3712 de
1251 3649 1283 3714 S
1383 3675 1400 3706 0-

175 3749 327 3825 Martino,
343 3746 524 3812 Aluredum
538 3745 579 3811 de
595 3747 781 3824 Glentham,
793 3749 972 3815 Robertum
987 3749 1028 3816 de
1043 3751 1283 3830 Amundeuilla‚

176 3854 353 3920 Osbertum
379 3850 480 3926 Amic,
504 3849 681 3914 Radulfum
703 3850 744 3915 de
767 3851 895 3930 Gousle,
918 3854 1093 3919 Ricardum
1116 3854 1283 3932 Blancard‚

175 3959 335 4024 Thomam
358 3956 398 4020 dc
421 3955 629 4041 Escotingny,
650 3954 852 4019 Willelmum
874 3956 978 4021 filium
1001 3958 1168 4044 Drogonis‚
1191 3959 1282 4024 Hen-

174 4063 278 4127 ricum
301 4061 342 4126 de
364 4061 564 4146 Langetona,
584 4057 761 4122 Radulfum
781 4057 823 4122 de
845 4059 974 4124 Mortuo
996 4060 1087 4142 Mari,
1102 4061 1282 4127 Robertnm

174 4167 280 4231 filium
304 4161 472 4240 willelmi,
494 4170 530 4227 ct
558 4160 760 4226 Willelmum
782 4161 823 4226 de
846 4161 1030 4250 Rokewyla,
1052 4164 1094 4231 ad
1115 4187 1281 4254 recognos-

206 4369 289 4420 ¹OEhe
306 4359 398 4433 period
420 4368 451 4418 ol
470 4365 612 4416 limitation
632 4365 705 4415 fora
745 4375 748 4380 '
786 4365 968 4428 21((ι1>ινι1,Β.

172 4435 413 4552 {affinem
432 4433 492 4483 first
508 4433 662 4484 coronation
679 4433 708 4481 or
788 4432 845 4481 ⁸B.
856 4447 890 4484 m.
905 4433 929 4482 6.
