<?xml version="1.0" encoding="UTF-8"?>
<!DOCTYPE html PUBLIC "-//W3C//DTD XHTML 1.0 Transitional//EN"
    "http://www.w3.org/TR/xhtml1/DTD/xhtml1-transitional.dtd">
<html xmlns="http://www.w3.org/1999/xhtml" xml:lang="en" lang="en">
 <head>
  <title>
</title>
<meta http-equiv="Content-Type" content="text/html;charset=utf-8" />
  <meta name='ocr-system' content='tesseract 3.04.00' />
  <meta name='ocr-capabilities' content='ocr_page ocr_carea ocr_par ocr_line ocrx_word'/>
</head>
<body>
  <div class='ocr_page' id='page_1' title='image "./bractonsnoteboo04bracgoog_0565.png"; bbox 0 0 3360 5236; ppageno 0'>
   <div class='ocr_carea' id='block_1_1' title="bbox 542 443 1354 520">
    <p class='ocr_par' dir='ltr' id='par_1_1' title="bbox 542 443 1354 520">
     <span class='ocr_line' id='line_1_1' title="bbox 542 443 1354 520; baseline 0.007 -12"><span class='ocrx_word' id='word_1_1' title='bbox 542 459 683 519; x_wconf 78' lang='lat' dir='ltr'><strong>nrnnnr,</strong></span> <span class='ocrx_word' id='word_1_2' title='bbox 708 461 771 508; x_wconf 75' lang='lat' dir='ltr'><strong>sn.</strong></span> <span class='ocrx_word' id='word_1_3' title='bbox 798 443 891 520; x_wconf 79' lang='lat'>1233,</span> <span class='ocrx_word' id='word_1_4' title='bbox 913 459 975 508; x_wconf 72' lang='lat' dir='ltr'><strong>aa</strong></span> <span class='ocrx_word' id='word_1_5' title='bbox 1002 443 1051 510; x_wconf 88' lang='grc'><strong>17.</strong></span> <span class='ocrx_word' id='word_1_6' title='bbox 1290 443 1354 514; x_wconf 84' lang='grc'><strong>557</strong></span> 
     </span>
    </p>
   </div>
   <div class='ocr_carea' id='block_1_2' title="bbox 244 633 1355 1236">
    <p class='ocr_par' dir='ltr' id='par_1_2' title="bbox 244 633 1355 1236">
     <span class='ocr_line' id='line_1_2' title="bbox 244 633 1354 720; baseline -0.002 -18"><span class='ocrx_word' id='word_1_7' title='bbox 244 637 417 703; x_wconf 88' lang='lat' dir='ltr'><strong>seruicium</strong></span> <span class='ocrx_word' id='word_1_8' title='bbox 432 657 491 701; x_wconf 92' lang='lat' dir='ltr'><strong>nec</strong></span> <span class='ocrx_word' id='word_1_9' title='bbox 506 643 627 701; x_wconf 90' lang='lat' dir='ltr'><strong>sectam</strong></span> <span class='ocrx_word' id='word_1_10' title='bbox 642 633 684 699; x_wconf 85' lang='lat' dir='ltr'><strong>ad</strong></span> <span class='ocrx_word' id='word_1_11' title='bbox 699 633 821 699; x_wconf 84' lang='lat' dir='ltr'><strong>curiam</strong></span> <span class='ocrx_word' id='word_1_12' title='bbox 836 655 928 697; x_wconf 91' lang='lat' dir='ltr'><strong>suam</strong></span> <span class='ocrx_word' id='word_1_13' title='bbox 943 639 994 698; x_wconf 90' lang='lat' dir='ltr'><strong>set</strong></span> <span class='ocrx_word' id='word_1_14' title='bbox 1009 633 1077 720; x_wconf 89' lang='lat' dir='ltr'><strong>ipse</strong></span> <span class='ocrx_word' id='word_1_15' title='bbox 1093 643 1127 699; x_wconf 90' lang='lat' dir='ltr'><strong>et</strong></span> <span class='ocrx_word' id='word_1_16' title='bbox 1138 643 1354 701; x_wconf 77' lang='lat' dir='ltr'><strong>antecessores</strong></span> 
     </span>
     <span class='ocr_line' id='line_1_3' title="bbox 244 737 1353 828; baseline -0.004 -20"><span class='ocrx_word' id='word_1_17' title='bbox 244 743 295 808; x_wconf 86' lang='lat' dir='ltr'><strong>sui</strong></span> <span class='ocrx_word' id='word_1_18' title='bbox 306 765 434 828; x_wconf 83' lang='lat' dir='ltr'><strong>semper</strong></span> <span class='ocrx_word' id='word_1_19' title='bbox 448 741 594 806; x_wconf 86' lang='lat' dir='ltr'><strong>fecerunt</strong></span> <span class='ocrx_word' id='word_1_20' title='bbox 609 737 782 804; x_wconf 90' lang='lat' dir='ltr'><strong>seruicium</strong></span> <span class='ocrx_word' id='word_1_21' title='bbox 797 737 880 803; x_wconf 89' lang='lat' dir='ltr'><strong>illud</strong></span> <span class='ocrx_word' id='word_1_22' title='bbox 902 745 936 802; x_wconf 90' lang='lat' dir='ltr'><strong>et</strong></span> <span class='ocrx_word' id='word_1_23' title='bbox 956 745 1076 803; x_wconf 87' lang='lat' dir='ltr'><strong>sectam</strong></span> <span class='ocrx_word' id='word_1_24' title='bbox 1097 738 1187 804; x_wconf 88' lang='lat' dir='ltr'><strong>illam</strong></span> <span class='ocrx_word' id='word_1_25' title='bbox 1203 739 1353 805; x_wconf 81' lang='lat' dir='ltr'><strong>Marianis</strong></span> 
     </span>
     <span class='ocr_line' id='line_1_4' title="bbox 244 841 1354 932; baseline -0.003 -21"><span class='ocrx_word' id='word_1_26' title='bbox 244 846 285 911; x_wconf 92' lang='lat' dir='ltr'><strong>de</strong></span> <span class='ocrx_word' id='word_1_27' title='bbox 301 843 443 932; x_wconf 88' lang='lat' dir='ltr'><strong>Ripariis</strong></span> <span class='ocrx_word' id='word_1_28' title='bbox 458 867 518 910; x_wconf 92' lang='lat' dir='ltr'><strong>nec</strong></span> <span class='ocrx_word' id='word_1_29' title='bbox 539 844 607 931; x_wconf 90' lang='lat' dir='ltr'><strong>ipse</strong></span> <span class='ocrx_word' id='word_1_30' title='bbox 628 864 687 907; x_wconf 92' lang='lat' dir='ltr'><strong>nec</strong></span> <span class='ocrx_word' id='word_1_31' title='bbox 708 849 924 906; x_wconf 77' lang='lat' dir='ltr'><strong>antecessores</strong></span> <span class='ocrx_word' id='word_1_32' title='bbox 946 841 997 906; x_wconf 91' lang='lat' dir='ltr'><strong>sui</strong></span> <span class='ocrx_word' id='word_1_33' title='bbox 1019 863 1175 928; x_wconf 88' lang='lat' dir='ltr'><strong>umquam</strong></span> <span class='ocrx_word' id='word_1_34' title='bbox 1197 843 1354 909; x_wconf 76' lang='lat' dir='ltr'>attornati</span> 
     </span>
     <span class='ocr_line' id='line_1_5' title="bbox 245 942 1353 1030; baseline -0.002 -17"><span class='ocrx_word' id='word_1_35' title='bbox 245 949 376 1014; x_wconf 81' lang='lat' dir='ltr'><strong>fuerunt</strong></span> <span class='ocrx_word' id='word_1_36' title='bbox 402 947 444 1012; x_wconf 89' lang='lat' dir='ltr'><strong>ad</strong></span> <span class='ocrx_word' id='word_1_37' title='bbox 470 945 653 1012; x_wconf 86' lang='lat' dir='ltr'><strong>faciendum</strong></span> <span class='ocrx_word' id='word_1_38' title='bbox 676 943 822 1030; x_wconf 89' lang='lat' dir='ltr'><strong>predicto</strong></span> <span class='ocrx_word' id='word_1_39' title='bbox 844 942 987 1008; x_wconf 80' lang='lat' dir='ltr'><strong>Roberto</strong></span> <span class='ocrx_word' id='word_1_40' title='bbox 1009 943 1140 1029; x_wconf 81' lang='lat' dir='ltr'>aliquod</span> <span class='ocrx_word' id='word_1_41' title='bbox 1162 945 1353 1011; x_wconf 83' lang='lat' dir='ltr'><strong>forinsecum</strong></span> 
     </span>
     <span class='ocr_line' id='line_1_6' title="bbox 244 1044 1354 1133; baseline -0.004 -16"><span class='ocrx_word' id='word_1_42' title='bbox 244 1051 424 1117; x_wconf 89' lang='lat' dir='ltr'><strong>seruicium.</strong></span> <span class='ocrx_word' id='word_1_43' title='bbox 483 1051 526 1114; x_wconf 88' lang='lat' dir='ltr'><strong>Et</strong></span> <span class='ocrx_word' id='word_1_44' title='bbox 556 1047 629 1112; x_wconf 91' lang='lat' dir='ltr'><strong>ideo</strong></span> <span class='ocrx_word' id='word_1_45' title='bbox 658 1053 901 1112; x_wconf 85' lang='lat' dir='ltr'><strong>summoneatur</strong></span> <span class='ocrx_word' id='word_1_46' title='bbox 931 1044 1093 1133; x_wconf 87' lang='lat' dir='ltr'><strong>Margeria</strong></span> <span class='ocrx_word' id='word_1_47' title='bbox 1122 1046 1228 1133; x_wconf 90' lang='lat' dir='ltr'><strong>quod¹</strong></span> <span class='ocrx_word' id='word_1_48' title='bbox 1253 1071 1273 1113; x_wconf 91' lang='lat' dir='ltr'><strong>a</strong></span> <span class='ocrx_word' id='word_1_49' title='bbox 1301 1047 1354 1113; x_wconf 89' lang='lat' dir='ltr'><strong>die</strong></span> 
     </span>
     <span class='ocr_line' id='line_1_7' title="bbox 245 1143 1355 1236; baseline -0.003 -20"><span class='ocrx_word' id='word_1_50' title='bbox 245 1151 355 1218; x_wconf 89' lang='lat' dir='ltr'><strong>Pasch.</strong></span> <span class='ocrx_word' id='word_1_51' title='bbox 371 1149 407 1215; x_wconf 91' lang='lat' dir='ltr'><strong>in</strong></span> <span class='ocrx_word' id='word_1_52' title='bbox 418 1150 442 1236; x_wconf 90' lang='lat' dir='ltr'><strong>j.</strong></span> <span class='ocrx_word' id='word_1_53' title='bbox 458 1169 603 1213; x_wconf 88' lang='lat' dir='ltr'><strong>mensem</strong></span> <span class='ocrx_word' id='word_1_54' title='bbox 618 1145 660 1210; x_wconf 85' lang='lat' dir='ltr'><strong>ad</strong></span> <span class='ocrx_word' id='word_1_55' title='bbox 676 1143 933 1232; x_wconf 88' lang='lat' dir='ltr'><strong>cognoscendum</strong></span> <span class='ocrx_word' id='word_1_56' title='bbox 949 1144 976 1208; x_wconf 92' lang='lat' dir='ltr'><strong>si</strong></span> <span class='ocrx_word' id='word_1_57' title='bbox 992 1144 1071 1230; x_wconf 88' lang='lat' dir='ltr'><strong>quid</strong></span> <span class='ocrx_word' id='word_1_58' title='bbox 1086 1145 1166 1211; x_wconf 90' lang='lat' dir='ltr'><strong>iuris</strong></span> <span class='ocrx_word' id='word_1_59' title='bbox 1186 1147 1305 1214; x_wconf 88' lang='lat' dir='ltr'><strong>clamat</strong></span> <span class='ocrx_word' id='word_1_60' title='bbox 1320 1147 1355 1213; x_wconf 93' lang='lat' dir='ltr'><strong>in</strong></span> 
     </span>
    </p>
   </div>
   <div class='ocr_carea' id='block_1_3' title="bbox 245 1248 1356 1961">
    <p class='ocr_par' dir='ltr' id='par_1_3' title="bbox 245 1248 1356 1548">
     <span class='ocr_line' id='line_1_8' title="bbox 245 1248 1354 1338; baseline -0.003 -17"><span class='ocrx_word' id='word_1_61' title='bbox 245 1255 399 1321; x_wconf 85' lang='lat' dir='ltr'><strong>forinseco</strong></span> <span class='ocrx_word' id='word_1_62' title='bbox 425 1253 562 1320; x_wconf 90' lang='lat' dir='ltr'><strong>seruicio</strong></span> <span class='ocrx_word' id='word_1_63' title='bbox 587 1250 727 1338; x_wconf 88' lang='lat' dir='ltr'><strong>predicti</strong></span> <span class='ocrx_word' id='word_1_64' title='bbox 757 1249 867 1315; x_wconf 91' lang='lat' dir='ltr'><strong>Dauid</strong></span> <span class='ocrx_word' id='word_1_65' title='bbox 896 1248 937 1314; x_wconf 93' lang='lat' dir='ltr'><strong>de</strong></span> <span class='ocrx_word' id='word_1_66' title='bbox 967 1257 1155 1316; x_wconf 85' lang='lat' dir='ltr'><strong>tenemento</strong></span> <span class='ocrx_word' id='word_1_67' title='bbox 1185 1251 1286 1338; x_wconf 83' lang='lat' dir='ltr'><strong>quod&#39;</strong></span> <span class='ocrx_word' id='word_1_68' title='bbox 1314 1251 1354 1318; x_wconf 91' lang='lat' dir='ltr'><strong>de</strong></span> 
     </span>
     <span class='ocr_line' id='line_1_9' title="bbox 245 1352 1356 1443; baseline -0.002 -21"><span class='ocrx_word' id='word_1_69' title='bbox 245 1357 390 1443; x_wconf 87' lang='lat' dir='ltr'><strong>predicto</strong></span> <span class='ocrx_word' id='word_1_70' title='bbox 418 1356 561 1421; x_wconf 85' lang='lat' dir='ltr'><strong>Roberto</strong></span> <span class='ocrx_word' id='word_1_71' title='bbox 592 1354 626 1418; x_wconf 89' lang='lat' dir='ltr'><strong>in</strong></span> <span class='ocrx_word' id='word_1_72' title='bbox 657 1353 807 1418; x_wconf 84' lang='lat' dir='ltr'><strong>Herlawe</strong></span> <span class='ocrx_word' id='word_1_73' title='bbox 838 1359 898 1417; x_wconf 91' lang='lat' dir='ltr'><strong>etc.</strong></span> <span class='ocrx_word' id='word_1_74' title='bbox 958 1352 1051 1418; x_wconf 90' lang='lat' dir='ltr'><strong>Idem</strong></span> <span class='ocrx_word' id='word_1_75' title='bbox 1081 1353 1151 1420; x_wconf 89' lang='lat' dir='ltr'><strong>dies</strong></span> <span class='ocrx_word' id='word_1_76' title='bbox 1180 1353 1276 1420; x_wconf 89' lang='lat' dir='ltr'><strong>datus</strong></span> <span class='ocrx_word' id='word_1_77' title='bbox 1306 1362 1356 1420; x_wconf 89' lang='lat' dir='ltr'><strong>est</strong></span> 
     </span>
     <span class='ocr_line' id='line_1_10' title="bbox 245 1461 469 1548; baseline 0 -22"><span class='ocrx_word' id='word_1_78' title='bbox 245 1461 394 1548; x_wconf 86' lang='lat' dir='ltr'><strong>partibus</strong></span> <span class='ocrx_word' id='word_1_79' title='bbox 409 1468 469 1526; x_wconf 91' lang='lat' dir='ltr'><strong>etc.</strong></span> 
     </span>
    </p>

    <p class='ocr_par' dir='ltr' id='par_1_4' title="bbox 245 1560 1356 1961">
     <span class='ocr_line' id='line_1_11' title="bbox 311 1560 1356 1648; baseline 0.001 -20"><span class='ocrx_word' id='word_1_80' title='bbox 311 1563 364 1629; x_wconf 90' lang='lat' dir='ltr'><strong>Ad</strong></span> <span class='ocrx_word' id='word_1_81' title='bbox 378 1563 465 1629; x_wconf 92' lang='lat' dir='ltr'><strong>diem</strong></span> <span class='ocrx_word' id='word_1_82' title='bbox 484 1563 578 1628; x_wconf 92' lang='lat' dir='ltr'><strong>illum</strong></span> <span class='ocrx_word' id='word_1_83' title='bbox 600 1561 693 1628; x_wconf 91' lang='lat' dir='ltr'><strong>uenit</strong></span> <span class='ocrx_word' id='word_1_84' title='bbox 715 1560 877 1648; x_wconf 87' lang='lat' dir='ltr'><strong>Margeria</strong></span> <span class='ocrx_word' id='word_1_85' title='bbox 896 1568 931 1625; x_wconf 93' lang='lat' dir='ltr'><strong>et</strong></span> <span class='ocrx_word' id='word_1_86' title='bbox 952 1561 1115 1647; x_wconf 84' lang='lat' dir='ltr'><strong>cognoscit</strong></span> <span class='ocrx_word' id='word_1_87' title='bbox 1137 1562 1223 1648; x_wconf 90' lang='lat' dir='ltr'><strong>quod</strong></span> <span class='ocrx_word' id='word_1_88' title='bbox 1244 1563 1356 1630; x_wconf 85' lang='lat' dir='ltr'><strong>saisita</strong></span> 
     </span>
     <span class='ocr_line' id='line_1_12' title="bbox 246 1664 1354 1752; baseline -0.001 -19"><span class='ocrx_word' id='word_1_89' title='bbox 246 1676 295 1733; x_wconf 90' lang='lat' dir='ltr'><strong>est</strong></span> <span class='ocrx_word' id='word_1_90' title='bbox 324 1667 364 1733; x_wconf 92' lang='lat' dir='ltr'><strong>de</strong></span> <span class='ocrx_word' id='word_1_91' title='bbox 390 1666 526 1732; x_wconf 88' lang='lat' dir='ltr'><strong>seruicio</strong></span> <span class='ocrx_word' id='word_1_92' title='bbox 552 1665 608 1731; x_wconf 91' lang='lat' dir='ltr'><strong>illo</strong></span> <span class='ocrx_word' id='word_1_93' title='bbox 634 1673 669 1730; x_wconf 93' lang='lat' dir='ltr'><strong>et</strong></span> <span class='ocrx_word' id='word_1_94' title='bbox 694 1673 910 1730; x_wconf 87' lang='lat' dir='ltr'><strong>antecessores</strong></span> <span class='ocrx_word' id='word_1_95' title='bbox 934 1664 985 1730; x_wconf 91' lang='lat' dir='ltr'><strong>sui</strong></span> <span class='ocrx_word' id='word_1_96' title='bbox 1010 1687 1138 1752; x_wconf 88' lang='lat' dir='ltr'><strong>semper</strong></span> <span class='ocrx_word' id='word_1_97' title='bbox 1162 1666 1295 1732; x_wconf 86' lang='lat' dir='ltr'><strong>fuerunt</strong></span> <span class='ocrx_word' id='word_1_98' title='bbox 1320 1667 1354 1732; x_wconf 92' lang='lat' dir='ltr'><strong>in</strong></span> 
     </span>
     <span class='ocr_line' id='line_1_13' title="bbox 245 1768 1354 1858; baseline -0.001 -20"><span class='ocrx_word' id='word_1_99' title='bbox 245 1771 370 1838; x_wconf 85' lang='lat' dir='ltr'><strong>seisina</strong></span> <span class='ocrx_word' id='word_1_100' title='bbox 415 1771 459 1835; x_wconf 87' lang='lat' dir='ltr'><strong>Et</strong></span> <span class='ocrx_word' id='word_1_101' title='bbox 474 1770 638 1836; x_wconf 85' lang='lat' dir='ltr'><strong>Robertus</strong></span> <span class='ocrx_word' id='word_1_102' title='bbox 654 1769 734 1835; x_wconf 90' lang='lat' dir='ltr'><strong>dicit</strong></span> <span class='ocrx_word' id='word_1_103' title='bbox 755 1768 842 1855; x_wconf 90' lang='lat' dir='ltr'><strong>quod</strong></span> <span class='ocrx_word' id='word_1_104' title='bbox 859 1769 928 1855; x_wconf 91' lang='lat' dir='ltr'><strong>ipse</strong></span> <span class='ocrx_word' id='word_1_105' title='bbox 944 1777 994 1834; x_wconf 88' lang='lat' dir='ltr'><strong>est</strong></span> <span class='ocrx_word' id='word_1_106' title='bbox 1009 1770 1135 1836; x_wconf 88' lang='lat' dir='ltr'><strong>medius</strong></span> <span class='ocrx_word' id='word_1_107' title='bbox 1150 1770 1354 1858; x_wconf 83' lang='lat' dir='ltr'><strong>interipsum</strong></span> 
     </span>
     <span class='ocr_line' id='line_1_14' title="bbox 246 1870 1353 1961; baseline 0 -22"><span class='ocrx_word' id='word_1_108' title='bbox 246 1873 440 1961; x_wconf 76' lang='lat' dir='ltr'><strong>Margariam</strong></span> <span class='ocrx_word' id='word_1_109' title='bbox 455 1880 489 1938; x_wconf 90' lang='lat' dir='ltr'><strong>et</strong></span> <span class='ocrx_word' id='word_1_110' title='bbox 504 1872 687 1959; x_wconf 91' lang='lat' dir='ltr'><strong>predictum</strong></span> <span class='ocrx_word' id='word_1_111' title='bbox 703 1870 813 1936; x_wconf 89' lang='lat' dir='ltr'><strong>Dauid</strong></span> <span class='ocrx_word' id='word_1_112' title='bbox 829 1879 864 1936; x_wconf 89' lang='lat' dir='ltr'><strong>et</strong></span> <span class='ocrx_word' id='word_1_113' title='bbox 879 1872 965 1958; x_wconf 92' lang='lat' dir='ltr'><strong>quod</strong></span> <span class='ocrx_word' id='word_1_114' title='bbox 980 1872 1049 1960; x_wconf 91' lang='lat' dir='ltr'><strong>ipse</strong></span> <span class='ocrx_word' id='word_1_115' title='bbox 1064 1873 1237 1960; x_wconf 89' lang='lat' dir='ltr'><strong>aliquando</strong></span> <span class='ocrx_word' id='word_1_116' title='bbox 1256 1874 1353 1940; x_wconf 86' lang='lat' dir='ltr'><strong>finem</strong></span> 
     </span>
    </p>
   </div>
   <div class='ocr_carea' id='block_1_4' title="bbox 245 2078 1354 2480">
    <p class='ocr_par' dir='ltr' id='par_1_5' title="bbox 245 2078 1354 2480">
     <span class='ocr_line' id='line_1_15' title="bbox 245 2078 1354 2168; baseline 0.002 -23"><span class='ocrx_word' id='word_1_117' title='bbox 245 2081 433 2168; x_wconf 84' lang='lat' dir='ltr'><strong>homagium</strong></span> <span class='ocrx_word' id='word_1_118' title='bbox 453 2104 559 2160; x_wconf 90' lang='lat' dir='ltr'><strong>suum,</strong></span> <span class='ocrx_word' id='word_1_119' title='bbox 574 2091 608 2146; x_wconf 90' lang='lat' dir='ltr'><strong>et</strong></span> <span class='ocrx_word' id='word_1_120' title='bbox 628 2081 704 2146; x_wconf 90' lang='lat' dir='ltr'><strong>inde</strong></span> <span class='ocrx_word' id='word_1_121' title='bbox 726 2081 817 2166; x_wconf 91' lang='lat' dir='ltr'><strong>ponit</strong></span> <span class='ocrx_word' id='word_1_122' title='bbox 839 2102 873 2144; x_wconf 92' lang='lat' dir='ltr'><strong>se</strong></span> <span class='ocrx_word' id='word_1_123' title='bbox 895 2101 992 2166; x_wconf 90' lang='lat' dir='ltr'><strong>super</strong></span> <span class='ocrx_word' id='word_1_124' title='bbox 1014 2078 1130 2166; x_wconf 88' lang='lat' dir='ltr'><strong>probos</strong></span> <span class='ocrx_word' id='word_1_125' title='bbox 1151 2080 1298 2146; x_wconf 90' lang='lat' dir='ltr'><strong>homines</strong></span> <span class='ocrx_word' id='word_1_126' title='bbox 1320 2091 1354 2147; x_wconf 91' lang='lat' dir='ltr'><strong>et</strong></span> 
     </span>
     <span class='ocr_line' id='line_1_16' title="bbox 246 2183 1353 2273; baseline 0 -23"><span class='ocrx_word' id='word_1_127' title='bbox 246 2208 343 2272; x_wconf 89' lang='lat' dir='ltr'><strong>super</strong></span> <span class='ocrx_word' id='word_1_128' title='bbox 356 2185 536 2273; x_wconf 87' lang='lat' dir='ltr'><strong>predictam</strong></span> <span class='ocrx_word' id='word_1_129' title='bbox 556 2185 758 2273; x_wconf 84' lang='lat' dir='ltr'><strong>Msrgeriam.</strong></span> <span class='ocrx_word' id='word_1_130' title='bbox 803 2185 848 2248; x_wconf 86' lang='lat' dir='ltr'><strong>Et</strong></span> <span class='ocrx_word' id='word_1_131' title='bbox 868 2183 993 2250; x_wconf 89' lang='lat' dir='ltr'><strong>dictum</strong></span> <span class='ocrx_word' id='word_1_132' title='bbox 1014 2192 1064 2250; x_wconf 90' lang='lat' dir='ltr'><strong>est</strong></span> <span class='ocrx_word' id='word_1_133' title='bbox 1083 2191 1248 2250; x_wconf 88' lang='lat' dir='ltr'><strong>attornato</strong></span> <span class='ocrx_word' id='word_1_134' title='bbox 1268 2185 1353 2272; x_wconf 92' lang='lat' dir='ltr'><strong>quod</strong></span> 
     </span>
     <span class='ocr_line' id='line_1_17' title="bbox 245 2288 1352 2380; baseline 0 -24"><span class='ocrx_word' id='word_1_135' title='bbox 245 2290 333 2356; x_wconf 88' lang='lat' dir='ltr'><strong>dicat</strong></span> <span class='ocrx_word' id='word_1_136' title='bbox 353 2291 417 2377; x_wconf 88' lang='lat' dir='ltr'><strong>ipsi</strong></span> <span class='ocrx_word' id='word_1_137' title='bbox 440 2291 599 2380; x_wconf 87' lang='lat' dir='ltr'><strong>Margerie</strong></span> <span class='ocrx_word' id='word_1_138' title='bbox 622 2289 709 2378; x_wconf 93' lang='lat' dir='ltr'><strong>quod</strong></span> <span class='ocrx_word' id='word_1_139' title='bbox 730 2290 843 2355; x_wconf 88' lang='lat' dir='ltr'><strong>ueniat</strong></span> <span class='ocrx_word' id='word_1_140' title='bbox 863 2288 898 2353; x_wconf 91' lang='lat' dir='ltr'><strong>in</strong></span> <span class='ocrx_word' id='word_1_141' title='bbox 919 2288 1048 2375; x_wconf 86' lang='lat' dir='ltr'><strong>propria</strong></span> <span class='ocrx_word' id='word_1_142' title='bbox 1067 2310 1203 2375; x_wconf 90' lang='lat' dir='ltr'><strong>persona</strong></span> <span class='ocrx_word' id='word_1_143' title='bbox 1216 2312 1237 2356; x_wconf 87' lang='lat' dir='ltr'><strong>a</strong></span> <span class='ocrx_word' id='word_1_144' title='bbox 1250 2289 1303 2355; x_wconf 89' lang='lat' dir='ltr'><strong>die</strong></span> <span class='ocrx_word' id='word_1_145' title='bbox 1320 2290 1352 2356; x_wconf 85' lang='lat' dir='ltr'><strong>S.</strong></span> 
     </span>
     <span class='ocr_line' id='line_1_18' title="bbox 246 2393 1239 2480; baseline -0.001 -19"><span class='ocrx_word' id='word_1_146' title='bbox 246 2396 381 2461; x_wconf 85' lang='lat' dir='ltr'><strong>Martini</strong></span> <span class='ocrx_word' id='word_1_147' title='bbox 395 2395 430 2460; x_wconf 91' lang='lat' dir='ltr'><strong>in</strong></span> <span class='ocrx_word' id='word_1_148' title='bbox 444 2420 494 2463; x_wconf 87' lang='lat' dir='ltr'><strong>xv.</strong></span> <span class='ocrx_word' id='word_1_149' title='bbox 510 2396 580 2462; x_wconf 89' lang='lat' dir='ltr'><strong>dies</strong></span> <span class='ocrx_word' id='word_1_150' title='bbox 595 2405 653 2462; x_wconf 85' lang='lat' dir='ltr'><strong>etc</strong></span> <span class='ocrx_word' id='word_1_151' title='bbox 670 2403 705 2462; x_wconf 92' lang='lat' dir='ltr'><strong>et</strong></span> <span class='ocrx_word' id='word_1_152' title='bbox 720 2395 807 2461; x_wconf 91' lang='lat' dir='ltr'><strong>idem</strong></span> <span class='ocrx_word' id='word_1_153' title='bbox 822 2395 892 2460; x_wconf 88' lang='lat' dir='ltr'><strong>dies</strong></span> <span class='ocrx_word' id='word_1_154' title='bbox 907 2393 1003 2460; x_wconf 87' lang='lat' dir='ltr'><strong>datus</strong></span> <span class='ocrx_word' id='word_1_155' title='bbox 1019 2401 1069 2460; x_wconf 89' lang='lat' dir='ltr'><strong>est</strong></span> <span class='ocrx_word' id='word_1_156' title='bbox 1083 2393 1239 2480; x_wconf 89' lang='lat' dir='ltr'><strong>partibus.</strong></span> 
     </span>
    </p>
   </div>
   <div class='ocr_carea' id='block_1_5' title="bbox 188 2497 1453 2586">
    <p class='ocr_par' dir='ltr' id='par_1_6' title="bbox 188 2497 1453 2586">
     <span class='ocr_line' id='line_1_19' title="bbox 188 2497 1453 2586; baseline -0.002 -20"><span class='ocrx_word' id='word_1_157' title='bbox 188 2553 194 2566; x_wconf 95' lang='lat'><em>.</em></span> <span class='ocrx_word' id='word_1_158' title='bbox 311 2499 443 2566; x_wconf 79' lang='lat' dir='ltr'><strong>‘Jurata</strong></span> <span class='ocrx_word' id='word_1_159' title='bbox 464 2501 504 2565; x_wconf 89' lang='lat' dir='ltr'><strong>de</strong></span> <span class='ocrx_word' id='word_1_160' title='bbox 527 2523 684 2566; x_wconf 86' lang='lat' dir='ltr'><strong>consensu</strong></span> <span class='ocrx_word' id='word_1_161' title='bbox 708 2499 853 2586; x_wconf 89' lang='lat' dir='ltr'><strong>parcium</strong></span> <span class='ocrx_word' id='word_1_162' title='bbox 880 2497 973 2562; x_wconf 90' lang='lat' dir='ltr'><strong>uenit</strong></span> <span class='ocrx_word' id='word_1_163' title='bbox 998 2497 1203 2586; x_wconf 86' lang='lat' dir='ltr'><strong>recognitura</strong></span> <span class='ocrx_word' id='word_1_164' title='bbox 1224 2497 1253 2562; x_wconf 90' lang='lat' dir='ltr'><strong>si</strong></span> <span class='ocrx_word' id='word_1_165' title='bbox 1275 2497 1352 2562; x_wconf 87' lang='lat' dir='ltr'><strong>Bar·</strong></span> <span class='ocrx_word' id='word_1_166' title='bbox 1431 2535 1453 2564; x_wconf 69' lang='lat' dir='ltr'><strong>e</strong></span> 
     </span>
    </p>
   </div>
   <div class='ocr_carea' id='block_1_6' title="bbox 243 2599 1353 4356">
    <p class='ocr_par' dir='ltr' id='par_1_7' title="bbox 243 2599 1353 4137">
     <span class='ocr_line' id='line_1_20' title="bbox 248 2599 1353 2687; baseline -0.002 -21"><span class='ocrx_word' id='word_1_167' title='bbox 248 2603 428 2668; x_wconf 88' lang='lat' dir='ltr'><strong>tholomeus</strong></span> <span class='ocrx_word' id='word_1_168' title='bbox 441 2602 482 2668; x_wconf 91' lang='lat' dir='ltr'><strong>de</strong></span> <span class='ocrx_word' id='word_1_169' title='bbox 503 2603 536 2668; x_wconf 89' lang='lat' dir='ltr'><strong>la</strong></span> <span class='ocrx_word' id='word_1_170' title='bbox 554 2602 646 2667; x_wconf 90' lang='lat' dir='ltr'><strong>Huse</strong></span> <span class='ocrx_word' id='word_1_171' title='bbox 664 2624 749 2667; x_wconf 90' lang='lat' dir='ltr'><strong>anno</strong></span> <span class='ocrx_word' id='word_1_172' title='bbox 767 2609 801 2666; x_wconf 89' lang='lat' dir='ltr'><strong>et</strong></span> <span class='ocrx_word' id='word_1_173' title='bbox 821 2600 875 2666; x_wconf 94' lang='lat' dir='ltr'><strong>die</strong></span> <span class='ocrx_word' id='word_1_174' title='bbox 895 2623 959 2687; x_wconf 92' lang='lat' dir='ltr'><strong>quo</strong></span> <span class='ocrx_word' id='word_1_175' title='bbox 980 2599 1051 2665; x_wconf 85' lang='lat' dir='ltr'><strong>Rex</strong></span> <span class='ocrx_word' id='word_1_176' title='bbox 1073 2600 1096 2666; x_wconf 88' lang='lat' dir='ltr'>J</span> <span class='ocrx_word' id='word_1_177' title='bbox 1097 2601 1239 2666; x_wconf 91' lang='lat' dir='ltr'><strong>ohannes</strong></span> <span class='ocrx_word' id='word_1_178' title='bbox 1261 2600 1353 2666; x_wconf 87' lang='lat' dir='ltr'><strong>dedit</strong></span> 
     </span>
     <span class='ocr_line' id='line_1_21' title="bbox 245 2703 1352 2773; baseline -0.001 -1"><span class='ocrx_word' id='word_1_179' title='bbox 245 2706 370 2772; x_wconf 90' lang='lat' dir='ltr'><strong>Abbati</strong></span> <span class='ocrx_word' id='word_1_180' title='bbox 383 2707 423 2772; x_wconf 91' lang='lat' dir='ltr'><strong>de</strong></span> <span class='ocrx_word' id='word_1_181' title='bbox 440 2707 531 2773; x_wconf 89' lang='lat' dir='ltr'><strong>Bello</strong></span> <span class='ocrx_word' id='word_1_182' title='bbox 546 2707 630 2772; x_wconf 88' lang='lat' dir='ltr'><strong>Loco</strong></span> <span class='ocrx_word' id='word_1_183' title='bbox 650 2705 831 2772; x_wconf 89' lang='lat' dir='ltr'><strong>manerium</strong></span> <span class='ocrx_word' id='word_1_184' title='bbox 855 2705 895 2771; x_wconf 91' lang='lat' dir='ltr'><strong>de</strong></span> <span class='ocrx_word' id='word_1_185' title='bbox 916 2703 1110 2771; x_wconf 84' lang='lat' dir='ltr'><strong>Farendnna</strong></span> <span class='ocrx_word' id='word_1_186' title='bbox 1133 2705 1211 2772; x_wconf 89' lang='lat' dir='ltr'><strong>fecit</strong></span> <span class='ocrx_word' id='word_1_187' title='bbox 1231 2713 1352 2772; x_wconf 88' lang='lat' dir='ltr'><strong>sectam</strong></span> 
     </span>
     <span class='ocr_line' id='line_1_22' title="bbox 245 2808 1351 2896; baseline -0.001 -20"><span class='ocrx_word' id='word_1_188' title='bbox 245 2811 287 2876; x_wconf 85' lang='lat' dir='ltr'><strong>ad</strong></span> <span class='ocrx_word' id='word_1_189' title='bbox 302 2810 506 2876; x_wconf 89' lang='lat' dir='ltr'><strong>hundredum</strong></span> <span class='ocrx_word' id='word_1_190' title='bbox 522 2810 562 2875; x_wconf 93' lang='lat' dir='ltr'><strong>de</strong></span> <span class='ocrx_word' id='word_1_191' title='bbox 578 2810 772 2876; x_wconf 84' lang='lat' dir='ltr'><strong>Ferenduna</strong></span> <span class='ocrx_word' id='word_1_192' title='bbox 786 2808 915 2896; x_wconf 90' lang='lat' dir='ltr'><strong>quando</strong></span> <span class='ocrx_word' id='word_1_193' title='bbox 930 2809 1013 2874; x_wconf 90' lang='lat' dir='ltr'><strong>latro</strong></span> <span class='ocrx_word' id='word_1_194' title='bbox 1034 2809 1080 2874; x_wconf 92' lang='lat' dir='ltr'><strong>ibi</strong></span> <span class='ocrx_word' id='word_1_195' title='bbox 1102 2818 1187 2874; x_wconf 86' lang='lat' dir='ltr'><strong>esset</strong></span> <span class='ocrx_word' id='word_1_196' title='bbox 1207 2809 1351 2875; x_wconf 86' lang='lat' dir='ltr'><strong>iudican-</strong></span> 
     </span>
     <span class='ocr_line' id='line_1_23' title="bbox 245 2914 1353 3002; baseline 0 -22"><span class='ocrx_word' id='word_1_197' title='bbox 245 2915 305 2980; x_wconf 93' lang='lat' dir='ltr'><strong>dus</strong></span> <span class='ocrx_word' id='word_1_198' title='bbox 329 2921 364 2981; x_wconf 89' lang='lat' dir='ltr'><strong>et</strong></span> <span class='ocrx_word' id='word_1_199' title='bbox 385 2914 514 3001; x_wconf 90' lang='lat' dir='ltr'><strong>quando</strong></span> <span class='ocrx_word' id='word_1_200' title='bbox 536 2915 636 2981; x_wconf 90' lang='lat' dir='ltr'><strong>breue</strong></span> <span class='ocrx_word' id='word_1_201' title='bbox 659 2916 751 2982; x_wconf 91' lang='lat' dir='ltr'><strong>Dom.</strong></span> <span class='ocrx_word' id='word_1_202' title='bbox 775 2914 876 3002; x_wconf 84' lang='lat' dir='ltr'><strong>Regis</strong></span> <span class='ocrx_word' id='word_1_203' title='bbox 897 2914 945 2979; x_wconf 88' lang='lat' dir='ltr'><strong>ibi</strong></span> <span class='ocrx_word' id='word_1_204' title='bbox 967 2923 1052 2980; x_wconf 89' lang='lat' dir='ltr'><strong>esset</strong></span> <span class='ocrx_word' id='word_1_205' title='bbox 1073 2914 1295 3000; x_wconf 86' lang='lat' dir='ltr'><strong>placitandum</strong></span> <span class='ocrx_word' id='word_1_206' title='bbox 1319 2923 1353 2980; x_wconf 91' lang='lat' dir='ltr'><strong>et</strong></span> 
     </span>
     <span class='ocr_line' id='line_1_24' title="bbox 245 3016 1351 3104; baseline 0 -22"><span class='ocrx_word' id='word_1_207' title='bbox 245 3039 302 3103; x_wconf 88' lang='lat' dir='ltr'><strong>pro</strong></span> <span class='ocrx_word' id='word_1_208' title='bbox 316 3017 525 3082; x_wconf 85' lang='lat' dir='ltr'><strong>forciamento</strong></span> <span class='ocrx_word' id='word_1_209' title='bbox 539 3018 636 3095; x_wconf 92' lang='lat' dir='ltr'><strong>curie,</strong></span> <span class='ocrx_word' id='word_1_210' title='bbox 651 3026 685 3081; x_wconf 91' lang='lat' dir='ltr'><strong>et</strong></span> <span class='ocrx_word' id='word_1_211' title='bbox 701 3017 728 3081; x_wconf 90' lang='lat' dir='ltr'><strong>si</strong></span> <span class='ocrx_word' id='word_1_212' title='bbox 743 3016 830 3082; x_wconf 91' lang='lat' dir='ltr'><strong>idem</strong></span> <span class='ocrx_word' id='word_1_213' title='bbox 851 3017 1098 3082; x_wconf 88' lang='lat' dir='ltr'><strong>Bartholomeus</strong></span> <span class='ocrx_word' id='word_1_214' title='bbox 1118 3039 1246 3104; x_wconf 89' lang='lat' dir='ltr'><strong>semper</strong></span> <span class='ocrx_word' id='word_1_215' title='bbox 1264 3027 1351 3104; x_wconf 89' lang='lat' dir='ltr'><strong>post-</strong></span> 
     </span>
     <span class='ocr_line' id='line_1_25' title="bbox 244 3120 1352 3207; baseline 0 -21"><span class='ocrx_word' id='word_1_216' title='bbox 244 3121 376 3186; x_wconf 91' lang='lat' dir='ltr'><strong>modum</strong></span> <span class='ocrx_word' id='word_1_217' title='bbox 405 3121 482 3186; x_wconf 89' lang='lat' dir='ltr'><strong>fecit</strong></span> <span class='ocrx_word' id='word_1_218' title='bbox 511 3130 632 3187; x_wconf 88' lang='lat' dir='ltr'><strong>sectam</strong></span> <span class='ocrx_word' id='word_1_219' title='bbox 661 3121 751 3186; x_wconf 88' lang='lat' dir='ltr'><strong>illam</strong></span> <span class='ocrx_word' id='word_1_220' title='bbox 781 3143 885 3207; x_wconf 89' lang='lat' dir='ltr'><strong>usque</strong></span> <span class='ocrx_word' id='word_1_221' title='bbox 913 3120 956 3186; x_wconf 90' lang='lat' dir='ltr'><strong>ad</strong></span> <span class='ocrx_word' id='word_1_222' title='bbox 986 3129 1051 3186; x_wconf 89' lang='lat' dir='ltr'><strong>tres</strong></span> <span class='ocrx_word' id='word_1_223' title='bbox 1080 3143 1181 3186; x_wconf 89' lang='lat' dir='ltr'><strong>annos</strong></span> <span class='ocrx_word' id='word_1_224' title='bbox 1206 3122 1352 3207; x_wconf 85' lang='lat' dir='ltr'><strong>proximo</strong></span> 
     </span>
     <span class='ocr_line' id='line_1_26' title="bbox 244 3225 1352 3313; baseline 0.001 -22"><span class='ocrx_word' id='word_1_225' title='bbox 244 3226 423 3312; x_wconf 85' lang='lat' dir='ltr'><strong>preteritos‚</strong></span> <span class='ocrx_word' id='word_1_226' title='bbox 438 3249 502 3313; x_wconf 90' lang='lat' dir='ltr'><strong>que</strong></span> <span class='ocrx_word' id='word_1_227' title='bbox 516 3226 597 3292; x_wconf 91' lang='lat' dir='ltr'><strong>dicit</strong></span> <span class='ocrx_word' id='word_1_228' title='bbox 612 3226 698 3312; x_wconf 90' lang='lat' dir='ltr'><strong>quod</strong></span> <span class='ocrx_word' id='word_1_229' title='bbox 715 3225 802 3290; x_wconf 88' lang='lat' dir='ltr'><strong>idem</strong></span> <span class='ocrx_word' id='word_1_230' title='bbox 827 3225 1074 3291; x_wconf 86' lang='lat' dir='ltr'><strong>Bartholomeus</strong></span> <span class='ocrx_word' id='word_1_231' title='bbox 1093 3248 1272 3312; x_wconf 88' lang='lat' dir='ltr'><strong>numquam</strong></span> <span class='ocrx_word' id='word_1_232' title='bbox 1292 3249 1352 3293; x_wconf 91' lang='lat' dir='ltr'><strong>nec</strong></span> 
     </span>
     <span class='ocr_line' id='line_1_27' title="bbox 243 3329 1351 3417; baseline 0.002 -21"><span class='ocrx_word' id='word_1_233' title='bbox 243 3353 328 3396; x_wconf 90' lang='lat' dir='ltr'><strong>anno</strong></span> <span class='ocrx_word' id='word_1_234' title='bbox 343 3339 377 3396; x_wconf 91' lang='lat' dir='ltr'><strong>et</strong></span> <span class='ocrx_word' id='word_1_235' title='bbox 392 3330 445 3396; x_wconf 91' lang='lat' dir='ltr'><strong>die</strong></span> <span class='ocrx_word' id='word_1_236' title='bbox 459 3353 523 3417; x_wconf 92' lang='lat' dir='ltr'><strong>quo</strong></span> <span class='ocrx_word' id='word_1_237' title='bbox 538 3331 609 3396; x_wconf 83' lang='lat' dir='ltr'><strong>Rex</strong></span> <span class='ocrx_word' id='word_1_238' title='bbox 624 3330 647 3396; x_wconf 90' lang='lat' dir='ltr'><strong>J</strong></span> <span class='ocrx_word' id='word_1_239' title='bbox 647 3331 790 3396; x_wconf 90' lang='lat' dir='ltr'><strong>ohannes</strong></span> <span class='ocrx_word' id='word_1_240' title='bbox 804 3329 896 3396; x_wconf 90' lang='lat' dir='ltr'><strong>dedit</strong></span> <span class='ocrx_word' id='word_1_241' title='bbox 911 3329 1016 3396; x_wconf 90' lang='lat' dir='ltr'><strong>eidem</strong></span> <span class='ocrx_word' id='word_1_242' title='bbox 1032 3330 1156 3397; x_wconf 87' lang='lat' dir='ltr'><strong>Abbati</strong></span> <span class='ocrx_word' id='word_1_243' title='bbox 1171 3333 1351 3398; x_wconf 86' lang='lat' dir='ltr'><strong>manerium</strong></span> 
     </span>
     <span class='ocr_line' id='line_1_28' title="bbox 244 3435 1352 3523; baseline 0.002 -22"><span class='ocrx_word' id='word_1_244' title='bbox 244 3435 326 3502; x_wconf 90' lang='lat' dir='ltr'><strong>illud</strong></span> <span class='ocrx_word' id='word_1_245' title='bbox 348 3435 424 3501; x_wconf 84' lang='lat' dir='ltr'><strong>fecit</strong></span> <span class='ocrx_word' id='word_1_246' title='bbox 447 3443 568 3501; x_wconf 87' lang='lat' dir='ltr'><strong>sectam</strong></span> <span class='ocrx_word' id='word_1_247' title='bbox 590 3436 680 3501; x_wconf 89' lang='lat' dir='ltr'><strong>illam</strong></span> <span class='ocrx_word' id='word_1_248' title='bbox 703 3457 762 3504; x_wconf 87' lang='lat' dir='ltr'><strong>nec</strong></span> <span class='ocrx_word' id='word_1_249' title='bbox 785 3458 929 3522; x_wconf 88' lang='lat' dir='ltr'><strong>unquam</strong></span> <span class='ocrx_word' id='word_1_250' title='bbox 951 3444 1065 3523; x_wconf 90' lang='lat' dir='ltr'><strong>postea</strong></span> <span class='ocrx_word' id='word_1_251' title='bbox 1086 3436 1150 3502; x_wconf 89' lang='lat' dir='ltr'><strong>nisi</strong></span> <span class='ocrx_word' id='word_1_252' title='bbox 1172 3437 1231 3502; x_wconf 87' lang='lat' dir='ltr'><strong>tali</strong></span> <span class='ocrx_word' id='word_1_253' title='bbox 1257 3437 1352 3505; x_wconf 91' lang='lat' dir='ltr'><strong>modo</strong></span> 
     </span>
     <span class='ocr_line' id='line_1_29' title="bbox 244 3539 1352 3628; baseline 0.004 -22"><span class='ocrx_word' id='word_1_254' title='bbox 244 3541 330 3628; x_wconf 90' lang='lat' dir='ltr'><strong>quod</strong></span> <span class='ocrx_word' id='word_1_255' title='bbox 345 3541 372 3606; x_wconf 88' lang='lat' dir='ltr'><strong>si</strong></span> <span class='ocrx_word' id='word_1_256' title='bbox 387 3541 469 3606; x_wconf 83' lang='lat' dir='ltr'><strong>forte</strong></span> <span class='ocrx_word' id='word_1_257' title='bbox 485 3540 516 3604; x_wconf 92' lang='lat' dir='ltr'><strong>ei</strong></span> <span class='ocrx_word' id='word_1_258' title='bbox 531 3540 585 3604; x_wconf 93' lang='lat' dir='ltr'><strong>uel</strong></span> <span class='ocrx_word' id='word_1_259' title='bbox 600 3539 786 3606; x_wconf 89' lang='lat' dir='ltr'><strong>hominibus</strong></span> <span class='ocrx_word' id='word_1_260' title='bbox 800 3540 867 3606; x_wconf 90' lang='lat' dir='ltr'><strong>suis</strong></span> <span class='ocrx_word' id='word_1_261' title='bbox 883 3547 917 3605; x_wconf 89' lang='lat' dir='ltr'><strong>et</strong></span> <span class='ocrx_word' id='word_1_262' title='bbox 937 3540 1126 3607; x_wconf 90' lang='lat' dir='ltr'><strong>tenentibus</strong></span> <span class='ocrx_word' id='word_1_263' title='bbox 1146 3541 1213 3607; x_wconf 91' lang='lat' dir='ltr'><strong>suis</strong></span> <span class='ocrx_word' id='word_1_264' title='bbox 1233 3542 1352 3610; x_wconf 80' lang='lat' dir='ltr'><strong>iniuria</strong></span> 
     </span>
     <span class='ocr_line' id='line_1_30' title="bbox 244 3643 1351 3735; baseline 0.003 -24"><span class='ocrx_word' id='word_1_265' title='bbox 244 3645 330 3711; x_wconf 82' lang='lat' dir='ltr'><strong>facta</strong></span> <span class='ocrx_word' id='word_1_266' title='bbox 344 3652 430 3710; x_wconf 89' lang='lat' dir='ltr'><strong>esset</strong></span> <span class='ocrx_word' id='word_1_267' title='bbox 444 3643 485 3710; x_wconf 90' lang='lat' dir='ltr'><strong>de</strong></span> <span class='ocrx_word' id='word_1_268' title='bbox 500 3643 685 3709; x_wconf 91' lang='lat' dir='ltr'><strong>hominibus</strong></span> <span class='ocrx_word' id='word_1_269' title='bbox 699 3643 802 3730; x_wconf 88' lang='lat' dir='ltr'><strong>ipsius</strong></span> <span class='ocrx_word' id='word_1_270' title='bbox 817 3644 957 3710; x_wconf 85' lang='lat' dir='ltr'><strong>Abbatis</strong></span> <span class='ocrx_word' id='word_1_271' title='bbox 976 3645 1031 3710; x_wconf 89' lang='lat' dir='ltr'><strong>uel</strong></span> <span class='ocrx_word' id='word_1_272' title='bbox 1050 3645 1181 3712; x_wconf 77' lang='lat' dir='ltr'><strong>bailiuis</strong></span> <span class='ocrx_word' id='word_1_273' title='bbox 1201 3647 1267 3714; x_wconf 90' lang='lat' dir='ltr'><strong>suis</strong></span> <span class='ocrx_word' id='word_1_274' title='bbox 1282 3647 1351 3735; x_wconf 89' lang='lat' dir='ltr'><strong>ipse</strong></span> 
     </span>
     <span class='ocr_line' id='line_1_31' title="bbox 243 3747 1351 3837; baseline 0.004 -23"><span class='ocrx_word' id='word_1_275' title='bbox 243 3755 432 3837; x_wconf 89' lang='lat' dir='ltr'><strong>prosecutus</strong></span> <span class='ocrx_word' id='word_1_276' title='bbox 461 3747 524 3813; x_wconf 91' lang='lat' dir='ltr'><strong>fuit</strong></span> <span class='ocrx_word' id='word_1_277' title='bbox 554 3755 593 3812; x_wconf 89' lang='lat' dir='ltr'><strong>ut</strong></span> <span class='ocrx_word' id='word_1_278' title='bbox 622 3747 784 3814; x_wconf 89' lang='lat' dir='ltr'><strong>iusticiam</strong></span> <span class='ocrx_word' id='word_1_279' title='bbox 814 3748 949 3814; x_wconf 89' lang='lat' dir='ltr'><strong>haberet</strong></span> <span class='ocrx_word' id='word_1_280' title='bbox 979 3749 1020 3814; x_wconf 92' lang='lat' dir='ltr'><strong>de</strong></span> <span class='ocrx_word' id='word_1_281' title='bbox 1049 3749 1169 3816; x_wconf 87' lang='lat' dir='ltr'><strong>iniuria</strong></span> <span class='ocrx_word' id='word_1_282' title='bbox 1197 3751 1261 3817; x_wconf 89' lang='lat' dir='ltr'><strong>sibi</strong></span> <span class='ocrx_word' id='word_1_283' title='bbox 1296 3754 1351 3819; x_wconf 89' lang='lat' dir='ltr'><strong>uel</strong></span> 
     </span>
     <span class='ocr_line' id='line_1_32' title="bbox 243 3852 1349 3926; baseline 0.005 -7"><span class='ocrx_word' id='word_1_284' title='bbox 243 3852 429 3919; x_wconf 89' lang='lat' dir='ltr'><strong>hominibus</strong></span> <span class='ocrx_word' id='word_1_285' title='bbox 450 3853 517 3918; x_wconf 88' lang='lat' dir='ltr'><strong>suis</strong></span> <span class='ocrx_word' id='word_1_286' title='bbox 538 3853 631 3918; x_wconf 81' lang='lat' dir='ltr'><strong>illata</strong></span> <span class='ocrx_word' id='word_1_287' title='bbox 652 3862 687 3918; x_wconf 93' lang='lat' dir='ltr'><strong>et</strong></span> <span class='ocrx_word' id='word_1_288' title='bbox 709 3877 774 3920; x_wconf 90' lang='lat' dir='ltr'><strong>non</strong></span> <span class='ocrx_word' id='word_1_289' title='bbox 796 3854 897 3920; x_wconf 87' lang='lat' dir='ltr'><strong>aliter.</strong></span> <span class='ocrx_word' id='word_1_290' title='bbox 945 3854 989 3919; x_wconf 87' lang='lat' dir='ltr'><strong>Et</strong></span> <span class='ocrx_word' id='word_1_291' title='bbox 1018 3853 1091 3920; x_wconf 90' lang='lat' dir='ltr'><strong>ideo</strong></span> <span class='ocrx_word' id='word_1_292' title='bbox 1113 3855 1349 3926; x_wconf 87' lang='lat' dir='ltr'><strong>consideratum</strong></span> 
     </span>
     <span class='ocr_line' id='line_1_33' title="bbox 244 3958 1351 4046; baseline 0.003 -22"><span class='ocrx_word' id='word_1_293' title='bbox 244 3958 395 4046; x_wconf 91' lang='lat' dir='ltr'><strong>estquod</strong></span> <span class='ocrx_word' id='word_1_294' title='bbox 410 3958 657 4024; x_wconf 88' lang='lat' dir='ltr'><strong>Bartholomeus</strong></span> <span class='ocrx_word' id='word_1_295' title='bbox 672 3959 803 4045; x_wconf 92' lang='lat' dir='ltr'><strong>quietus</strong></span> <span class='ocrx_word' id='word_1_296' title='bbox 818 3958 862 4024; x_wconf 93' lang='lat' dir='ltr'><strong>sit</strong></span> <span class='ocrx_word' id='word_1_297' title='bbox 881 3958 922 4024; x_wconf 92' lang='lat' dir='ltr'><strong>de</strong></span> <span class='ocrx_word' id='word_1_298' title='bbox 943 3967 1032 4025; x_wconf 88' lang='lat' dir='ltr'><strong>secta</strong></span> <span class='ocrx_word' id='word_1_299' title='bbox 1049 3959 1163 4038; x_wconf 74' lang='lat' dir='ltr'><strong>illast</strong></span> <span class='ocrx_word' id='word_1_300' title='bbox 1185 3960 1297 4028; x_wconf 85' lang='lat' dir='ltr'><strong>Abbas</strong></span> <span class='ocrx_word' id='word_1_301' title='bbox 1316 3963 1351 4028; x_wconf 89' lang='lat' dir='ltr'><strong>in</strong></span> 
     </span>
     <span class='ocr_line' id='line_1_34' title="bbox 244 4061 662 4137; baseline -0.012 -9"><span class='ocrx_word' id='word_1_302' title='bbox 244 4061 467 4128; x_wconf 80' lang='lat' dir='ltr'><strong>misericordia</strong></span> <span class='ocrx_word' id='word_1_303' title='bbox 658 4129 662 4137; x_wconf 65' lang='grc'><em>,</em></span> 
     </span>
    </p>

    <p class='ocr_par' dir='ltr' id='par_1_8' title="bbox 246 4165 1351 4356">
     <span class='ocr_line' id='line_1_35' title="bbox 310 4165 1350 4256; baseline 0.006 -25"><span class='ocrx_word' id='word_1_304' title='bbox 310 4167 354 4231; x_wconf 90' lang='lat' dir='ltr'><strong>Et</strong></span> <span class='ocrx_word' id='word_1_305' title='bbox 372 4165 538 4232; x_wconf 87' lang='lat' dir='ltr'><strong>sciendum</strong></span> <span class='ocrx_word' id='word_1_306' title='bbox 563 4165 649 4252; x_wconf 93' lang='lat' dir='ltr'><strong>quod</strong></span> <span class='ocrx_word' id='word_1_307' title='bbox 667 4165 862 4231; x_wconf 81' lang='lat' dir='ltr'><strong>lambertus</strong></span> <span class='ocrx_word' id='word_1_308' title='bbox 882 4167 1031 4252; x_wconf 76' lang='lat' dir='ltr'><strong>quidam⁵</strong></span> <span class='ocrx_word' id='word_1_309' title='bbox 1053 4169 1110 4254; x_wconf 93' lang='lat' dir='ltr'><strong>qui</strong></span> <span class='ocrx_word' id='word_1_310' title='bbox 1130 4191 1165 4234; x_wconf 89' lang='lat' dir='ltr'><strong>se</strong></span> <span class='ocrx_word' id='word_1_311' title='bbox 1187 4171 1296 4256; x_wconf 87' lang='lat' dir='ltr'><strong>posuit</strong></span> <span class='ocrx_word' id='word_1_312' title='bbox 1315 4171 1350 4237; x_wconf 92' lang='lat' dir='ltr'><strong>in</strong></span> 
     </span>
     <span class='ocr_line' id='line_1_36' title="bbox 246 4270 1351 4356; baseline 0.005 -20"><span class='ocrx_word' id='word_1_313' title='bbox 246 4271 359 4336; x_wconf 89' lang='lat' dir='ltr'><strong>eadem</strong></span> <span class='ocrx_word' id='word_1_314' title='bbox 373 4271 481 4336; x_wconf 83' lang='lat' dir='ltr'><strong>iurata</strong></span> <span class='ocrx_word' id='word_1_315' title='bbox 499 4292 613 4336; x_wconf 86' lang='lat' dir='ltr'><strong>uersus</strong></span> <span class='ocrx_word' id='word_1_316' title='bbox 631 4270 814 4356; x_wconf 92' lang='lat' dir='ltr'><strong>predictum</strong></span> <span class='ocrx_word' id='word_1_317' title='bbox 834 4271 998 4337; x_wconf 86' lang='lat' dir='ltr'><strong>Abbatem</strong></span> <span class='ocrx_word' id='word_1_318' title='bbox 1020 4272 1062 4337; x_wconf 91' lang='lat' dir='ltr'><strong>de</strong></span> <span class='ocrx_word' id='word_1_319' title='bbox 1084 4273 1242 4340; x_wconf 87' lang='lat' dir='ltr'><strong>consimili</strong></span> <span class='ocrx_word' id='word_1_320' title='bbox 1264 4283 1351 4342; x_wconf 87' lang='lat' dir='ltr'><strong>secta</strong></span> 
     </span>
    </p>
   </div>
   <div class='ocr_carea' id='block_1_7' title="bbox 277 4390 1409 4572">
    <p class='ocr_par' dir='ltr' id='par_1_9' title="bbox 277 4390 1409 4572">
     <span class='ocr_line' id='line_1_37' title="bbox 277 4390 1333 4454; baseline 0.004 -12"><span class='ocrx_word' id='word_1_321' title='bbox 277 4390 288 4424; x_wconf 84' lang='lat'>¹</span> <span class='ocrx_word' id='word_1_322' title='bbox 305 4390 404 4454; x_wconf 74' lang='lat' dir='ltr'><strong>Supply</strong></span> <span class='ocrx_word' id='word_1_323' title='bbox 414 4393 457 4441; x_wconf 78' lang='lat' dir='ltr'><strong>rit.</strong></span> <span class='ocrx_word' id='word_1_324' title='bbox 855 4392 866 4447; x_wconf 64' lang='grc'><strong>4</strong></span> <span class='ocrx_word' id='word_1_325' title='bbox 882 4391 934 4441; x_wconf 85' lang='lat' dir='ltr'><strong>For</strong></span> <span class='ocrx_word' id='word_1_326' title='bbox 944 4391 989 4442; x_wconf 87' lang='lat' dir='ltr'><strong>the</strong></span> <span class='ocrx_word' id='word_1_327' title='bbox 999 4391 1135 4454; x_wconf 78' lang='lat' dir='ltr'><strong>plesdings</strong></span> <span class='ocrx_word' id='word_1_328' title='bbox 1147 4407 1189 4444; x_wconf 85' lang='lat' dir='ltr'><strong>see</strong></span> <span class='ocrx_word' id='word_1_329' title='bbox 1201 4394 1265 4446; x_wconf 79' lang='lat' dir='ltr'><strong>Osse</strong></span> <span class='ocrx_word' id='word_1_330' title='bbox 1276 4396 1333 4446; x_wconf 77' lang='lat'><strong>655.</strong></span> 
     </span>
     <span class='ocr_line' id='line_1_38' title="bbox 277 4455 1409 4572; baseline 0.004 -68"><span class='ocrx_word' id='word_1_331' title='bbox 277 4455 489 4572; x_wconf 60' lang='lat' dir='ltr'><strong>:gppplytenct</strong></span> <span class='ocrx_word' id='word_1_332' title='bbox 855 4456 1021 4507; x_wconf 68' lang='lat' dir='ltr'><strong>“Seeabove</strong></span> <span class='ocrx_word' id='word_1_333' title='bbox 1032 4456 1165 4510; x_wconf 70' lang='lat' dir='ltr'><strong>Ossettt.</strong></span> <span class='ocrx_word' id='word_1_334' title='bbox 1407 4465 1409 4469; x_wconf 83' lang='lat'>&#39;</span> 
     </span>
    </p>
   </div>
   <div class='ocr_carea' id='block_1_8' title="bbox 0 0 1684 5236">
    <p class='ocr_par' dir='ltr' id='par_1_10' title="bbox 0 0 1684 5236">
     <span class='ocr_line' id='line_1_39' title="bbox 0 0 1684 5236; baseline 0 0"><span class='ocrx_word' id='word_1_335' title='bbox 0 0 1684 5236; x_wconf 95' lang='lat' dir='ltr'><strong> </strong></span> 
     </span>
    </p>
   </div>
  </div>
 </body>
</html>
