3196 5226
358 419 418 481 162
659 433 807 493 mmm,
829 433 892 482 lo.
918 419 1010 494 1222,
1035 433 1095 482 sn
1119 421 1146 482 2.

419 601 476 668 112ι
492 603 592 668 Lucio
606 603 718 670 relicte
732 603 861 670 Andree
876 611 911 669 62
931 603 1009 670 6126“
1029 603 1180 670 mulieres
1201 605 1297 670 misse
1317 605 1360 670 sd
1382 607 1450 691 661-

353 705 492 791 pandam
514 705 691 792 predictam
714 705 870 772 1262262622
890 707 1004 773 dicunt
1019 716 1057 773 ut
1071 707 1262 795 intelligunt
1277 708 1363 795 quod
1378 707 1450 795 2666

352 830 512 894 62662626
523 817 579 873 est.

229 918 300 982 199.
417 909 591 975 'Dominus
612 910 683 975 Rex
708 911 794 996 petit
819 933 932 977 uersus
958 913 1099 978 Priorem
1124 913 1165 978 de
1192 913 1450 979 Kenillewurthe

234 1017 293 1058 Μ
352 1013 560 1079 medietatem
582 1015 804 1080 eduoceoionis
826 1015 957 1081 ecclesie
979 1016 1019 1082 de
1042 1016 1159 1082 Stokes
1180 1027 1219 1082 ut
1238 1017 1289 1082 ius
1304 1040 1400 1082 suum
1414 1027 1451 1082 62

352 1123 391 1181 ut
411 1116 501 1182 211622
523 1116 609 1182 unde
631 1117 780 1182 dominus
795 1118 836 1182 12
858 1119 928 1184 Rex
943 1141 1025 1184 622226
1039 1141 1116 1184 6226
1130 1119 1194 1184 fuit
1209 1120 1338 1186 seisitus
1353 1129 1393 1185 ut
1407 1121 1450 1186 de

352 1219 443 1286 feodo
458 1227 493 1286 et
507 1220 576 1285 iure
590 1220 639 1284 226
653 1219 738 1306 quod
752 1221 952 1306 62666226222
972 1221 1134 1308 quendam
1149 1222 1343 1287 Viuienum‘
1356 1223 1450 1288 cleri-

189 1345 249 1431 666
248 1345 282 1430 1:if
277 1344 323 1432 166
351 1345 425 1388 cum
440 1324 497 1410 qui
507 1323 549 1390 ed
559 1323 832 1411 presentecionem
847 1347 938 1390 622622
954 1326 1017 1391 fuit
1031 1325 1189 1392 edmissus
1202 1325 1357 1413 capiendo
1372 1327 1450 1392 inde

350 1429 1450 1621 sellu?sollicites?sepossedeo&

350 1634 491 1700 Henrico
506 1635 590 1722 Regi
603 1635 740 1700 Ricardo
752 1635 843 1700 fratri
858 1658 915 1700 suo
926 1643 961 1700 et
975 1635 1016 1700 de
1030 1635 1144 1701 eodem
1159 1635 1296 1701 Ricardo
1310 1636 1402 1722 Rege
1416 1637 1449 1702 J.

350 1738 435 1826 Regi
458 1747 492 1804 62
515 1739 555 1804 de
578 1739 692 1806 eodem
714 1740 865 1806 16126226
887 1739 992 1805 eidem
1014 1739 1145 1806 domino
1166 1740 1251 1826 Regi
1272 1748 1311 1804 ut
1330 1740 1398 1804 filio
1413 1748 1451 1804 et

349 1843 460 1909 heredi
474 1866 532 1909 suo
546 1852 580 1909 et
594 1843 654 1910 hoo
668 1844 762 1910 offert
777 1842 855 1910 etc‘

415 1945 459 2011 Et
474 1945 563 2012 Prior
577 1945 669 2012 uenit
684 1955 718 2011 et
737 1945 883 2012 defendit
905 1946 957 2012 ius
979 1969 1075 2012 suum
1096 1953 1131 2012 62
1152 1946 1303 2012 662622622
1324 1945 1450 2012 domini

229 2047 233 2058 ’
350 2051 450 2140 Regis
467 2053 523 2118 eui
541 2053 593 2118 sui
615 2061 650 2118 62
672 2053 753 2118 dicit
775 2052 861 2138 quod
882 2051 1092 2118 medietatem
1113 2051 1203 2116 illam
1225 2051 1450 2117 aduocacionis

350 2155 493 2222 eiusdem
508 2157 640 2222 ecclesie
654 2155 754 2222 1261262
767 2156 836 2242 ipse
851 2177 891 2220 ex
905 2155 988 2222 dono
1003 2155 1141 2220 Wolteri
1154 2154 1195 2220 de
1210 2155 1449 2221 Kenereswelle

350 2268 386 2324 62
398 2260 534 2346 6261622Ι
553 2269 612 2326 etc
635 2260 721 2348 qnod
742 2261 812 2347 ipse
833 2260 925 2326 dedit
946 2268 1004 2326 etc
1028 2259 1168 2346 prodeo
1190 2268 1248 2326 626
1272 2259 1308 2326 in
1330 2283 1448 2347 6222622

350 2363 555 2430 elemosinam
585 2373 620 2430 62
647 2373 838 2452 perpetuam
867 2365 928 2432 deo
953 2373 988 2430 62
1012 2365 1143 2430 ecclesie
1174 2365 1205 2431 S.
1234 2365 1380 2430 Wulfsdi
1404 2364 1449 2430 de

351 2465 476 2532 Stenis⁸
491 2475 525 2532 et
536 2467 694 2533 6622622626
705 2467 827 2532 ibidem
839 2475 898 2532 626
908 2465 1118 2532 medietetem
1130 2467 1261 2532 ecclesie
1273 2468 1313 2533 de
1327 2467 1448 2534 Stokes

349 2591 424 2635 cnm
452 2571 583 2657 capellis
611 2571 742 2637 6261226
769 2569 983 2656 pertinenciis„
1028 2569 1153 2635 Profert
1178 2569 1280 2635 662622
1308 2569 1449 2636 csrtem⁹

347 2673 470 2740 domini
484 2675 583 2762 Regis
597 2675 639 2742 H.
654 2674 709 2740 eui
726 2673 849 2740 domini
866 2673 966 2761 Regis
985 2695 1048 2758 que
1063 2672 1210 2738 concedit
1224 2681 1260 2738 62
1274 2672 1445 2739 confirmet

348 2775 516 2862 6266122266
530 2785 631 2842 262266
645 2784 680 2842 62
694 2775 842 2842 ecclesias
855 2773 942 2840 inter
955 2795 1035 2859 ques
1049 2773 1217 2838 6621222262
1228 2771 1274 2838 626
1288 2772 1448 2838 226212626-

348 2887 416 2945 tem
431 2879 561 2946 ecclesie
576 2879 617 2944 de
632 2879 749 2946 Stokes
764 2899 804 2943 ex
818 2876 902 2942 dono
917 2874 1054 2942 Walteri
1071 2873 1112 2940 de
1128 2875 1344 2940 Kenerswelle
1358 2874 1449 2940 unde

348 2981 531 3070 dicitquod
552 2982 678 3048 desicut
698 3004 781 3048 suus
801 2979 924 3047 domini
945 2977 1046 3066 Regis
1066 2977 1234 3044 confirmet
1255 2977 1302 3044 eis
1323 2977 1448 3044 donum

347 3087 430 3154 illud
454 3087 585 3154 uidetur
608 3088 639 3154 ei
661 3086 747 3174 quod
772 3087 921 3153 dominus
949 3085 1020 3150 Rex
1047 3083 1146 3150 debet
1175 3082 1235 3148 1266
1263 3081 1384 3148 donum
1413 3084 1449 3149 ei

348 3191 559 3258 warentiznre.

412 3295 456 3360 Et
469 3293 618 3360 dominus
632 3293 703 3358 Rex
717 3315 776 3380 662
795 3292 955 3360 Comitem
975 3290 1101 3358 Oestrie
1123 3298 1325 3356 attornetum
1346 3313 1447 3358 suum

346 3397 535 3485 dicitquod
560 3407 649 3464 66226
673 3397 730 3464 2116
754 3397 786 3463 62
810 3419 924 3462 nocere
949 3418 1014 3460 non
1039 3395 1147 3472 debet,
1173 3397 1251 3482 quis
1279 3396 1447 3483 predictus

345 3503 510 3568 Welterus
530 3503 594 3568 12222
612 3503 754 3568 bellinus
769 3501 893 3568 domini
907 3500 1007 3588 Regis
1021 3500 1063 3567 H.
1080 3500 1136 3566 eni
1150 3500 1202 3565 6222
1215 3508 1251 3566 62
1265 3501 1447 3567 2266662266

376 3729 498 3780 16212662
508 3731 556 3778 262
566 3735 598 3788 ct,
609 3727 641 3778 B.
914 3723 1103 3782 mosomi,
1115 3722 1446 3776 butdiedinhislnther's

375 3793 578 3844 ’NemesinR
914 3787 1030 3838 liletime.
1064 3788 1090 3838 It
1100 3788 1124 3838 is
1134 3788 1238 3838 6221626
1248 3789 1373 3840 2126261626
1381 3789 1445 3841 21262

375 3858 432 3909 ⁸B.
450 3873 485 3909 m.
502 3860 526 3908 5.
556 3857 669 3907 Brecton
687 3856 716 3922 (1.
733 3853 864 3907 62126222
914 3853 959 3904 2126
969 3851 1074 3904 (1666622
1085 3853 1445 3918 shouldbstrsoedthrough

342 3923 688 3988 636121.22612)6126612622
700 3921 754 3971 Hil.
763 3921 794 3970 Δ.
801 3921 832 3972 B.
846 3922 862 3972 θ
913 3918 988 3981 him;
1003 3918 1051 3969 but
1062 3919 1157 3968 666122.
1169 3919 1187 3970 1,
1201 3919 1259 3972 stt.

342 4005 359 4042 6
374 4003 432 4040 cess
447 3989 559 4038 between
575 3987 620 4037 2126
634 3987 697 4036 Ε621
713 3987 742 4036 61
756 3985 864 4035 01266262
944 3981 955 4016 ⁸
971 3991 996 4033 et
1008 3985 1051 4033 1266
1063 3986 1134 4047 offert
1144 3991 1199 4045 626,
1214 3983 1300 4034 notin
1311 3983 1342 4033 B.

343 4054 411 4120 (who
426 4053 487 4104 12626
502 4067 609 4117 6666626
624 4067 654 4102 ss
670 4051 715 4102 2126
725 4050 810 4113 king's
824 4055 862 4100 62
946 4047 957 4082 l
974 4056 1071 4099 6621626
1082 4050 1191 4099 6222221622
1209 4051 1314 4100 17612σί
1328 4063 1376 4113 qne
1392 4057 1443 4100 262-

341 4119 442 4184 tornsy)
455 4117 509 4169 end
525 4117 569 4167 2126
579 4115 653 4166 Prior
663 4117 692 4166 61
706 4113 864 4166 Kenilwortlr
915 4121 993 4171 26262,
1004 4113 1035 4162 Β.

341 4184 465 4247 2626122228
486 4183 531 4233 2126
551 4181 648 4233 ohurch
669 4181 699 4232 61
723 4181 808 4231 stoke
838 4179 864 4230 It
946 4179 957 4212 ⁸
974 4177 1166 4241 Theprioryol
1179 4177 1300 4228 82622612
1317 4179 1443 4230 826116222-

341 4243 862 4313 22621262621266266622666621262126
913 4241 983 4292 212226
1004 4257 1057 4292 2266
1077 4257 1094 4293 6
1121 4243 1169 4292 cell
1191 4243 1220 4292 61
1242 4242 1287 4292 2126
1307 4243 1394 4306 Abbey
1414 4247 1446 4295 61

339 4315 418 4365 „sm
912 4306 1078 4359 Kenilworth.
1114 4307 1227 4358 Monsst.
1239 4307 1290 4357 261.
1306 4309 1330 4358 6.
1342 4323 1367 4372 6.
1380 4311 1439 4361 225.

372 4350 634 4437 ‘tremens
944 4371 1084 4422 ’2262662
1096 4372 1145 4422 vor.
1158 4373 1182 4422 e.
1194 4387 1219 4436 p.
1231 4373 1288 4422 262.

371 4443 383 4478 ⁸
398 4443 496 4506 Hsnry,
505 4456 553 4493 son
564 4442 593 4492 61
602 4441 691 4504 Hem-y
700 4439 744 4490 the
753 4437 861 4496 Second,
