3308 5226
485 415 626 476 irrisor,
649 417 713 464 so.
740 403 833 480 1234,
855 419 918 467 sn
945 407 992 468 18.
1228 407 1291 470 639

181 585 280 670 peciit
307 595 341 650 et
367 587 573 673 recuperauit
599 609 671 651 eam
690 585 694 674 Ι
716 609 828 652 uersus
858 589 997 654 eundem
1029 591 1204 678 Hugonem
1235 616 1293 679 per
1342 606 1383 654 [1²1
1392 607 1419 655 tu

181 689 344 764 defaltam
367 698 402 754 et
427 687 556 773 quando
583 689 713 774 loquela
735 691 969 754 resummonita
991 691 1055 756 fuit
1077 693 1291 780 interipsum

182 793 361 856 Hemicum
388 801 422 856 et
449 792 633 879 Hugonem,
658 791 707 869 et¹
732 793 895 858 Hernicus
920 817 978 880 per
1002 797 1292 864 consideracionem

181 895 268 960 curie
284 896 489 982 recuperauit
504 896 656 962 seisinam
672 919 764 960 suam
780 896 854 983 per*
867 897 1050 982 predictum
1066 900 1243 987 Hugonem
1258 911 1293 967 et

181 999 298 1064 habuit
312 1000 412 1064 breue
427 1000 469 1065 ad
485 999 711 1065 uicecomitem
732 999 773 1064 de
794 999 913 1065 saisina
933 1001 1051 1066 suade
1072 1011 1160 1067 terra
1179 1003 1293 1091 quam⁸

181 1104 280 1190 peciit
295 1127 407 1169 uersus
422 1105 598 1191 Hugonem
614 1127 688 1169 cum
709 1111 790 1189 pert.
807 1105 856 1168 ita
875 1103 978 1190 quod⁴
992 1105 1093 1170 breue
1113 1106 1196 1172 illud
1215 1108 1293 1172 fecit

181 1209 212 1273 ei
242 1208 421 1274 uicecomes
450 1207 602 1272 saisinam
633 1196 710 1272 inde
740 1207 781 1271 de
811 1215 898 1272 terra
928 1229 1026 1293 quam
1052 1209 1152 1294 peciit
1178 1233 1292 1276 uersus

182 1313 367 1399 Hugonem‚
382 1320 416 1376 et
431 1311 507 1376 inde
523 1319 620 1376 uocat
638 1310 680 1376 ed
700 1318 881 1375 warantum
902 1317 936 1374 et
957 1310 1063 1375 audiri
1085 1335 1151 1377 non
1173 1314 1290 1398 potuit.

181 1414 299 1479 Postea
320 1422 521 1500 compertum
544 1421 594 1478 est
616 1436 675 1499 per
696 1412 880 1478 recordum'
902 1414 989 1478 curie
1012 1415 1099 1500 quod
1125 1417 1292 1502 predictus

181 1520 341 1585 Radulfus
376 1519 466 1606 prius
502 1518 626 1605 incepit
662 1517 819 1603 placitum
857 1540 953 1582 suum
991 1543 1089 1605 quam
1127 1523 1292 1607 predictus

182 1625 352 1703 Henricus,
382 1633 416 1690 et
445 1624 519 1689 ideo
548 1622 787 1688 consideratum
817 1630 867 1687 est
897 1622 983 1709 quod
1015 1624 1173 1692 iuratores
1208 1627 1291 1692 bene

180 1728 381 1807 iurauerunt,
398 1738 433 1793 et
448 1727 534 1814 quod
549 1734 616 1792 stet
630 1725 738 1792 assisa.

122 1891 128 1904 ,
245 1834 381 1898 «Ιοεοθιιε
395 1831 436 1896 de
452 1830 629 1897 Comhulla
639 1828 725 1915 petit
738 1851 850 1893 uersus
862 1829 1026 1916 Rogerum
1038 1831 1078 1895 de
1090 1832 1291 1899 Daunteseia

179 2039 307 2104 detinet
329 2046 368 2102 ut
390 2037 479 2116 dicit,
502 2045 537 2101 et
563 2059 643 2122 quos
669 2034 874 2100 acomodauit
899 2035 934 2099 in
964 2035 1112 2114 denariis,
1139 2047 1173 2103 et
1202 2042 1289 2107 unde

180 2142 324 2208 ostendit
339 2141 495 2227 scriptum
511 2147 546 2204 et
562 2139 708 2224 taylliam
724 2145 784 2202 etc.

246 2247 290 2310 Et
306 2247 452 2332 Rogems
466 2267 524 2330 per
538 2250 741 2308 attomatum
756 2263 852 2305 suum
869 2240 961 2306 uenit
976 2251 1011 2306 et
1025 2246 1186 2329 cognoscit
1202 2247 1288 2333 quod

180 2350 295 2414 debuit
310 2349 341 2414 ei
356 2348 418 2413 xix.
435 2348 489 2412 lib.
505 2355 540 2412 et
555 2347 608 2432 xij.
625 2346 679 2410 sol.
696 2353 731 2410 et
746 2345 799 2431 vij.
815 2345 897 2423 den,
913 2353 947 2410 et
966 2345 1042 2411 inde
1060 2348 1159 2414 soluit
1181 2350 1287 2416 eidem

180 2455 203 2520 J
204 2477 294 2519 osceo
307 2453 361 2538 liij
374 2453 438 2529 sol,
450 2460 485 2515 et
500 2451 540 2515 de
556 2449 684 2515 residuo
700 2449 780 2514 dicit
795 2449 882 2535 quod
897 2450 1034 2516 Matillis
1049 2475 1112 2538 que
1129 2453 1192 2518 fuit
1207 2477 1288 2520 uxor

180 2580 239 2622 sua
261 2556 408 2621 denarios
425 2555 498 2619 illos
517 2552 685 2618 mutuauit
706 2561 740 2617 et
762 2552 848 2638 petit
869 2552 1027 2619 iudicium
1049 2555 1077 2620 si
1099 2555 1217 2622 debeat
1239 2580 1287 2622 re-

180 2661 336 2747 spondere
352 2683 409 2746 pro
424 2682 463 2724 ea
477 2667 511 2724 et
526 2659 567 2723 de
582 2657 694 2723 debito
709 2679 774 2722 suo.
821 2658 865 2721 Et
885 2667 998 2743 postea
1014 2669 1288 2747 computauerunt

179 2765 314 2829 interae
335 2771 369 2828 et
389 2763 598 2828 conuinetum
619 2767 669 2824 est
691 2759 778 2845 quod
800 2760 945 2847 Rogerus
967 2763 1066 2828 debet
1084 2765 1115 2828 ei
1137 2766 1211 2852 xvij.
1232 2767 1287 2832 lib.

181 2867 267 2932 unde
282 2866 395 2932 reddet
411 2865 621 2930 medietatem
638 2871 720 2949 aput
735 2863 870 2927 Nouum
886 2863 1074 2950 Templum⁶
1088 2866 1130 2930 ad
1145 2867 1286 2932 mediam

181 2973 476 3061 Quadragesimam,
492 2980 526 3036 et
546 2971 644 3035 aliam
667 2969 877 3034 medictatem
902 2993 923 3035 a
944 2971 996 3036 die
1017 2971 1138 3037 Pasohe
1162 2981 1231 3051 etc,
1251 2983 1286 3039 et

181 3076 243 3141 nisi
257 3075 443 3152 reddiderit,
458 3074 606 3140 concedit
621 3073 707 3159 quod
722 3073 945 3161 distringatur.
990 3077 1034 3140 Et
1055 3099 1129 3140 cum
1150 3078 1286 3144 Matillis

180 3205 244 3268 que
259 3181 322 3245 fuit
336 3204 418 3246 uxor
432 3181 533 3267 ipsius
549 3178 669 3266 Rogeri
683 3179 749 3243 iam
770 3179 876 3244 soluta
895 3180 938 3245 sit
959 3181 1001 3244 ab
1022 3181 1134 3246 eodem
1158 3183 1286 3270 Rogero

182 3287 252 3350 uiro
267 3309 325 3351 suo
340 3294 374 3350 et
389 3285 440 3350 sui
455 3284 550 3349 iuris⁷
566 3283 732 3370 perquirat
747 3284 770 3349 J
771 3305 882 3348 osceus
896 3305 1009 3348 uersus
1024 3306 1096 3349 eam
1117 3283 1157 3350 de
1175 3285 1286 3352 debito

181 3390 215 3454 in
230 3413 294 3476 quo
308 3391 379 3475 ipsa
393 3389 425 3454 ei
440 3397 573 3454 tenetur
588 3397 647 3453 etc.

124 3557 131 3571 ,
246 3490 422 3557 Radulfus⁸
451 3492 599 3579 Bemage
629 3491 716 3578 petit
746 3513 857 3556 uersus
887 3489 1102 3555 Benedictum
1131 3489 1172 3555 de
1202 3492 1285 3558 Bere
1352 3515 1365 3543 0

181 3619 277 3682 quem
300 3597 462 3662 Robertus
484 3597 571 3662 filius
594 3597 772 3663 Fromundi
794 3604 888 3661 uocat
911 3596 952 3660 ad
970 3605 1149 3662 warantum
1172 3606 1206 3662 et
1228 3599 1285 3684 qui

181 3701 367 3766 warantizat
392 3702 416 3787 j.
447 3701 558 3766 hidam
581 3711 666 3766 terre
693 3723 766 3765 cum
793 3707 872 3784 pert.
899 3699 934 3763 in
957 3700 1144 3766 Uttefordia
1173 3711 1211 3766 ut
1233 3703 1284 3767 ius
1341 3783 1343 3791 J

181 3829 285 3882 suum,
315 3805 401 3869 unde
425 3803 557 3890 quidam
589 3803 748 3867 Radulfus
776 3825 858 3866 auus
886 3825 965 3867 suus
995 3803 1058 3867 fuit
1086 3803 1216 3869 saisitus
1250 3806 1284 3870 in

180 3908 340 3974 dominico
359 3931 418 3973 suo
438 3915 476 3973 ut
494 3907 535 3972 de
558 3907 651 3972 feodo
671 3915 704 3971 et
719 3905 789 3970 iure
805 3913 950 3992 tempore
966 3907 1101 3971 Henrici
1116 3907 1215 3994 Regis
1230 3910 1284 3974 aui

213 4047 297 4097 ¹0m.
310 4055 334 4096 er
347 4047 385 4112 (i).
789 4043 840 4092 ⁷A
867 4057 931 4094 onos
958 4043 1060 4094 famous
1087 4043 1189 4094 (livores
1217 4061 1282 4097 case.

212 4112 418 4161 ²corruerem.
757 4109 821 4160 Mat.
836 4109 894 4158 Par.
907 4108 956 4158 vol
970 4111 994 4170 3,
1006 4123 1032 4171 p.
1044 4109 1101 4158 210.
1136 4109 1283 4176 Seeningly

213 4177 225 4210 ⁸
242 4192 317 4240 orrum
328 4175 456 4238 repeated.
757 4175 823 4224 alter
840 4174 941 4224 divorse
957 4189 973 4223 a
988 4188 1090 4222 woman
1107 4189 1156 4224 can
1172 4175 1204 4225 be
1221 4177 1283 4228 sucd

213 4243 224 4274 ⁴
241 4241 339 4304 supply
348 4256 400 4304 per.
756 4239 796 4290 lor
813 4254 829 4290 a
846 4239 907 4289 dcbt
923 4237 1072 4289 oontrwted
1089 4239 1183 4302 during
1199 4255 1282 4292 cover-

214 4308 225 4340 ⁸
242 4305 387 4369 Originally
398 4307 426 4355 io
437 4305 547 4354 recordo.
756 4307 823 4355 ture.

213 4371 296 4422 ⁶The
313 4371 420 4433 Temple
437 4370 466 4420 ol
481 4367 584 4432 to-dc53
602 4369 645 4419 the
656 4371 706 4420 Old
788 4369 942 4432 ⁸Radulsm
953 4367 1081 4431 repeated

183 4437 287 4500 Temple
299 4435 374 4486 stood
385 4435 485 4486 further
496 4439 523 4486 to
535 4433 580 4484 the
591 4433 678 4485 north.
