3260 5218
347 446 366 509 6
653 453 804 515 rmrurr,
827 451 891 501 un.
918 439 1010 512 1218,
1034 452 1097 502 nn.
1121 439 1148 500 2.

347 630 387 695 de
411 628 591 694 Pohehulla
612 649 674 713 que
698 637 793 691 uocat
816 635 854 690 ut
876 627 996 692 dicitur
1017 637 1077 692 etc.
1096 626 1188 692 cuius
1207 625 1456 690 aduocarionem

347 732 500 796 Julianus
515 731 555 794 de
571 729 750 794 Pokehulle
765 730 884 793 clamat
903 753 1016 794 uersus
1036 729 1174 815 priorem
1197 729 1228 794 S.
1245 729 1276 792 N
1280 727 1396 792 icholai
1414 728 1457 792 de

349 837 474 902 Exonia
499 843 533 900 et
560 835 650 898 Prior
675 857 740 898 non
765 834 858 898 uenit
885 843 944 898 etc.
969 845 1002 898 et
1029 836 1149 898 fecerat
1175 833 1330 897 defaltnm
1357 853 1377 896 a
1402 832 1456 896 dic

349 941 470 1006 Pesche
492 940 527 1004 in
550 957 600 1003 xv
618 939 687 1003 dies
709 947 743 1003 et
765 939 1016 1002 resummonitus
1037 938 1100 1002 fuit
1121 937 1207 1023 quod
1227 943 1313 1000 esset
1337 935 1371 1000 in
1393 943 1454 1000 oct

350 1045 380 1108 S.
395 1043 490 1119 Trin.,
501 1051 535 1106 et
547 1051 626 1106 ωηο
637 1065 670 1106 se
683 1041 858 1105 essoniouit
870 1051 904 1105 ct
920 1042 1035 1105 habuit
1051 1041 1137 1104 diem
1153 1063 1211 1125 per
1225 1038 1455 1102 essoniutorem

349 1167 443 1210 suum
468 1167 488 1208 a
511 1143 562 1208 die
591 1145 622 1208 S.
645 1143 718 1208 Joh.
742 1143 776 1206 in
800 1152 864 1206 tres
888 1143 1085 1228 septimanas
1111 1151 1145 1206 et
1170 1151 1248 1204 tnnc
1274 1161 1339 1203 non
1363 1139 1456 1203 uenit

349 1245 440 1309 Prior
460 1253 519 1310 etc.
565 1246 624 1309 Set
645 1245 757 1309 Abbes
779 1246 892 1309 Pontis
914 1245 954 1309 de
977 1245 1068 1309 Bello
1091 1244 1183 1308 uenit
1206 1253 1240 1307 et
1262 1245 1348 1308 idem
1371 1241 1455 1306 dixit

349 1351 435 1437 quod
462 1350 609 1436 superius
633 1371 745 1412 uersus
769 1349 970 1412 Willelmum
995 1348 1165 1425 Brewcre¹,
1190 1356 1224 1412 et
1253 1345 1391 1411 intrauit
1420 1346 1455 1410 in

349 1475 545 1538 responsum,
560 1461 594 1516 ct
610 1451 689 1515 dicit
709 1451 795 1536 quod
815 1452 883 1537 ipse
904 1451 1003 1515 nichil
1025 1451 1121 1515 sciuit
1142 1451 1182 1514 de
1202 1450 1455 1514 summonicione

350 1557 407 1622 ills
428 1567 462 1622 et
485 1557 571 1643 quod
592 1567 680 1621 carte
702 1579 759 1620 sue
780 1579 860 1641 quas
881 1557 980 1620 habet
1001 1555 1042 1619 de
1058 1555 1192 1619 ecclesia
1205 1555 1262 1618 illa
1277 1563 1354 1618 sunt
1368 1554 1456 1639 apud

351 1659 509 1724 Exonism
530 1667 564 1723 et
584 1658 670 1744 petit
690 1667 728 1722 ut
749 1658 868 1722 habeat
889 1658 975 1722 diem
992 1658 1031 1722 de
1047 1658 1205 1722 habendis
1220 1657 1317 1722 cartis
1332 1657 1406 1732 suis,
1422 1665 1456 1721 ct

350 1762 428 1848 quia
449 1785 559 1826 omnes
581 1762 797 1848 recognitores
822 1769 1016 1825 amouentur
1039 1770 1148 1846 preter
1173 1769 1313 1846 quatuor
1338 1760 1456 1845 quibus

350 1875 410 1932 etc.
434 1888 472 1930 eo
494 1865 580 1950 quod
601 1887 759 1950 pauperes
781 1866 912 1928 fuerunt
935 1865 1031 1928 dutus
1053 1873 1102 1928 est
1125 1865 1171 1928 eis
1193 1865 1262 1928 dies
1284 1863 1319 1926 in
1341 1872 1400 1927 oct.
1423 1864 1454 1927 S.

351 1969 447 2033 Mich.
464 1977 498 2033 et
513 1969 580 2033 loco
596 1991 705 2032 eorum
721 1968 778 2053 qui
792 1977 986 2032 emorientur
1005 1977 1105 2052 ponat
1127 1968 1305 2032 uicecomes
1325 1976 1375 2030 tot
1395 1975 1455 2030 etc.

351 2080 420 2136 tam
442 2073 563 2136 milites
586 2095 684 2157 quam
708 2081 769 2136 etc.
791 2071 881 2135 seluo
903 2071 944 2134 od
966 2070 1052 2134 diem
1075 2070 1161 2155 quod
1183 2070 1283 2134 abbas
1304 2067 1407 2134 dicat'
1428 2067 1456 2132 si

352 2177 430 2262 quid
445 2177 585 2241 uoluerit
600 2177 706 2240 dicere
721 2185 833 2240 contra
847 2177 986 2240 assisam.

251 2274 279 2344 7.
417 2279 539 2346 Cecilia
552 2279 592 2342 de
608 2279 769 2343 Ludeford
784 2301 842 2364 per
856 2288 1056 2342 ottomatum
1077 2278 1176 2364 peciit
1197 2299 1309 2342 uersus
1327 2277 1455 2340 Ascele-

209 2359 318 2400 ΜΝ
351 2405 427 2446 nam
449 2381 489 2446 de
512 2381 674 2446 Ludelord
695 2382 905 2446 medietatem
923 2381 947 2467 j.
963 2381 1140 2446 molendini
1159 2403 1233 2445 cum
1249 2379 1456 2465 pertinenciis

349 2485 384 2548 in
407 2484 569 2548 Lndesord
591 2493 629 2548 ut
652 2484 761 2548 dotem
784 2507 876 2548 suam
899 2495 959 2551 etc.
983 2495 1017 2549 et
1039 2485 1197 2550 medietas
1219 2493 1315 2570 capta
1337 2483 1400 2548 fuit
1421 2483 1456 2546 in

349 2611 482 2652 manum
503 2587 625 2652 domini
640 2589 739 2674 Regis
755 2611 812 2674 pro
827 2590 956 2654 defectu
972 2613 1069 2676 quem
1084 2591 1155 2676 ipsa
1170 2591 1322 2654 Ascelina
1336 2591 1457 2654 fecerat

349 2691 384 2754 in
414 2699 473 2755 oct.
505 2691 536 2756 S.
568 2692 653 2755 Trin.
685 2701 744 2755 etc.
776 2701 810 2756 et
840 2703 1029 2778 preceptum
1060 2694 1122 2757 fuit
1152 2693 1336 2758 uicecomiti
1371 2693 1457 2779 qnod

350 2795 519 2859 manderet
545 2795 631 2860 diem
658 2795 818 2880 capcionis
843 2806 878 2860 et
908 2798 993 2882 quod
1019 2807 1238 2862 summonerct
1268 2821 1340 2862 cam
1370 2798 1457 2883 qnod

350 2909 435 2965 esset
460 2923 480 2964 a
509 2900 561 2964 die
592 2901 623 2966 S.
648 2901 720 2965 Joh.
746 2901 780 2964 in
810 2910 876 2964 tres
906 2902 1103 2986 septimanos
1132 2911 1192 2968 etc.
1218 2910 1253 2966 et
1282 2911 1362 2965 ωηο
1391 2924 1456 2964 ηοη

349 3005 518 3068 mandauit
538 3004 624 3068 diem
645 3005 804 3090 capcionis
823 3028 883 3069 noc
903 3005 992 3069 misit
1012 3006 1110 3069 breue
1132 3015 1166 3069 et
1187 3006 1345 3070 Ascclena
1364 3007 1456 3070 uenit

350 3115 384 3170 et
395 3105 555 3170 defendit³
566 3108 852 3171 summonicioncm
868 3109 1060 3193 supersisam
1077 3117 1110 3172 et
1122 3108 1276 3172 defaltum
1288 3117 1322 3171 et
1336 3107 1457 3172 Cecilia

349 3210 436 3294 cepit
458 3210 506 3274 se⁴
521 3210 563 3274 ad
582 3211 735 3275 defaltum
756 3221 789 3275 ct
804 3213 877 3275 ideo
892 3211 1040 3276 uadiauit
1055 3212 1213 3275 Ascelcno
1227 3212 1332 3296 legem
1348 3234 1382 3274 se
1397 3211 1458 3295 xij⁸

185 3313 329 3399 {ffifflffi
348 3334 447 3376 manu
463 3313 502 3376 de
518 3313 668 3376 masculis
683 3323 716 3377 ct
732 3314 843 3377 ueniat
856 3336 929 3377 cnm
942 3314 1013 3398 lege
1025 3314 1059 3376 in
1072 3313 1251 3376 aduentum
1263 3313 1453 3376 iusticiorio-

184 3407 326 3446 ΝΜ
348 3437 420 3478 rum
436 3415 470 3478 in
485 3424 594 3499 partos
609 3415 680 3479 illas
695 3417 821 3501 plegius
837 3417 876 3479 dc
893 3417 964 3502 lege
981 3416 1158 3479 Nicholous
1174 3416 1202 3479 le
1220 3416 1358 3482 Seculer.

247 3528 276 3590 8,
412 3517 563 3582 ⁶Matillis
583 3518 623 3582 de
645 3518 710 3602 Say
730 3519 815 3602 petit
836 3541 949 3582 uersus
969 3519 1170 3582 Willelmum
1193 3519 1233 3583 de
1255 3519 1456 3584 Mundeuilla

379 3671 387 3702 ¹
407 3670 453 3720 See
465 3669 529 3719 Care
540 3673 564 3720 5.
924 3671 1048 3720 Ascelene
1059 3687 1141 3732 weges
1158 3671 1204 3720 her
1215 3671 1264 3720 law
1275 3671 1333 3720 that
1344 3672 1390 3722 she
1402 3689 1454 3723 was

379 3734 475 3784 2dicat
492 3735 638 3795 interlined,
655 3735 765 3799 perhaps
781 3736 814 3799 by
830 3736 875 3786 the
925 3741 972 3785 not
984 3737 1146 3786 summoned.
1180 3737 1260 3785 What
1277 3737 1398 3786 interests
1410 3739 1454 3788 the

346 3805 495 3850 annotator.
924 3806 1066 3850 annotator
1077 3803 1099 3850 is
1111 3802 1170 3850 thot
1181 3801 1325 3851 Asoelena’s
1336 3817 1453 3866 compur-

379 3865 389 3897 ³
406 3865 550 3928 Originally
561 3867 710 3928 desendidit.
924 3871 1012 3928 gators
1023 3881 1066 3915 ore
1077 3869 1104 3915 to
1117 3867 1147 3915 be
1158 3867 1246 3916 mules.

378 3929 791 3992 ⁴hctoolrherrelstotlrcdesuult.
818 3931 873 3979 The
956 3931 1056 3979 *Cited
1073 3931 1106 3994 by
1117 3933 1230 3980 Bmeton
1245 3932 1261 3981 l.
1276 3931 1324 3983 376
1336 3931 1361 3984 b.
1396 3933 1452 3982 Con

346 3993 488 4044 defendunt
514 3995 562 4044 hus
590 3995 716 4057 appeared
741 3997 807 4044 alter
829 3996 873 4045 the
924 3996 968 4044 the
991 4001 1084 4045 tenent
1103 3997 1179 4045 claim
1198 4011 1214 4045 a
1231 3997 1295 4044 view
1314 3996 1388 4046 when
1409 3999 1453 4047 the

346 4059 409 4108 lund
420 4059 468 4108 has
479 4060 541 4108 been
556 4059 640 4108 seized
655 4061 708 4109 and
723 4059 812 4109 denies
829 4060 873 4109 the
923 4060 1084 4110 demandant
1111 4076 1169 4109 sues
1193 4061 1234 4109 ior
1255 4076 1289 4109 an
1312 4061 1453 4112 undivided

346 4139 495 4182 summons;
524 4125 568 4173 the
595 4124 709 4186 pluintiff
739 4141 798 4174 now
825 4125 873 4174 hos
923 4125 1015 4174 share?
1048 4126 1105 4182 Yes,
1118 4126 1146 4174 in
1162 4127 1247 4174 swrit
1263 4125 1292 4174 ol
1306 4126 1377 4187 right
1393 4127 1414 4175 il
1431 4129 1452 4176 it

345 4189 433 4238 choice
455 4193 483 4238 st
505 4204 568 4238 once
590 4194 617 4238 to
639 4205 671 4251 go
689 4205 724 4238 οη
744 4190 806 4238 with
828 4191 873 4239 the
923 4190 953 4239 be
968 4191 1142 4252 notsNuper
1159 4189 1237 4240 Obiit.
1270 4191 1384 4240 Bructon
1402 4191 1453 4242 like

345 4255 418 4303 main
440 4253 493 4302 suit
516 4255 606 4320 (terrere
629 4271 653 4303 re
676 4257 710 4303 od
728 4257 872 4317 principale
924 4255 968 4303 the
982 4260 1124 4304 annotator
1139 4271 1198 4303 uses
1215 4255 1260 4304 the
1275 4256 1369 4318 phrase
1379 4258 1451 4318 joret

341 4321 474 4382 placitum)
488 4335 517 4367 or
533 4325 559 4367 to
575 4323 676 4368 contest
693 4319 737 4368 the
754 4320 872 4380 question
923 4322 1000 4378 virro,
1023 4335 1038 4368 u
1060 4320 1123 4368 view
1145 4320 1199 4376 lies,
1222 4335 1238 4369 e
1257 4321 1321 4368 view
1340 4335 1401 4384 may
1421 4322 1451 4371 bs

345 4385 373 4432 ol
389 4383 487 4433 defnult
504 4399 534 4432 or
550 4399 585 4433 no
598 4384 696 4433 dessult
709 4385 760 4448 (Br.
774 4385 791 4433 f.
804 4386 872 4447 366).
923 4384 1074 4434 demanded.
1109 4385 1155 4434 See
1168 4385 1231 4433 Case
1243 4383 1281 4435 12.

345 4449 439 4498 cecilia
452 4448 558 4498 ohooses
573 4448 616 4498 the
627 4449 705 4498 latter
715 4464 804 4499 course
820 4449 873 4498 und
