<?xml version="1.0" encoding="UTF-8"?>
<!DOCTYPE html PUBLIC "-//W3C//DTD XHTML 1.0 Transitional//EN"
    "http://www.w3.org/TR/xhtml1/DTD/xhtml1-transitional.dtd">
<html xmlns="http://www.w3.org/1999/xhtml" xml:lang="en" lang="en">
 <head>
  <title>
</title>
<meta http-equiv="Content-Type" content="text/html;charset=utf-8" />
  <meta name='ocr-system' content='tesseract 3.04.00' />
  <meta name='ocr-capabilities' content='ocr_page ocr_carea ocr_par ocr_line ocrx_word'/>
</head>
<body>
  <div class='ocr_page' id='page_1' title='image "./bractonsnoteboo04bracgoog_0146.png"; bbox 0 0 3196 5226; ppageno 0'>
   <div class='ocr_carea' id='block_1_1' title="bbox 358 468 1154 544">
    <p class='ocr_par' dir='ltr' id='par_1_1' title="bbox 358 468 1154 544">
     <span class='ocr_line' id='line_1_1' title="bbox 358 468 1154 544; baseline 0.005 -14"><span class='ocrx_word' id='word_1_1' title='bbox 358 468 423 532; x_wconf 81' lang='lat'>138</span> <span class='ocrx_word' id='word_1_2' title='bbox 671 481 811 543; x_wconf 76' lang='lat' dir='ltr'>HILARY,</span> <span class='ocrx_word' id='word_1_3' title='bbox 835 483 899 532; x_wconf 71' lang='lat' dir='ltr'>nn.</span> <span class='ocrx_word' id='word_1_4' title='bbox 925 469 1018 544; x_wconf 76' lang='lat'>1222,</span> <span class='ocrx_word' id='word_1_5' title='bbox 1040 485 1103 534; x_wconf 75' lang='lat' dir='ltr'>sn.</span> <span class='ocrx_word' id='word_1_6' title='bbox 1126 473 1154 536; x_wconf 88' lang='lat'>6.</span> 
     </span>
    </p>
   </div>
   <div class='ocr_carea' id='block_1_2' title="bbox 284 653 1477 4272">
    <p class='ocr_par' dir='ltr' id='par_1_2' title="bbox 357 653 1477 844">
     <span class='ocr_line' id='line_1_2' title="bbox 357 653 1477 739; baseline 0 -21"><span class='ocrx_word' id='word_1_7' title='bbox 357 661 461 718; x_wconf 79' lang='lat' dir='ltr'>totam</span> <span class='ocrx_word' id='word_1_8' title='bbox 477 661 595 718; x_wconf 74' lang='lat' dir='ltr'>terram</span> <span class='ocrx_word' id='word_1_9' title='bbox 615 676 689 718; x_wconf 90' lang='lat' dir='ltr'>cum</span> <span class='ocrx_word' id='word_1_10' title='bbox 704 653 744 718; x_wconf 93' lang='lat' dir='ltr'>de</span> <span class='ocrx_word' id='word_1_11' title='bbox 765 653 909 717; x_wconf 81' lang='lat' dir='ltr'>Hawisia</span> <span class='ocrx_word' id='word_1_12' title='bbox 927 653 1073 739; x_wconf 81' lang='lat' dir='ltr'>predicta</span> <span class='ocrx_word' id='word_1_13' title='bbox 1093 653 1208 720; x_wconf 84' lang='lat' dir='ltr'>exierit</span> <span class='ocrx_word' id='word_1_14' title='bbox 1228 656 1320 719; x_wconf 91' lang='lat' dir='ltr'>heres</span> <span class='ocrx_word' id='word_1_15' title='bbox 1341 677 1477 719; x_wconf 86' lang='lat' dir='ltr'>mascu-</span> 
     </span>
     <span class='ocr_line' id='line_1_3' title="bbox 357 757 1446 844; baseline -0.003 -22"><span class='ocrx_word' id='word_1_16' title='bbox 357 757 416 835; x_wconf 92' lang='lat' dir='ltr'>lus,</span> <span class='ocrx_word' id='word_1_17' title='bbox 431 758 517 844; x_wconf 90' lang='lat' dir='ltr'>petit</span> <span class='ocrx_word' id='word_1_18' title='bbox 531 758 687 822; x_wconf 89' lang='lat' dir='ltr'>iudicium</span> <span class='ocrx_word' id='word_1_19' title='bbox 703 757 730 822; x_wconf 86' lang='lat' dir='ltr'>si</span> <span class='ocrx_word' id='word_1_20' title='bbox 746 757 786 821; x_wconf 91' lang='lat' dir='ltr'>de</span> <span class='ocrx_word' id='word_1_21' title='bbox 802 766 873 822; x_wconf 81' lang='lat' dir='ltr'>tota</span> <span class='ocrx_word' id='word_1_22' title='bbox 887 765 974 822; x_wconf 82' lang='lat' dir='ltr'>terra</span> <span class='ocrx_word' id='word_1_23' title='bbox 988 758 1044 822; x_wconf 81' lang='lat' dir='ltr'>illc</span> <span class='ocrx_word' id='word_1_24' title='bbox 1059 759 1177 823; x_wconf 79' lang='lat' dir='ltr'>debeat</span> <span class='ocrx_word' id='word_1_25' title='bbox 1193 759 1223 824; x_wconf 87' lang='lat' dir='ltr'>ei</span> <span class='ocrx_word' id='word_1_26' title='bbox 1237 757 1446 844; x_wconf 87' lang='lat' dir='ltr'>respondere.</span> 
     </span>
    </p>

    <p class='ocr_par' dir='ltr' id='par_1_3' title="bbox 357 859 1477 1878">
     <span class='ocr_line' id='line_1_4' title="bbox 424 859 1477 946; baseline -0.001 -21"><span class='ocrx_word' id='word_1_27' title='bbox 424 862 467 925; x_wconf 88' lang='lat' dir='ltr'>Et</span> <span class='ocrx_word' id='word_1_28' title='bbox 497 862 633 926; x_wconf 85' lang='lat' dir='ltr'>Matillis</span> <span class='ocrx_word' id='word_1_29' title='bbox 661 861 741 926; x_wconf 90' lang='lat' dir='ltr'>dicit</span> <span class='ocrx_word' id='word_1_30' title='bbox 768 861 854 946; x_wconf 87' lang='lat' dir='ltr'>quod</span> <span class='ocrx_word' id='word_1_31' title='bbox 883 861 943 926; x_wconf 89' lang='lat' dir='ltr'>hoc</span> <span class='ocrx_word' id='word_1_32' title='bbox 972 884 1038 925; x_wconf 89' lang='lat' dir='ltr'>non</span> <span class='ocrx_word' id='word_1_33' title='bbox 1067 861 1165 925; x_wconf 89' lang='lat' dir='ltr'>debet</span> <span class='ocrx_word' id='word_1_34' title='bbox 1192 861 1223 924; x_wconf 89' lang='lat' dir='ltr'>ei</span> <span class='ocrx_word' id='word_1_35' title='bbox 1248 883 1364 925; x_wconf 85' lang='lat' dir='ltr'>nocere</span> <span class='ocrx_word' id='word_1_36' title='bbox 1389 859 1477 946; x_wconf 84' lang='lat' dir='ltr'>quia</span> 
     </span>
     <span class='ocr_line' id='line_1_5' title="bbox 358 963 1475 1051; baseline -0.002 -23"><span class='ocrx_word' id='word_1_37' title='bbox 358 987 471 1028; x_wconf 78' lang='lat' dir='ltr'>reuera</span> <span class='ocrx_word' id='word_1_38' title='bbox 485 963 629 1028; x_wconf 80' lang='lat' dir='ltr'>Hawisia</span> <span class='ocrx_word' id='word_1_39' title='bbox 643 964 706 1028; x_wconf 86' lang='lat' dir='ltr'>fuit</span> <span class='ocrx_word' id='word_1_40' title='bbox 721 986 808 1028; x_wconf 83' lang='lat' dir='ltr'>soror</span> <span class='ocrx_word' id='word_1_41' title='bbox 822 987 881 1028; x_wconf 83' lang='lat' dir='ltr'>sua</span> <span class='ocrx_word' id='word_1_42' title='bbox 896 973 930 1028; x_wconf 87' lang='lat' dir='ltr'>et</span> <span class='ocrx_word' id='word_1_43' title='bbox 945 965 1169 1051; x_wconf 77' lang='lat' dir='ltr'>primogenite,</span> <span class='ocrx_word' id='word_1_44' title='bbox 1181 973 1231 1028; x_wconf 87' lang='lat' dir='ltr'>set</span> <span class='ocrx_word' id='word_1_45' title='bbox 1242 987 1306 1028; x_wconf 88' lang='lat' dir='ltr'>non</span> <span class='ocrx_word' id='word_1_46' title='bbox 1319 987 1360 1027; x_wconf 86' lang='lat' dir='ltr'>ex</span> <span class='ocrx_word' id='word_1_47' title='bbox 1372 972 1475 1049; x_wconf 82' lang='lat' dir='ltr'>parte</span> 
     </span>
     <span class='ocr_line' id='line_1_6' title="bbox 357 1065 1476 1154; baseline -0.001 -22"><span class='ocrx_word' id='word_1_48' title='bbox 357 1068 459 1152; x_wconf 84' lang='lat' dir='ltr'>patris</span> <span class='ocrx_word' id='word_1_49' title='bbox 481 1069 540 1144; x_wconf 90' lang='lat' dir='ltr'>sui,</span> <span class='ocrx_word' id='word_1_50' title='bbox 556 1069 634 1154; x_wconf 82' lang='lat' dir='ltr'>quie</span> <span class='ocrx_word' id='word_1_51' title='bbox 655 1069 725 1154; x_wconf 82' lang='lat' dir='ltr'>ipsa</span> <span class='ocrx_word' id='word_1_52' title='bbox 747 1069 903 1133; x_wconf 80' lang='lat' dir='ltr'>Hawisic¹</span> <span class='ocrx_word' id='word_1_53' title='bbox 919 1069 983 1132; x_wconf 82' lang='lat' dir='ltr'>fuit</span> <span class='ocrx_word' id='word_1_54' title='bbox 1005 1068 1072 1132; x_wconf 80' lang='lat' dir='ltr'>filia</span> <span class='ocrx_word' id='word_1_55' title='bbox 1094 1067 1242 1133; x_wconf 81' lang='lat' dir='ltr'>Gaufridi</span> <span class='ocrx_word' id='word_1_56' title='bbox 1264 1068 1304 1132; x_wconf 89' lang='lat' dir='ltr'>de</span> <span class='ocrx_word' id='word_1_57' title='bbox 1326 1065 1476 1132; x_wconf 78' lang='lat' dir='ltr'>Grimes&#39;</span> 
     </span>
     <span class='ocr_line' id='line_1_7' title="bbox 357 1170 1474 1257; baseline 0 -23"><span class='ocrx_word' id='word_1_58' title='bbox 357 1171 455 1256; x_wconf 89' lang='lat' dir='ltr'>primi</span> <span class='ocrx_word' id='word_1_59' title='bbox 476 1172 540 1236; x_wconf 88' lang='lat' dir='ltr'>uiri</span> <span class='ocrx_word' id='word_1_60' title='bbox 563 1173 732 1238; x_wconf 79' lang='lat' dir='ltr'>Matillidis</span> <span class='ocrx_word' id='word_1_61' title='bbox 753 1172 794 1236; x_wconf 90' lang='lat' dir='ltr'>de</span> <span class='ocrx_word' id='word_1_62' title='bbox 817 1171 1032 1247; x_wconf 82' lang='lat' dir='ltr'>Auerenches‚</span> <span class='ocrx_word' id='word_1_63' title='bbox 1055 1171 1104 1235; x_wconf 80' lang='lat' dir='ltr'>ita</span> <span class='ocrx_word' id='word_1_64' title='bbox 1125 1171 1211 1257; x_wconf 90' lang='lat' dir='ltr'>quod</span> <span class='ocrx_word' id='word_1_65' title='bbox 1233 1172 1305 1256; x_wconf 77' lang='lat' dir='ltr'>ipsa</span> <span class='ocrx_word' id='word_1_66' title='bbox 1326 1170 1474 1234; x_wconf 79' lang='lat' dir='ltr'>Matiliis</span> 
     </span>
     <span class='ocr_line' id='line_1_8' title="bbox 358 1273 1475 1339; baseline 0.002 -3"><span class='ocrx_word' id='word_1_67' title='bbox 358 1273 458 1338; x_wconf 85' lang='lat' dir='ltr'>nichil</span> <span class='ocrx_word' id='word_1_68' title='bbox 480 1273 596 1338; x_wconf 76' lang='lat' dir='ltr'>habuit</span> <span class='ocrx_word' id='word_1_69' title='bbox 622 1275 656 1338; x_wconf 90' lang='lat' dir='ltr'>in</span> <span class='ocrx_word' id='word_1_70' title='bbox 682 1275 775 1339; x_wconf 87' lang='lat' dir='ltr'>terris</span> <span class='ocrx_word' id='word_1_71' title='bbox 801 1275 866 1339; x_wconf 91' lang='lat' dir='ltr'>illis</span> <span class='ocrx_word' id='word_1_72' title='bbox 887 1275 950 1339; x_wconf 90' lang='lat' dir='ltr'>nisi</span> <span class='ocrx_word' id='word_1_73' title='bbox 972 1275 1006 1338; x_wconf 91' lang='lat' dir='ltr'>in</span> <span class='ocrx_word' id='word_1_74' title='bbox 1028 1275 1138 1339; x_wconf 88' lang='lat' dir='ltr'>dotem</span> <span class='ocrx_word' id='word_1_75' title='bbox 1161 1297 1200 1338; x_wconf 83' lang='lat' dir='ltr'>ex</span> <span class='ocrx_word' id='word_1_76' title='bbox 1223 1275 1306 1339; x_wconf 90' lang='lat' dir='ltr'>dono</span> <span class='ocrx_word' id='word_1_77' title='bbox 1328 1273 1475 1338; x_wconf 85' lang='lat' dir='ltr'>Roberti</span> 
     </span>
     <span class='ocr_line' id='line_1_9' title="bbox 358 1375 1472 1464; baseline -0.004 -22"><span class='ocrx_word' id='word_1_78' title='bbox 358 1377 417 1442; x_wconf 85' lang='lat' dir='ltr'>filii</span> <span class='ocrx_word' id='word_1_79' title='bbox 433 1377 548 1464; x_wconf 82' lang='lat' dir='ltr'>Regis⁸</span> <span class='ocrx_word' id='word_1_80' title='bbox 561 1377 663 1463; x_wconf 85' lang='lat' dir='ltr'>patris</span> <span class='ocrx_word' id='word_1_81' title='bbox 678 1378 822 1442; x_wconf 88' lang='lat' dir='ltr'>eiusdem</span> <span class='ocrx_word' id='word_1_82' title='bbox 839 1377 1008 1442; x_wconf 83' lang='lat' dir='ltr'>Matillidis</span> <span class='ocrx_word' id='word_1_83' title='bbox 1029 1387 1063 1440; x_wconf 85' lang='lat' dir='ltr'>et</span> <span class='ocrx_word' id='word_1_84' title='bbox 1082 1377 1215 1442; x_wconf 88' lang='lat' dir='ltr'>secundi</span> <span class='ocrx_word' id='word_1_85' title='bbox 1235 1376 1298 1440; x_wconf 88' lang='lat' dir='ltr'>uiri</span> <span class='ocrx_word' id='word_1_86' title='bbox 1317 1375 1472 1460; x_wconf 82' lang='lat' dir='ltr'>predicte</span> 
     </span>
     <span class='ocr_line' id='line_1_10' title="bbox 359 1477 1472 1566; baseline -0.004 -20"><span class='ocrx_word' id='word_1_87' title='bbox 359 1481 529 1546; x_wconf 81' lang='lat' dir='ltr'>Matillidis</span> <span class='ocrx_word' id='word_1_88' title='bbox 548 1481 589 1546; x_wconf 88' lang='lat' dir='ltr'>de</span> <span class='ocrx_word' id='word_1_89' title='bbox 609 1481 815 1546; x_wconf 87' lang='lat' dir='ltr'>Auerenches</span> <span class='ocrx_word' id='word_1_90' title='bbox 835 1490 869 1545; x_wconf 86' lang='lat' dir='ltr'>et</span> <span class='ocrx_word' id='word_1_91' title='bbox 889 1481 959 1566; x_wconf 81' lang='lat' dir='ltr'>ipsa</span> <span class='ocrx_word' id='word_1_92' title='bbox 978 1479 1078 1544; x_wconf 86' lang='lat' dir='ltr'>nichil</span> <span class='ocrx_word' id='word_1_93' title='bbox 1094 1480 1213 1544; x_wconf 82' lang='lat' dir='ltr'>clamat</span> <span class='ocrx_word' id='word_1_94' title='bbox 1228 1503 1267 1544; x_wconf 90' lang='lat' dir='ltr'>ex</span> <span class='ocrx_word' id='word_1_95' title='bbox 1283 1487 1376 1564; x_wconf 72' lang='lat' dir='ltr'>parte</span> <span class='ocrx_word' id='word_1_96' title='bbox 1393 1477 1472 1542; x_wconf 79' lang='lat' dir='ltr'>Ma-</span> 
     </span>
     <span class='ocr_line' id='line_1_11' title="bbox 359 1581 1471 1670; baseline -0.003 -22"><span class='ocrx_word' id='word_1_97' title='bbox 359 1585 472 1649; x_wconf 87' lang='lat' dir='ltr'>tillidis</span> <span class='ocrx_word' id='word_1_98' title='bbox 487 1585 585 1649; x_wconf 89' lang='lat' dir='ltr'>immo</span> <span class='ocrx_word' id='word_1_99' title='bbox 600 1607 658 1670; x_wconf 91' lang='lat' dir='ltr'>per</span> <span class='ocrx_word' id='word_1_100' title='bbox 673 1586 851 1650; x_wconf 86' lang='lat' dir='ltr'>Robertum</span> <span class='ocrx_word' id='word_1_101' title='bbox 866 1593 992 1670; x_wconf 83' lang='lat' dir='ltr'>patrem</span> <span class='ocrx_word' id='word_1_102' title='bbox 1013 1605 1108 1648; x_wconf 87' lang='lat' dir='ltr'>suum</span> <span class='ocrx_word' id='word_1_103' title='bbox 1129 1591 1162 1646; x_wconf 87' lang='lat' dir='ltr'>et</span> <span class='ocrx_word' id='word_1_104' title='bbox 1183 1591 1221 1646; x_wconf 90' lang='lat' dir='ltr'>ut</span> <span class='ocrx_word' id='word_1_105' title='bbox 1241 1583 1330 1646; x_wconf 79' lang='lat' dir='ltr'>illam</span> <span class='ocrx_word' id='word_1_106' title='bbox 1350 1581 1355 1668; x_wconf 86' lang='grc' dir='ltr'>Ι</span> <span class='ocrx_word' id='word_1_107' title='bbox 1376 1581 1471 1646; x_wconf 91' lang='lat' dir='ltr'>unde</span> 
     </span>
     <span class='ocr_line' id='line_1_12' title="bbox 358 1686 1470 1774; baseline -0.003 -22"><span class='ocrx_word' id='word_1_108' title='bbox 358 1687 429 1774; x_wconf 78' lang='lat' dir='ltr'>ipsa</span> <span class='ocrx_word' id='word_1_109' title='bbox 453 1698 526 1774; x_wconf 88' lang='lat' dir='ltr'>post</span> <span class='ocrx_word' id='word_1_110' title='bbox 549 1697 686 1752; x_wconf 87' lang='lat' dir='ltr'>mortem</span> <span class='ocrx_word' id='word_1_111' title='bbox 711 1688 846 1752; x_wconf 88' lang='lat' dir='ltr'>Roberti</span> <span class='ocrx_word' id='word_1_112' title='bbox 871 1686 1054 1773; x_wconf 79' lang='lat' dir='ltr'>patrissui</span> <span class='ocrx_word' id='word_1_113' title='bbox 1083 1687 1147 1750; x_wconf 85' lang='lat' dir='ltr'>fuit</span> <span class='ocrx_word' id='word_1_114' title='bbox 1176 1687 1287 1750; x_wconf 86' lang='lat' dir='ltr'>seisita</span> <span class='ocrx_word' id='word_1_115' title='bbox 1316 1695 1470 1770; x_wconf 87' lang='lat' dir='ltr'>tempore</span> 
     </span>
     <span class='ocr_line' id='line_1_13' title="bbox 357 1789 1405 1878; baseline -0.004 -22"><span class='ocrx_word' id='word_1_116' title='bbox 357 1791 387 1856; x_wconf 84' lang='lat' dir='ltr'>J.</span> <span class='ocrx_word' id='word_1_117' title='bbox 405 1792 504 1878; x_wconf 81' lang='lat' dir='ltr'>Regis</span> <span class='ocrx_word' id='word_1_118' title='bbox 519 1799 553 1855; x_wconf 88' lang='lat' dir='ltr'>et</span> <span class='ocrx_word' id='word_1_119' title='bbox 568 1791 608 1854; x_wconf 87' lang='lat' dir='ltr'>de</span> <span class='ocrx_word' id='word_1_120' title='bbox 625 1790 743 1854; x_wconf 81' lang='lat' dir='ltr'>seisina</span> <span class='ocrx_word' id='word_1_121' title='bbox 757 1814 816 1854; x_wconf 84' lang='lat' dir='ltr'>sua</span> <span class='ocrx_word' id='word_1_122' title='bbox 830 1791 975 1877; x_wconf 88' lang='lat' dir='ltr'>loquitur</span> <span class='ocrx_word' id='word_1_123' title='bbox 989 1798 1023 1854; x_wconf 87' lang='lat' dir='ltr'>et</span> <span class='ocrx_word' id='word_1_124' title='bbox 1039 1791 1188 1854; x_wconf 79' lang='lat' dir='ltr'>seisinam</span> <span class='ocrx_word' id='word_1_125' title='bbox 1204 1813 1295 1854; x_wconf 81' lang='lat' dir='ltr'>suam</span> <span class='ocrx_word' id='word_1_126' title='bbox 1310 1789 1405 1874; x_wconf 88' lang='lat' dir='ltr'>petit.</span> 
     </span>
    </p>

    <p class='ocr_par' dir='ltr' id='par_1_4' title="bbox 356 1893 1470 2918">
     <span class='ocr_line' id='line_1_14' title="bbox 422 1893 1470 1981; baseline -0.002 -23"><span class='ocrx_word' id='word_1_127' title='bbox 422 1897 467 1959; x_wconf 89' lang='lat' dir='ltr'>Et</span> <span class='ocrx_word' id='word_1_128' title='bbox 482 1895 643 1958; x_wconf 84' lang='lat' dir='ltr'>Robertus</span> <span class='ocrx_word' id='word_1_129' title='bbox 657 1894 737 1958; x_wconf 87' lang='lat' dir='ltr'>dicit</span> <span class='ocrx_word' id='word_1_130' title='bbox 756 1895 842 1981; x_wconf 90' lang='lat' dir='ltr'>quod</span> <span class='ocrx_word' id='word_1_131' title='bbox 862 1895 982 1960; x_wconf 86' lang='lat' dir='ltr'>iniuste</span> <span class='ocrx_word' id='word_1_132' title='bbox 1002 1894 1082 1958; x_wconf 90' lang='lat' dir='ltr'>dicit</span> <span class='ocrx_word' id='word_1_133' title='bbox 1105 1893 1191 1979; x_wconf 88' lang='lat' dir='ltr'>quod</span> <span class='ocrx_word' id='word_1_134' title='bbox 1213 1901 1299 1958; x_wconf 72' lang='lat' dir='ltr'>terra</span> <span class='ocrx_word' id='word_1_135' title='bbox 1320 1893 1377 1957; x_wconf 81' lang='lat' dir='ltr'>illa</span> <span class='ocrx_word' id='word_1_136' title='bbox 1399 1893 1470 1958; x_wconf 86' lang='lat' dir='ltr'>fuit</span> 
     </span>
     <span class='ocr_line' id='line_1_15' title="bbox 357 1997 1470 2084; baseline -0.002 -21"><span class='ocrx_word' id='word_1_137' title='bbox 357 1998 408 2063; x_wconf 87' lang='lat' dir='ltr'>ius</span> <span class='ocrx_word' id='word_1_138' title='bbox 431 2008 465 2063; x_wconf 85' lang='lat' dir='ltr'>et</span> <span class='ocrx_word' id='word_1_139' title='bbox 487 2000 648 2063; x_wconf 79' lang='lat' dir='ltr'>hereditas</span> <span class='ocrx_word' id='word_1_140' title='bbox 670 1999 806 2084; x_wconf 78' lang='lat' dir='ltr'>predicti</span> <span class='ocrx_word' id='word_1_141' title='bbox 827 1999 1066 2084; x_wconf 82' lang='lat' dir='ltr'>Roberti,quia</span> <span class='ocrx_word' id='word_1_142' title='bbox 1086 1997 1247 2062; x_wconf 74' lang='lat' dir='ltr'>termille</span> <span class='ocrx_word' id='word_1_143' title='bbox 1269 1997 1333 2062; x_wconf 82' lang='lat' dir='ltr'>suit</span> <span class='ocrx_word' id='word_1_144' title='bbox 1355 1998 1407 2062; x_wconf 87' lang='lat' dir='ltr'>ius</span> <span class='ocrx_word' id='word_1_145' title='bbox 1432 2007 1470 2062; x_wconf 86' lang='lat' dir='ltr'>et</span> 
     </span>
     <span class='ocr_line' id='line_1_16' title="bbox 357 2100 1470 2188; baseline -0.002 -22"><span class='ocrx_word' id='word_1_146' title='bbox 357 2103 519 2168; x_wconf 76' lang='lat' dir='ltr'>heredites</span> <span class='ocrx_word' id='word_1_147' title='bbox 540 2102 683 2188; x_wconf 74' lang='lat' dir='ltr'>predicte</span> <span class='ocrx_word' id='word_1_148' title='bbox 706 2100 876 2166; x_wconf 84' lang='lat' dir='ltr'>Matillidis</span> <span class='ocrx_word' id='word_1_149' title='bbox 898 2101 938 2165; x_wconf 84' lang='lat' dir='ltr'>dc</span> <span class='ocrx_word' id='word_1_150' title='bbox 961 2101 1168 2166; x_wconf 86' lang='lat' dir='ltr'>Auerenches</span> <span class='ocrx_word' id='word_1_151' title='bbox 1191 2110 1225 2165; x_wconf 88' lang='lat' dir='ltr'>et</span> <span class='ocrx_word' id='word_1_152' title='bbox 1245 2101 1372 2167; x_wconf 86' lang='lat' dir='ltr'>desicut</span> <span class='ocrx_word' id='word_1_153' title='bbox 1392 2101 1470 2186; x_wconf 82' lang='lat' dir='ltr'>ipsa</span> 
     </span>
     <span class='ocr_line' id='line_1_17' title="bbox 357 2205 1468 2293; baseline 0 -22"><span class='ocrx_word' id='word_1_154' title='bbox 357 2208 476 2272; x_wconf 79' lang='lat' dir='ltr'>clamat</span> <span class='ocrx_word' id='word_1_155' title='bbox 498 2230 537 2271; x_wconf 91' lang='lat' dir='ltr'>ex</span> <span class='ocrx_word' id='word_1_156' title='bbox 557 2215 649 2293; x_wconf 83' lang='lat' dir='ltr'>parte</span> <span class='ocrx_word' id='word_1_157' title='bbox 664 2207 807 2282; x_wconf 82' lang='lat' dir='ltr'>Rnberti,</span> <span class='ocrx_word' id='word_1_158' title='bbox 823 2215 857 2272; x_wconf 89' lang='lat' dir='ltr'>et</span> <span class='ocrx_word' id='word_1_159' title='bbox 873 2207 941 2291; x_wconf 86' lang='lat' dir='ltr'>ipsc</span> <span class='ocrx_word' id='word_1_160' title='bbox 957 2230 997 2271; x_wconf 85' lang='lat' dir='ltr'>ex</span> <span class='ocrx_word' id='word_1_161' title='bbox 1013 2215 1105 2292; x_wconf 77' lang='lat' dir='ltr'>parte</span> <span class='ocrx_word' id='word_1_162' title='bbox 1122 2205 1292 2270; x_wconf 80' lang='lat' dir='ltr'>Matillidis</span> <span class='ocrx_word' id='word_1_163' title='bbox 1305 2206 1380 2270; x_wconf 81' lang='lat' dir='ltr'>auie</span> <span class='ocrx_word' id='word_1_164' title='bbox 1395 2229 1468 2284; x_wconf 90' lang='lat' dir='ltr'>sue,</span> 
     </span>
     <span class='ocr_line' id='line_1_18' title="bbox 357 2311 1467 2398; baseline -0.002 -22"><span class='ocrx_word' id='word_1_165' title='bbox 357 2311 449 2398; x_wconf 89' lang='lat' dir='ltr'>ponit</span> <span class='ocrx_word' id='word_1_166' title='bbox 471 2334 505 2376; x_wconf 94' lang='lat' dir='ltr'>se</span> <span class='ocrx_word' id='word_1_167' title='bbox 527 2311 562 2376; x_wconf 88' lang='lat' dir='ltr'>in</span> <span class='ocrx_word' id='word_1_168' title='bbox 584 2333 735 2397; x_wconf 77' lang='lat' dir='ltr'>magnam</span> <span class='ocrx_word' id='word_1_169' title='bbox 756 2311 887 2375; x_wconf 69' lang='lat' dir='ltr'>assisam</span> <span class='ocrx_word' id='word_1_170' title='bbox 907 2311 1031 2374; x_wconf 92' lang='lat' dir='ltr'>domini</span> <span class='ocrx_word' id='word_1_171' title='bbox 1045 2311 1154 2396; x_wconf 87' lang='lat' dir='ltr'>Regis,</span> <span class='ocrx_word' id='word_1_172' title='bbox 1169 2319 1203 2374; x_wconf 91' lang='lat' dir='ltr'>et</span> <span class='ocrx_word' id='word_1_173' title='bbox 1219 2311 1303 2397; x_wconf 90' lang='lat' dir='ltr'>petit</span> <span class='ocrx_word' id='word_1_174' title='bbox 1318 2311 1467 2397; x_wconf 86' lang='lat' dir='ltr'>recogni-</span> 
     </span>
     <span class='ocr_line' id='line_1_19' title="bbox 357 2415 1467 2501; baseline -0.001 -21"><span class='ocrx_word' id='word_1_175' title='bbox 357 2417 482 2480; x_wconf 87' lang='lat' dir='ltr'>cionem</span> <span class='ocrx_word' id='word_1_176' title='bbox 508 2415 578 2479; x_wconf 91' lang='lat' dir='ltr'>fieri</span> <span class='ocrx_word' id='word_1_177' title='bbox 601 2424 712 2480; x_wconf 90' lang='lat' dir='ltr'>utrum</span> <span class='ocrx_word' id='word_1_178' title='bbox 736 2416 804 2501; x_wconf 87' lang='lat' dir='ltr'>ipse</span> <span class='ocrx_word' id='word_1_179' title='bbox 828 2415 933 2480; x_wconf 80' lang='lat' dir='ltr'>maius</span> <span class='ocrx_word' id='word_1_180' title='bbox 954 2416 1005 2481; x_wconf 90' lang='lat' dir='ltr'>ius</span> <span class='ocrx_word' id='word_1_181' title='bbox 1027 2416 1146 2481; x_wconf 79' lang='lat' dir='ltr'>habeat</span> <span class='ocrx_word' id='word_1_182' title='bbox 1169 2417 1204 2481; x_wconf 92' lang='lat' dir='ltr'>in</span> <span class='ocrx_word' id='word_1_183' title='bbox 1230 2425 1315 2480; x_wconf 79' lang='lat' dir='ltr'>terra</span> <span class='ocrx_word' id='word_1_184' title='bbox 1340 2416 1397 2480; x_wconf 81' lang='lat' dir='ltr'>illa</span> <span class='ocrx_word' id='word_1_185' title='bbox 1424 2439 1467 2481; x_wconf 87' lang='lat' dir='ltr'>ex</span> 
     </span>
     <span class='ocr_line' id='line_1_20' title="bbox 356 2519 1467 2607; baseline -0.002 -23"><span class='ocrx_word' id='word_1_186' title='bbox 356 2530 448 2606; x_wconf 80' lang='lat' dir='ltr'>perte</span> <span class='ocrx_word' id='word_1_187' title='bbox 464 2519 633 2584; x_wconf 86' lang='lat' dir='ltr'>Matillidis</span> <span class='ocrx_word' id='word_1_188' title='bbox 648 2519 720 2584; x_wconf 83' lang='lat' dir='ltr'>auie</span> <span class='ocrx_word' id='word_1_189' title='bbox 736 2542 802 2595; x_wconf 89' lang='lat' dir='ltr'>sue,</span> <span class='ocrx_word' id='word_1_190' title='bbox 817 2521 871 2584; x_wconf 88' lang='lat' dir='ltr'>uel</span> <span class='ocrx_word' id='word_1_191' title='bbox 886 2521 957 2605; x_wconf 78' lang='lat' dir='ltr'>ipsa</span> <span class='ocrx_word' id='word_1_192' title='bbox 971 2543 1011 2586; x_wconf 83' lang='lat' dir='ltr'>ex</span> <span class='ocrx_word' id='word_1_193' title='bbox 1026 2530 1118 2607; x_wconf 78' lang='lat' dir='ltr'>parte</span> <span class='ocrx_word' id='word_1_194' title='bbox 1137 2521 1273 2585; x_wconf 86' lang='lat' dir='ltr'>Roberti</span> <span class='ocrx_word' id='word_1_195' title='bbox 1292 2521 1377 2584; x_wconf 87' lang='lat' dir='ltr'>sicut</span> <span class='ocrx_word' id='word_1_196' title='bbox 1392 2520 1467 2605; x_wconf 66' lang='lat' dir='ltr'>ipm</span> 
     </span>
     <span class='ocr_line' id='line_1_21' title="bbox 357 2624 1465 2712; baseline -0.003 -22"><span class='ocrx_word' id='word_1_197' title='bbox 357 2626 481 2690; x_wconf 79' lang='lat' dir='ltr'>clamat.</span> <span class='ocrx_word' id='word_1_198' title='bbox 528 2625 571 2688; x_wconf 90' lang='lat' dir='ltr'>Et</span> <span class='ocrx_word' id='word_1_199' title='bbox 591 2624 737 2709; x_wconf 86' lang='lat' dir='ltr'>quesitus</span> <span class='ocrx_word' id='word_1_200' title='bbox 759 2625 786 2689; x_wconf 89' lang='lat' dir='ltr'>si</span> <span class='ocrx_word' id='word_1_201' title='bbox 806 2625 888 2690; x_wconf 91' lang='lat' dir='ltr'>uelit</span> <span class='ocrx_word' id='word_1_202' title='bbox 907 2648 1025 2712; x_wconf 86' lang='lat' dir='ltr'>ponere</span> <span class='ocrx_word' id='word_1_203' title='bbox 1046 2649 1080 2690; x_wconf 87' lang='lat' dir='ltr'>se</span> <span class='ocrx_word' id='word_1_204' title='bbox 1100 2626 1250 2690; x_wconf 86' lang='lat' dir='ltr'>similiter</span> <span class='ocrx_word' id='word_1_205' title='bbox 1270 2633 1330 2689; x_wconf 87' lang='lat' dir='ltr'>etc.</span> <span class='ocrx_word' id='word_1_206' title='bbox 1351 2624 1405 2688; x_wconf 88' lang='lat' dir='ltr'>uel</span> <span class='ocrx_word' id='word_1_207' title='bbox 1427 2624 1465 2687; x_wconf 89' lang='lat' dir='ltr'>in</span> 
     </span>
     <span class='ocr_line' id='line_1_22' title="bbox 356 2729 1466 2815; baseline 0.001 -22"><span class='ocrx_word' id='word_1_208' title='bbox 356 2730 496 2793; x_wconf 83' lang='lat' dir='ltr'>iuratam</span> <span class='ocrx_word' id='word_1_209' title='bbox 511 2729 688 2794; x_wconf 88' lang='lat' dir='ltr'>secundum</span> <span class='ocrx_word' id='word_1_210' title='bbox 704 2729 789 2814; x_wconf 90' lang='lat' dir='ltr'>quod</span> <span class='ocrx_word' id='word_1_211' title='bbox 804 2729 893 2794; x_wconf 80' lang='lat' dir='ltr'>curia</span> <span class='ocrx_word' id='word_1_212' title='bbox 907 2730 1158 2794; x_wconf 81' lang='lat' dir='ltr'>considerauerit</span> <span class='ocrx_word' id='word_1_213' title='bbox 1172 2731 1212 2794; x_wconf 87' lang='lat' dir='ltr'>de</span> <span class='ocrx_word' id='word_1_214' title='bbox 1228 2729 1346 2794; x_wconf 76' lang='lat' dir='ltr'>seisina</span> <span class='ocrx_word' id='word_1_215' title='bbox 1360 2729 1466 2815; x_wconf 90' lang='lat' dir='ltr'>ipsius</span> 
     </span>
     <span class='ocr_line' id='line_1_23' title="bbox 358 2831 818 2918; baseline 0.004 -22"><span class='ocrx_word' id='word_1_216' title='bbox 358 2833 535 2908; x_wconf 81' lang='lat' dir='ltr'>Matillidis‚</span> <span class='ocrx_word' id='word_1_217' title='bbox 550 2831 630 2896; x_wconf 91' lang='lat' dir='ltr'>dicit</span> <span class='ocrx_word' id='word_1_218' title='bbox 645 2833 731 2918; x_wconf 89' lang='lat' dir='ltr'>quod</span> <span class='ocrx_word' id='word_1_219' title='bbox 746 2856 818 2898; x_wconf 90' lang='lat' dir='ltr'>non</span> 
     </span>
    </p>

    <p class='ocr_par' dir='ltr' id='par_1_5' title="bbox 424 2937 998 3022">
     <span class='ocr_line' id='line_1_24' title="bbox 424 2937 998 3022; baseline 0 -20"><span class='ocrx_word' id='word_1_220' title='bbox 424 2939 467 3002; x_wconf 86' lang='lat' dir='ltr'>Et</span> <span class='ocrx_word' id='word_1_221' title='bbox 483 2937 618 3002; x_wconf 85' lang='lat' dir='ltr'>Matillis</span> <span class='ocrx_word' id='word_1_222' title='bbox 633 2938 718 3022; x_wconf 89' lang='lat' dir='ltr'>petit</span> <span class='ocrx_word' id='word_1_223' title='bbox 733 2938 884 3002; x_wconf 82' lang='lat' dir='ltr'>seisinam</span> <span class='ocrx_word' id='word_1_224' title='bbox 898 2961 998 3004; x_wconf 80' lang='lat' dir='ltr'>suam.</span> 
     </span>
    </p>

    <p class='ocr_par' dir='ltr' id='par_1_6' title="bbox 357 3040 1464 3314">
     <span class='ocr_line' id='line_1_25' title="bbox 422 3040 1464 3129; baseline -0.002 -23"><span class='ocrx_word' id='word_1_225' title='bbox 422 3041 622 3129; x_wconf 83' lang='lat' dir='ltr'>Reginaldus</span> <span class='ocrx_word' id='word_1_226' title='bbox 638 3042 730 3106; x_wconf 89' lang='lat' dir='ltr'>uenit</span> <span class='ocrx_word' id='word_1_227' title='bbox 750 3051 784 3106; x_wconf 92' lang='lat' dir='ltr'>et</span> <span class='ocrx_word' id='word_1_228' title='bbox 805 3051 901 3106; x_wconf 82' lang='lat' dir='ltr'>uocat</span> <span class='ocrx_word' id='word_1_229' title='bbox 921 3042 996 3105; x_wconf 87' lang='lat' dir='ltr'>inde</span> <span class='ocrx_word' id='word_1_230' title='bbox 1018 3041 1059 3105; x_wconf 87' lang='lat' dir='ltr'>ad</span> <span class='ocrx_word' id='word_1_231' title='bbox 1081 3049 1259 3106; x_wconf 75' lang='lat' dir='ltr'><strong>warantum</strong></span> <span class='ocrx_word' id='word_1_232' title='bbox 1279 3040 1464 3126; x_wconf 88' lang='lat' dir='ltr'>predictum</span> 
     </span>
     <span class='ocr_line' id='line_1_26' title="bbox 357 3143 1464 3230; baseline -0.001 -21"><span class='ocrx_word' id='word_1_233' title='bbox 357 3145 536 3210; x_wconf 87' lang='lat' dir='ltr'>Robertum</span> <span class='ocrx_word' id='word_1_234' title='bbox 559 3145 616 3230; x_wconf 89' lang='lat' dir='ltr'>qui</span> <span class='ocrx_word' id='word_1_235' title='bbox 637 3167 767 3230; x_wconf 84' lang='lat' dir='ltr'>presens</span> <span class='ocrx_word' id='word_1_236' title='bbox 789 3153 838 3210; x_wconf 89' lang='lat' dir='ltr'>est</span> <span class='ocrx_word' id='word_1_237' title='bbox 859 3155 893 3210; x_wconf 89' lang='lat' dir='ltr'>et</span> <span class='ocrx_word' id='word_1_238' title='bbox 913 3145 992 3210; x_wconf 92' lang='lat' dir='ltr'>dicit</span> <span class='ocrx_word' id='word_1_239' title='bbox 1013 3144 1099 3230; x_wconf 88' lang='lat' dir='ltr'>quod</span> <span class='ocrx_word' id='word_1_240' title='bbox 1118 3143 1244 3208; x_wconf 89' lang='lat' dir='ltr'>nullum</span> <span class='ocrx_word' id='word_1_241' title='bbox 1259 3144 1346 3208; x_wconf 90' lang='lat' dir='ltr'>diem</span> <span class='ocrx_word' id='word_1_242' title='bbox 1361 3145 1464 3209; x_wconf 82' lang='lat' dir='ltr'>habet</span> 
     </span>
     <span class='ocr_line' id='line_1_27' title="bbox 357 3249 881 3314; baseline 0.002 -1"><span class='ocrx_word' id='word_1_243' title='bbox 357 3250 433 3314; x_wconf 87' lang='lat' dir='ltr'>inde</span> <span class='ocrx_word' id='word_1_244' title='bbox 448 3258 482 3314; x_wconf 90' lang='lat' dir='ltr'>et</span> <span class='ocrx_word' id='word_1_245' title='bbox 497 3250 569 3314; x_wconf 87' lang='lat' dir='ltr'>ideo</span> <span class='ocrx_word' id='word_1_246' title='bbox 584 3249 680 3314; x_wconf 85' lang='lat' dir='ltr'>datus</span> <span class='ocrx_word' id='word_1_247' title='bbox 695 3258 744 3314; x_wconf 86' lang='lat' dir='ltr'>est</span> <span class='ocrx_word' id='word_1_248' title='bbox 760 3251 807 3314; x_wconf 87' lang='lat' dir='ltr'>eis</span> <span class='ocrx_word' id='word_1_249' title='bbox 822 3259 881 3314; x_wconf 87' lang='lat' dir='ltr'>etc.</span> 
     </span>
    </p>

    <p class='ocr_par' dir='ltr' id='par_1_7' title="bbox 284 3353 1464 4272">
     <span class='ocr_line' id='line_1_28' title="bbox 301 3353 1463 3439; baseline 0.002 -23"><span class='ocrx_word' id='word_1_250' title='bbox 301 3410 308 3424; x_wconf 80' lang='grc'>,</span> <span class='ocrx_word' id='word_1_251' title='bbox 423 3353 606 3417; x_wconf 90' lang='lat' dir='ltr'>Willelmus</span> <span class='ocrx_word' id='word_1_252' title='bbox 631 3353 861 3418; x_wconf 82' lang='lat' dir='ltr'>Thesaurcrius</span> <span class='ocrx_word' id='word_1_253' title='bbox 891 3353 1027 3418; x_wconf 83' lang='lat' dir='ltr'>Eboraci</span> <span class='ocrx_word' id='word_1_254' title='bbox 1051 3376 1109 3439; x_wconf 87' lang='lat' dir='ltr'>per</span> <span class='ocrx_word' id='word_1_255' title='bbox 1133 3361 1334 3417; x_wconf 82' lang='lat' dir='ltr'>attomatum</span> <span class='ocrx_word' id='word_1_256' title='bbox 1363 3375 1463 3418; x_wconf 88' lang='lat' dir='ltr'>suum</span> 
     </span>
     <span class='ocr_line' id='line_1_29' title="bbox 284 3457 1462 3542; baseline 0.002 -22"><span class='ocrx_word' id='word_1_257' title='bbox 284 3471 301 3501; x_wconf 77' lang='lat'>¹·</span> <span class='ocrx_word' id='word_1_258' title='bbox 357 3457 441 3542; x_wconf 88' lang='lat' dir='ltr'>petit</span> <span class='ocrx_word' id='word_1_259' title='bbox 464 3481 576 3522; x_wconf 87' lang='lat' dir='ltr'>uersus</span> <span class='ocrx_word' id='word_1_260' title='bbox 596 3458 780 3523; x_wconf 65' lang='lat' dir='ltr'>«Iohannem</span> <span class='ocrx_word' id='word_1_261' title='bbox 803 3459 907 3523; x_wconf 91' lang='lat' dir='ltr'>filium</span> <span class='ocrx_word' id='word_1_262' title='bbox 930 3459 1053 3522; x_wconf 86' lang='lat' dir='ltr'>Thome</span> <span class='ocrx_word' id='word_1_263' title='bbox 1076 3482 1104 3522; x_wconf 88' lang='lat' dir='ltr'>v.</span> <span class='ocrx_word' id='word_1_264' title='bbox 1120 3459 1256 3522; x_wconf 81' lang='lat' dir='ltr'>bouatas</span> <span class='ocrx_word' id='word_1_265' title='bbox 1278 3467 1362 3522; x_wconf 87' lang='lat' dir='ltr'>terre</span> <span class='ocrx_word' id='word_1_266' title='bbox 1385 3481 1462 3522; x_wconf 89' lang='lat' dir='ltr'>cum</span> 
     </span>
     <span class='ocr_line' id='line_1_30' title="bbox 356 3562 1464 3649; baseline 0.002 -23"><span class='ocrx_word' id='word_1_267' title='bbox 356 3562 563 3647; x_wconf 75' lang='lat' dir='ltr'>pertinenciis</span> <span class='ocrx_word' id='word_1_268' title='bbox 584 3563 619 3627; x_wconf 90' lang='lat' dir='ltr'>in</span> <span class='ocrx_word' id='word_1_269' title='bbox 642 3564 751 3627; x_wconf 80' lang='lat' dir='ltr'><em>Akum</em></span> <span class='ocrx_word' id='word_1_270' title='bbox 772 3573 811 3628; x_wconf 91' lang='lat' dir='ltr'>ut</span> <span class='ocrx_word' id='word_1_271' title='bbox 835 3564 885 3628; x_wconf 89' lang='lat' dir='ltr'>ius</span> <span class='ocrx_word' id='word_1_272' title='bbox 909 3563 1072 3649; x_wconf 85' lang='lat' dir='ltr'>prebende</span> <span class='ocrx_word' id='word_1_273' title='bbox 1098 3585 1155 3627; x_wconf 90' lang='lat' dir='ltr'>sue</span> <span class='ocrx_word' id='word_1_274' title='bbox 1178 3572 1237 3627; x_wconf 90' lang='lat' dir='ltr'>etc.</span> <span class='ocrx_word' id='word_1_275' title='bbox 1261 3572 1295 3627; x_wconf 88' lang='lat' dir='ltr'>et</span> <span class='ocrx_word' id='word_1_276' title='bbox 1320 3563 1355 3627; x_wconf 90' lang='lat' dir='ltr'>in</span> <span class='ocrx_word' id='word_1_277' title='bbox 1380 3586 1464 3649; x_wconf 80' lang='lat' dir='ltr'>quas</span> 
     </span>
     <span class='ocr_line' id='line_1_31' title="bbox 356 3665 1462 3753; baseline 0.002 -24"><span class='ocrx_word' id='word_1_278' title='bbox 356 3665 443 3729; x_wconf 91' lang='lat' dir='ltr'>idem</span> <span class='ocrx_word' id='word_1_279' title='bbox 458 3665 479 3729; x_wconf 85' lang='lat' dir='ltr'><strong>J</strong></span> <span class='ocrx_word' id='word_1_280' title='bbox 482 3665 624 3729; x_wconf 80' lang='lat' dir='ltr'>ohannes</span> <span class='ocrx_word' id='word_1_281' title='bbox 638 3689 701 3729; x_wconf 89' lang='lat' dir='ltr'>non</span> <span class='ocrx_word' id='word_1_282' title='bbox 717 3667 816 3730; x_wconf 78' lang='lat' dir='ltr'>habet</span> <span class='ocrx_word' id='word_1_283' title='bbox 828 3667 1008 3753; x_wconf 87' lang='lat' dir='ltr'>ingressum</span> <span class='ocrx_word' id='word_1_284' title='bbox 1019 3666 1082 3730; x_wconf 87' lang='lat' dir='ltr'>nisi</span> <span class='ocrx_word' id='word_1_285' title='bbox 1093 3688 1151 3750; x_wconf 89' lang='lat' dir='ltr'>per</span> <span class='ocrx_word' id='word_1_286' title='bbox 1162 3665 1318 3730; x_wconf 82' lang='lat' dir='ltr'>Thomam</span> <span class='ocrx_word' id='word_1_287' title='bbox 1333 3673 1462 3751; x_wconf 80' lang='lat' dir='ltr'>patrem</span> 
     </span>
     <span class='ocr_line' id='line_1_32' title="bbox 356 3770 1463 3856; baseline 0.001 -23"><span class='ocrx_word' id='word_1_288' title='bbox 356 3792 451 3834; x_wconf 88' lang='lat' dir='ltr'>suum</span> <span class='ocrx_word' id='word_1_289' title='bbox 467 3770 558 3834; x_wconf 88' lang='lat' dir='ltr'>cuius</span> <span class='ocrx_word' id='word_1_290' title='bbox 573 3771 665 3835; x_wconf 89' lang='lat' dir='ltr'>heres</span> <span class='ocrx_word' id='word_1_291' title='bbox 680 3771 747 3856; x_wconf 86' lang='lat' dir='ltr'>ipse</span> <span class='ocrx_word' id='word_1_292' title='bbox 768 3781 817 3836; x_wconf 89' lang='lat' dir='ltr'>est</span> <span class='ocrx_word' id='word_1_293' title='bbox 835 3772 888 3836; x_wconf 89' lang='lat' dir='ltr'>cui</span> <span class='ocrx_word' id='word_1_294' title='bbox 908 3773 1038 3835; x_wconf 83' lang='lat' dir='ltr'>Hamon</span> <span class='ocrx_word' id='word_1_295' title='bbox 1053 3771 1215 3856; x_wconf 79' lang='lat' dir='ltr'>quondam</span> <span class='ocrx_word' id='word_1_296' title='bbox 1230 3771 1463 3835; x_wconf 81' lang='lat' dir='ltr'>Thesaurarius</span> 
     </span>
     <span class='ocr_line' id='line_1_33' title="bbox 356 3873 1463 3958; baseline 0.002 -22"><span class='ocrx_word' id='word_1_297' title='bbox 356 3873 558 3958; x_wconf 85' lang='lat' dir='ltr'>predecessor</span> <span class='ocrx_word' id='word_1_298' title='bbox 572 3897 649 3938; x_wconf 90' lang='lat' dir='ltr'>suus</span> <span class='ocrx_word' id='word_1_299' title='bbox 663 3874 734 3938; x_wconf 83' lang='lat' dir='ltr'>illas</span> <span class='ocrx_word' id='word_1_300' title='bbox 749 3875 931 3939; x_wconf 82' lang='lat' dir='ltr'>inuadiauit</span> <span class='ocrx_word' id='word_1_301' title='bbox 946 3885 1005 3940; x_wconf 88' lang='lat' dir='ltr'>etc.</span> <span class='ocrx_word' id='word_1_302' title='bbox 1140 3873 1233 3938; x_wconf 88' lang='lat' dir='ltr'>Idem</span> <span class='ocrx_word' id='word_1_303' title='bbox 1248 3873 1332 3958; x_wconf 88' lang='lat' dir='ltr'>petit</span> <span class='ocrx_word' id='word_1_304' title='bbox 1348 3895 1463 3938; x_wconf 86' lang='lat' dir='ltr'>uersus</span> 
     </span>
     <span class='ocr_line' id='line_1_34' title="bbox 357 3976 1463 4062; baseline 0.002 -22"><span class='ocrx_word' id='word_1_305' title='bbox 357 3977 497 4041; x_wconf 89' lang='lat' dir='ltr'>eundem</span> <span class='ocrx_word' id='word_1_306' title='bbox 522 3977 705 4041; x_wconf 82' lang='lat' dir='ltr'>Johannem</span> <span class='ocrx_word' id='word_1_307' title='bbox 733 3985 798 4041; x_wconf 91' lang='lat' dir='ltr'>tres</span> <span class='ocrx_word' id='word_1_308' title='bbox 824 3978 960 4042; x_wconf 83' lang='lat' dir='ltr'>bouatas</span> <span class='ocrx_word' id='word_1_309' title='bbox 984 3989 1068 4041; x_wconf 88' lang='lat' dir='ltr'>terre</span> <span class='ocrx_word' id='word_1_310' title='bbox 1095 3999 1169 4041; x_wconf 91' lang='lat' dir='ltr'>cum</span> <span class='ocrx_word' id='word_1_311' title='bbox 1195 3976 1403 4062; x_wconf 86' lang='lat' dir='ltr'>pertinenciis</span> <span class='ocrx_word' id='word_1_312' title='bbox 1426 3976 1463 4042; x_wconf 91' lang='lat' dir='ltr'>in</span> 
     </span>
     <span class='ocr_line' id='line_1_35' title="bbox 357 4080 1464 4168; baseline 0.004 -24"><span class='ocrx_word' id='word_1_313' title='bbox 357 4081 470 4145; x_wconf 82' lang='lat' dir='ltr'>eadem</span> <span class='ocrx_word' id='word_1_314' title='bbox 496 4080 575 4144; x_wconf 84' lang='lat' dir='ltr'>uilla</span> <span class='ocrx_word' id='word_1_315' title='bbox 600 4103 658 4166; x_wconf 90' lang='lat' dir='ltr'>per</span> <span class='ocrx_word' id='word_1_316' title='bbox 680 4082 811 4146; x_wconf 81' lang='lat' dir='ltr'>assisam</span> <span class='ocrx_word' id='word_1_317' title='bbox 836 4081 877 4147; x_wconf 79' lang='lat' dir='ltr'>ed</span> <span class='ocrx_word' id='word_1_318' title='bbox 901 4081 1191 4168; x_wconf 85' lang='lat' dir='ltr'>recognoscendum</span> <span class='ocrx_word' id='word_1_319' title='bbox 1217 4081 1244 4146; x_wconf 88' lang='lat' dir='ltr'>si</span> <span class='ocrx_word' id='word_1_320' title='bbox 1270 4081 1335 4145; x_wconf 88' lang='lat' dir='ltr'>sint</span> <span class='ocrx_word' id='word_1_321' title='bbox 1359 4082 1464 4147; x_wconf 77' lang='lat' dir='ltr'>libera</span> 
     </span>
     <span class='ocr_line' id='line_1_36' title="bbox 356 4183 1463 4272; baseline 0.002 -24"><span class='ocrx_word' id='word_1_322' title='bbox 356 4184 530 4249; x_wconf 78' lang='lat' dir='ltr'>elemosina</span> <span class='ocrx_word' id='word_1_323' title='bbox 551 4183 716 4270; x_wconf 86' lang='lat' dir='ltr'>pertinens</span> <span class='ocrx_word' id='word_1_324' title='bbox 737 4185 778 4249; x_wconf 82' lang='lat' dir='ltr'>ad</span> <span class='ocrx_word' id='word_1_325' title='bbox 800 4185 997 4271; x_wconf 80' lang='lat' dir='ltr'>prebendam</span> <span class='ocrx_word' id='word_1_326' title='bbox 1017 4186 1119 4272; x_wconf 88' lang='lat' dir='ltr'>ipsius</span> <span class='ocrx_word' id='word_1_327' title='bbox 1135 4185 1291 4250; x_wconf 87' lang='lat' dir='ltr'>Willelmi</span> <span class='ocrx_word' id='word_1_328' title='bbox 1310 4195 1370 4252; x_wconf 87' lang='lat' dir='ltr'>etc.</span> <span class='ocrx_word' id='word_1_329' title='bbox 1418 4187 1463 4251; x_wconf 86' lang='lat' dir='ltr'>Et</span> 
     </span>
    </p>
   </div>
   <div class='ocr_carea' id='block_1_3' title="bbox 355 4371 1463 4556">
    <p class='ocr_par' dir='ltr' id='par_1_8' title="bbox 355 4371 1463 4556">
     <span class='ocr_line' id='line_1_37' title="bbox 387 4371 1056 4434; baseline -0.003 -11"><span class='ocrx_word' id='word_1_330' title='bbox 387 4371 875 4434; x_wconf 79' lang='lat' dir='ltr'>¹Hawr&#39;sicinterlinedbycnnotator.</span> <span class='ocrx_word' id='word_1_331' title='bbox 932 4372 1056 4423; x_wconf 74' lang='lat' dir='ltr'>ranches?</span> 
     </span>
     <span class='ocr_line' id='line_1_38' title="bbox 388 4437 1463 4505; baseline 0.005 -17"><span class='ocrx_word' id='word_1_332' title='bbox 388 4438 529 4500; x_wconf 71' lang='lat' dir='ltr'>’Perhaps</span> <span class='ocrx_word' id='word_1_333' title='bbox 542 4441 636 4487; x_wconf 72' lang='lat' dir='ltr'>ornnes</span> <span class='ocrx_word' id='word_1_334' title='bbox 647 4452 677 4486; x_wconf 92' lang='lat' dir='ltr'>or</span> <span class='ocrx_word' id='word_1_335' title='bbox 689 4439 790 4487; x_wconf 78' lang='lat' dir='ltr'>Omnes.</span> <span class='ocrx_word' id='word_1_336' title='bbox 819 4438 881 4487; x_wconf 80' lang='lat' dir='ltr'>Was</span> <span class='ocrx_word' id='word_1_337' title='bbox 963 4438 1012 4487; x_wconf 66' lang='grc' dir='ltr'>Ἀ</span> <span class='ocrx_word' id='word_1_338' title='bbox 1034 4437 1139 4490; x_wconf 75' lang='lat' dir='ltr'>bastard</span> <span class='ocrx_word' id='word_1_339' title='bbox 1166 4453 1214 4488; x_wconf 80' lang='lat' dir='ltr'>son</span> <span class='ocrx_word' id='word_1_340' title='bbox 1243 4439 1272 4489; x_wconf 83' lang='lat' dir='ltr'>of</span> <span class='ocrx_word' id='word_1_341' title='bbox 1297 4439 1388 4505; x_wconf 80' lang='lat' dir='ltr'>Henry</span> <span class='ocrx_word' id='word_1_342' title='bbox 1417 4441 1463 4494; x_wconf 77' lang='lat' dir='ltr'>the</span> 
     </span>
     <span class='ocr_line' id='line_1_39' title="bbox 355 4501 1007 4556; baseline -0.003 0"><span class='ocrx_word' id='word_1_343' title='bbox 355 4510 401 4556; x_wconf 89' lang='lat' dir='ltr'>not</span> <span class='ocrx_word' id='word_1_344' title='bbox 416 4505 462 4554; x_wconf 84' lang='lat' dir='ltr'>her</span> <span class='ocrx_word' id='word_1_345' title='bbox 475 4503 531 4553; x_wconf 84' lang='lat' dir='ltr'>first</span> <span class='ocrx_word' id='word_1_346' title='bbox 547 4501 667 4552; x_wconf 74' lang='lat' dir='ltr'>husband</span> <span class='ocrx_word' id='word_1_347' title='bbox 682 4503 776 4553; x_wconf 84' lang='lat' dir='ltr'>Robcrt</span> <span class='ocrx_word' id='word_1_348' title='bbox 790 4502 819 4552; x_wconf 80' lang='lat' dir='ltr'>of</span> <span class='ocrx_word' id='word_1_349' title='bbox 833 4503 880 4552; x_wconf 79' lang='lat' dir='ltr'>hv·</span> <span class='ocrx_word' id='word_1_350' title='bbox 931 4503 1007 4555; x_wconf 84' lang='lat' dir='ltr'>First.</span> 
     </span>
    </p>
   </div>
   <div class='ocr_carea' id='block_1_4' title="bbox 0 0 1602 5226">
    <p class='ocr_par' dir='ltr' id='par_1_9' title="bbox 0 0 1602 5226">
     <span class='ocr_line' id='line_1_40' title="bbox 0 0 1602 5226; baseline 0 1"><span class='ocrx_word' id='word_1_351' title='bbox 0 0 1602 5226; x_wconf 95' lang='lat' dir='ltr'> </span> 
     </span>
    </p>
   </div>
  </div>
 </body>
</html>
