3260 5218
223 1076 308 1149 mais.

358 417 378 478 2
661 429 814 491 narrum,
837 429 902 480 nn.
929 417 1107 492 111116.
1132 419 1160 482 2.

423 600 503 666 Dies
518 600 615 666 datus
634 611 684 666 est
705 602 752 666 eis
772 625 792 666 a
814 601 866 668 dic
890 603 922 668 S.
945 603 1042 668 Mich.
1066 603 1100 667 in
1123 611 1189 668 tres
1211 603 1409 688 septimanas
1431 609 1470 667 et

357 705 495 791 predicti
521 706 641 782 Abbas,
665 706 811 792 Rogerus
836 715 871 770 et
895 707 1057 772 Gerardus
1085 715 1352 771 summoueantur
1380 705 1470 792 quod

356 808 423 872 sint
452 808 494 872 ad
522 808 705 894 predictum
735 809 912 872 terminum
944 817 979 873 et
1009 809 1056 872 ibi
1085 809 1228 874 habeant
1258 817 1362 873 cartas
1385 829 1468 894 quas

357 913 480 978 habent
495 913 535 977 de
550 913 695 1000 predicto
711 913 875 978 Willelmo
890 914 962 979 etc.¹

422 1015 579 1080 ⁸Thomas
598 1016 638 1080 de
662 1016 821 1081 Coleuilla
837 1017 1036 1082 attachiatus
1058 1017 1121 1082 fuit
1143 1017 1186 1082 ad
1207 1013 1465 1102 respondendum

355 1118 379 1183 J
380 1118 478 1182 acobo
496 1117 536 1182 de
557 1119 724 1182 Tillebiria
738 1127 797 1184 etc.
815 1129 849 1184 et
867 1119 958 1184 insra.
1012 1142 1110 1205 quare
1131 1143 1196 1183 non
1211 1128 1303 1184 tenet
1318 1119 1349 1184 61
1367 1119 1465 1182 linem

352 1209 478 1288 lactum
497 1223 532 1288 in
550 1225 640 1288 curia
662 1224 736 1290 etc.⁸
770 1224 909 1288 Thomas
925 1223 1018 1288 uenit
1033 1232 1067 1287 et
1082 1223 1244 1310 cognoscit
1259 1223 1358 1286 finem
1372 1222 1465 1286 illum

356 1336 390 1392 et
405 1327 551 1392 defendit
571 1328 712 1414 quod'in
733 1329 822 1392 nullo
845 1337 896 1392 est
918 1335 1030 1392 contra
1052 1327 1159 1404 finem,
1182 1335 1232 1390 set
1254 1348 1368 1392 uerum
1391 1325 1465 1388 uult

355 1429 460 1494 dicere
476 1429 544 1515 ipse
560 1429 581 1494 J
584 1429 702 1494 acobus
717 1429 854 1493 retinuit
870 1429 901 1493 ei
921 1429 1095 1494 semicium
1116 1452 1212 1494 suum
1235 1429 1322 1514 quod
1344 1427 1463 1491 habere

355 1532 470 1596 debuit
485 1554 679 1616 perannum
695 1555 753 1616 per
767 1532 950 1618 predictum
967 1533 1065 1596 finem
1081 1531 1129 1595 ita
1143 1531 1229 1616 qnod
1249 1531 1330 1594 illud
1345 1530 1463 1594 habere

355 1657 419 1698 non
435 1635 543 1720 potuit
558 1643 592 1698 et
607 1635 684 1720 quia
698 1657 763 1698 non
778 1634 886 1720 potuit
902 1634 1048 1698 inuenire
1070 1634 1188 1698 catalla
1207 1633 1249 1697 ad
1270 1632 1462 1719 distringen-

355 1737 433 1800 dum
471 1737 644 1801 seruicinrn
677 1760 772 1801 sunm
810 1759 908 1822 super
937 1745 1056 1801 terram
1086 1759 1145 1822 per
1174 1735 1464 1800 consideracionem

356 1840 443 1904 curie
467 1841 631 1926 succepit
652 1849 771 1904 terram
795 1840 830 1904 in
852 1863 985 1904 manum
1009 1863 1100 1904 suam
1124 1849 1158 1903 et
1181 1839 1270 1903 illam
1293 1847 1384 1902 tenet
1406 1860 1464 1923 pro

355 1943 484 2007 del'ectu
505 1943 634 2008 seruicii
650 1953 710 2008 etc.
726 1953 760 2007 et
776 1943 925 2028 producit
941 1942 1063 2007 curiam
1079 1941 1185 2006 suam*
1201 1965 1263 2028 que
1279 1941 1464 2006 recordatur

355 2046 441 2130 qnod
470 2047 512 2110 ad
549 2046 690 2132 primum
726 2047 941 2111 Pentecosten
971 2053 1043 2131 post
1072 2067 1223 2131 guerram
1259 2045 1321 2110 fuit
1358 2045 1463 2110 eidem

356 2149 498 2234 [Thomo]
515 2159 622 2215 aretro
636 2150 810 2215 sordicium
826 2173 921 2214 suum
937 2150 1060 2214 scilieet
1076 2150 1170 2213 firma
1189 2149 1303 2214 suade
1319 2148 1463 2234 proximo

355 2253 494 2317 termino
507 2253 539 2319 S.
551 2253 647 2319 Mich.
659 2263 735 2318 ante
750 2275 911 2340 guerram,
926 2253 974 2316 ita
988 2252 1075 2336 quod
1089 2251 1158 2337 ipse
1174 2251 1303 2336 [sepina]
1321 2251 1462 2336 pecierat

354 2356 480 2420 firmam
496 2380 598 2433 snam,
615 2367 649 2422 et
664 2357 742 2442 qnia
756 2380 820 2420 non
836 2357 945 2443 potuit
959 2357 1049 2420 illam
1062 2357 1191 2434 habere,
1203 2355 1280 2420 fecit
1291 2355 1462 2419 conuenire

354 2459 476 2524 curiam
513 2481 605 2524 suam
643 2469 678 2523 ct
715 2459 815 2545 peciit
852 2459 1142 2524 consideracionem
1180 2458 1267 2522 curie
1305 2455 1463 2543 quomodo

354 2563 526 2628 semicinm
553 2587 648 2628 sunm
673 2564 791 2628 habere
818 2572 934 2650 posset,
958 2564 1006 2628 ita
1029 2563 1116 2649 quod
1139 2563 1228 2628 curia
1249 2560 1464 2628 considerauit

355 2667 442 2752 quod
463 2667 532 2752 ipse
563 2668 772 2754 distringeret
802 2669 932 2732 feodum
962 2690 1021 2754 per
1050 2667 1169 2731 catalla
1197 2667 1232 2732 in
1261 2689 1300 2730 66
1329 2665 1465 2730 inuenta

354 2793 520 2856 quousque
550 2771 581 2836 ei
607 2773 726 2836 faceret
752 2772 925 2837 semicium
949 2795 1054 2848 suum,
1080 2780 1114 2836 et
1136 2771 1223 2836 idem
1246 2770 1385 2834 Thomas
1407 2790 1465 2853 per

354 2873 644 2938 consideracionem
659 2873 746 2938 curie
762 2898 819 2940 sue
835 2875 925 2939 misit
940 2897 1038 2960 super
1052 2873 1182 2938 feodum
1198 2881 1232 2938 et
1253 2873 1330 2936 fecit
1350 2893 1463 2956 capere

354 2977 466 3063 xxviij.
476 3000 554 3044 oues
566 2985 600 3042 et
616 2978 688 3044 illas
703 2979 813 3044 tenuit
827 2979 862 3044 in
878 2979 1032 3056 namium,
1048 2987 1082 3043 et
1097 2979 1120 3043 J
1122 2977 1240 3042 acobns
1255 2985 1386 3042 secutus
1401 2973 1464 3038 suit

354 3081 465 3145 aneria
493 3103 553 3145 sua
581 3089 616 3145 et
646 3081 703 3146 illa
732 3081 831 3167 peciit
856 3105 915 3167 per
938 3081 1114 3167 plcuinam,
1137 3089 1171 3145 et
1195 3081 1334 3144 Thomas
1355 3079 1412 3142 illa
1433 3075 1465 3142 ei

354 3184 549 3270 replegiauit
575 3207 677 3272 usque
706 3185 748 3250 ad
778 3209 879 3250 unum
910 3185 1084 3272 diemque
1111 3185 1238 3250 ueniret
1260 3185 1302 3249 ad
1327 3185 1464 3268 [merium

354 3288 460 3371 cucur]
477 3297 511 3352 et
527 3288 558 3353 ei
573 3290 692 3354 faceret
708 3290 794 3375 quod
809 3292 912 3355 facere
928 3291 1071 3367 deberet,
1086 3299 1121 3356 ct
1136 3290 1197 3355 tali
1212 3289 1306 3354 modo
1321 3288 1464 3354 reddidit

355 3390 386 3456 ei
401 3413 478 3456 oues
493 3414 556 3476 quc
574 3401 651 3457 tunc
670 3394 801 3458 suerunt
807 3444 885 3460 ......
890 3395 967 3480 quia
988 3419 1043 3460 sex
1066 3394 1217 3460 obierunt
1239 3394 1303 3476 [in]
1318 3392 1465 3458 custodia

354 3491 499 3558 eiusdem
526 3495 648 3560 Thome
673 3496 758 3560 unde
782 3497 869 3562 idem
897 3499 1036 3562 Thomas
1061 3497 1182 3584 optulit
1212 3496 1243 3561 ci
1269 3495 1355 3582 quod
1378 3517 1462 3560 com·

355 3603 550 3681 putarentur
575 3597 610 3660 in
636 3597 730 3663 firma
755 3622 820 3664 sua.
866 3600 918 3664 Ad
949 3600 1036 3665 diem
1066 3600 1097 3664 ei
1122 3599 1236 3664 datum
1263 3598 1338 3684 [oon
1361 3596 1461 3682 66611]

354 3699 497 3764 Jacobus
522 3723 581 3766 nec
603 3724 637 3766 se
660 3703 837 3767 essoniauit
859 3713 921 3768 etc.
945 3727 1005 3769 nec
1027 3726 1182 3790 umquam
1204 3711 1318 3789 postea
1339 3701 1463 3787 aliquid

354 3803 430 3868 inde
443 3803 474 3870 ci
485 3805 562 3870 16611
577 3814 611 3870 61
627 3807 798 3872 mariscum
813 3808 914 3872 iacuit
930 3819 1061 3874 uastum
1076 3810 1125 3874 ita
1135 3809 1221 3895 quod
1235 3809 1259 3874 J
1259 3807 1377 3874 acobus
1381 3854 1461 3872 ......

355 3909 471 3974 habuit
486 3933 546 3975 nec
561 3912 707 3978 Thomas.
753 3914 807 3978 Ad
822 3915 940 3979 festum
957 3915 1175 3980 S.-Michaelis
1192 3913 1375 4000 proximum
1390 3919 1463 3998 post

387 4053 470 4104 ιΤ116
492 4055 566 4106 Prior
585 4059 663 4107 offers
686 4061 714 4108 to
737 4075 813 4122 prore
836 4059 881 4110 the
964 4061 1000 4094 Η
1016 4061 1177 4125 Apparently
1193 4060 1295 4110 written
1309 4059 1343 4122 by
1356 4057 1401 4108 the
1417 4071 1464 4106 an·

354 4120 525 4180 genuineness
536 4124 563 4170 ol
580 4123 624 4172 the
640 4123 703 4172 deed
717 4125 751 4187 by
767 4125 812 4174 the
824 4141 881 4187 pro·
932 4129 1045 4177 notator.
1074 4127 1202 4189 Probably
1210 4125 1254 4176 the
1263 4125 1347 4174 words
1359 4131 1383 4174 et
1392 4125 1463 4184 intra

355 4184 461 4234 duction
481 4187 509 4235 61
527 4187 601 4236 other
618 4187 694 4237 deede
712 4189 798 4238 sealed
818 4190 881 4239 with
931 4207 976 4242 are
998 4207 1033 4242 an
1055 4191 1212 4242 instruction
1236 4193 1263 4242 1ο
1287 4190 1332 4242 the
1354 4187 1464 4252 copying

354 4250 399 4298 the
416 4265 487 4300 same
502 4252 567 4310 eeal;
585 4268 614 4302 as
631 4257 658 4302 to
675 4253 728 4304 thie
741 4269 783 4304 nee
799 4255 843 4304 Br.
862 4257 879 4304 1.
931 4257 1009 4306 clerk.

354 4316 403 4364 398
415 4315 439 4364 b.
964 4323 974 4354 ⁴
994 4321 1109 4372 Thomas
1116 4321 1241 4384 produces
1248 4318 1463 4373 hiscourtbaron·

387 4379 397 4410 ²
413 4379 445 4429 In
456 4379 518 4430 each
535 4381 637 4443 margin
655 4383 727 4435 there
744 4383 767 4434 is
783 4399 798 4434 a
815 4383 882 4435 briei
931 4385 989 4436 that
1000 4386 1033 4446 16,
1046 4402 1117 4438 some
1126 4389 1154 4438 61
1164 4387 1208 4438 his
1217 4390 1321 4438 tenente
1332 4383 1425 4448 judaee
1437 4381 1466 4432 ol

354 4448 424 4502 note,
436 4459 493 4494 now
504 4446 624 4508 illegible.
930 4451 990 4502 that
1002 4457 1085 4505 court.
