3212 5230
219 599 291 662 433.

345 411 409 472 350
555 421 787 483 trecassina,
810 421 875 472 aa.
901 409 993 482 1230,
1016 421 1079 470 aa.
1104 409 1240 470 14-15.

411 594 526 682 ¹Hugo
541 593 582 660 de
602 595 773 661 Strettona
792 595 850 682 qui
868 595 1017 682 sequitur
1035 617 1094 680 pro
1109 595 1203 660 Dom.
1223 594 1314 682 Rege
1329 591 1452 680 optulit

210 697 308 747 ΝΜ
345 721 379 763 se
415 707 530 785 quarto
564 699 617 764 die
646 721 760 765 uersus
795 700 989 787 Magistrum
1019 699 1221 765 Willeimum
1251 699 1291 763 de
1321 693 1453 782 Lanny¹

344 796 616 862 Archidiaconum
632 797 909 862 Dunholmensem
925 796 974 862 et⁸
989 797 1068 862 alios
1088 820 1187 884 quare
1208 797 1345 884 exigunt
1365 818 1451 860 com-

345 921 477 964 munam
498 899 533 964 in
553 909 639 964 terra
658 899 750 964 Dona
767 899 867 985 Regis
888 899 928 964 de
944 900 1115 965 strattona
1129 899 1256 965 desicut
1270 899 1363 963 Dom.
1380 897 1453 962 Rex

344 993 468 1067 nullarri
482 1025 685 1067 communem
702 1002 802 1068 habet
817 1003 852 1066 in
867 1003 961 1067 terris
975 1003 1117 1088 ipsorum
1139 1011 1198 1067 etc
1244 1001 1288 1066 Et
1308 1001 1371 1087 ipsi
1386 1021 1453 1064 non

345 1114 507 1171 uenerunt
538 1112 597 1170 etc
620 1113 655 1169 et
684 1105 865 1170 athachiati
894 1106 1027 1170 fuerunt
1049 1105 1171 1170 scilicet
1199 1104 1455 1170 Archidiaconus

345 1231 404 1296 per
415 1209 578 1296 Rogerum
594 1207 690 1273 Noka
705 1217 740 1272 et
754 1208 834 1272 alios
848 1217 908 1274 etc.
921 1216 955 1272 et
966 1207 1039 1273 ideo
1054 1217 1218 1294 ponantur
1231 1230 1289 1294 per
1303 1207 1454 1272 meliores

345 1312 469 1400 plegios
483 1321 542 1376 etc.
560 1311 646 1398 quod
660 1311 726 1375 sint
741 1319 802 1376 etc.
818 1319 852 1376 et
867 1311 964 1398 primi
979 1319 1040 1377 etc.

411 1413 455 1477 Et
464 1411 840 1476 Radulfusfilius'l'home
849 1412 1056 1476 athachiatus
1067 1413 1130 1476 fuit
1141 1411 1181 1477 ad
1192 1410 1454 1498 respondendum

345 1517 439 1582 Dom.
454 1517 539 1602 Regi
553 1539 651 1602 quare
667 1515 770 1602 exigit
785 1538 990 1580 communam
1006 1524 1139 1601 pastura
1153 1517 1188 1580 in
1208 1515 1354 1601 predicta
1373 1514 1457 1578 uilla

347 1620 472 1686 desicut
487 1620 555 1705 ipse
570 1619 694 1682 nullam
709 1640 914 1683 communem
929 1617 1030 1684 habet
1044 1619 1079 1683 in
1095 1627 1182 1683 terra
1198 1619 1301 1705 ipsius
1320 1618 1454 1682 Radulfl

346 1749 406 1792 nee
421 1725 593 1790 seruicium
609 1724 640 1788 ei
655 1723 732 1788 facit
747 1731 808 1788 etc.

413 1828 456 1892 Et
472 1826 630 1891 Radulfus
646 1825 738 1890 uenit
750 1834 784 1890 et
795 1824 875 1890 dicit
887 1826 974 1912 quod
987 1826 1107 1890 clamat
1118 1825 1236 1891 habere
1247 1847 1455 1889 communem

346 1933 381 1998 in
396 1931 535 2018 quodam
550 1929 684 1995 marisco
700 1929 756 2015 qui
771 1937 821 1994 est
836 1930 923 1994 inter
938 1929 1142 1995 Strattonam
1163 1938 1198 1994 et
1217 1929 1399 1994 Burtonam
1420 1936 1456 1993 et

347 2036 404 2123 qui
419 2044 553 2100 uocatur
567 2035 720 2100 mariscus
735 2035 822 2098 inter
837 2034 979 2098 Hocsike
1000 2041 1035 2098 et
1056 2033 1266 2098 Blakeberke.
1311 2032 1357 2096 Et
1376 2055 1456 2118 que-

347 2141 430 2206 situs
451 2149 563 2205 utrum
584 2139 739 2204 mariscus
761 2139 815 2204 ille
835 2139 1001 2224 pertineat
1022 2137 1064 2202 ad
1089 2137 1201 2202 uillam
1221 2137 1262 2202 de
1284 2137 1458 2202 Strattona

347 2243 402 2308 uel
417 2242 459 2307 ad
473 2242 586 2307 uillam
601 2243 641 2306 de
663 2242 809 2306 Burtona
828 2241 908 2306 dicit
930 2240 1017 2327 quod
1039 2240 1082 2304 ad
1103 2240 1217 2305 uillam
1236 2240 1277 2304 de
1300 2241 1456 2304 Burtona.

348 2347 438 2412 Dicit
458 2347 560 2411 eciam
580 2345 667 2432 quod
689 2345 835 2410 homines
857 2346 898 2410 dc
921 2346 1069 2410 Burtona
1091 2367 1218 2430 semper
1239 2343 1457 2409 communica-

348 2458 468 2515 uerunt
482 2473 557 2514 cum
571 2449 637 2514 illis
650 2448 691 2512 de
706 2448 876 2514 Strattona
886 2470 1094 2534 usquamne,
1106 2456 1140 2512 et
1155 2447 1217 2532 ipsi
1231 2447 1272 2512 de
1284 2447 1458 2512 Strattona

221 2583 223 2591 ¹
348 2555 445 2620 simul
459 2577 534 2619 cum
549 2553 595 2619 eis
610 2553 651 2618 de
666 2554 818 2618 Burtona
865 2553 924 2618 Set
945 2553 1023 2638 quia
1038 2553 1195 2639 Magister
1209 2553 1395 2618 Wiilelmus
1415 2554 1457 2618 de

349 2658 450 2723 Ianu’
463 2658 633 2722 canonicus
645 2657 854 2722 Eboracensis
866 2657 922 2744 qui
933 2657 1034 2722 habet
1043 2657 1241 2744 prebendam
1256 2658 1297 2723 de
1309 2659 1459 2724 Burtona

349 2772 384 2828 et
413 2762 571 2827 Ricardus
599 2762 640 2826 de
670 2761 882 2848 Rudingtona
910 2761 1072 2847 particeps
1101 2783 1180 2826 suus
1206 2785 1270 2826 non
1292 2771 1458 2828 uenerunt

349 2866 482 2952 ponitur
510 2863 667 2928 iudicium
697 2863 731 2927 in
761 2871 943 2949 respectum
973 2872 1034 2930 etc.
1065 2864 1142 2949 quia
1170 2864 1233 2950 ipsi
1262 2865 1459 2952 principales

350 2953 472 3034 domini
487 2976 565 3032 sunt
580 2967 621 3032 de
636 2967 783 3032 Burtona
797 2975 856 3031 etc.

295 3133 302 3148 ,
414 3071 618 3137 ‘Gilebertus
630 3071 748 3136 Martel
763 3071 849 3157 petit
860 3094 973 3137 uersus
984 3073 1007 3137 J
1007 3072 1143 3137 acobum
1155 3071 1196 3137 de
1208 3073 1460 3140 Winterburnia

253 3197 300 3228 ¹⁰¹2
351 3176 417 3262 viij.
432 3197 493 3240 aer.
509 3184 594 3240 terre
610 3197 683 3240 eum
699 3185 780 3260 pert.
796 3175 830 3239 in
846 3175 1069 3261 Bensingtona
1083 3184 1118 3240 et
1133 3197 1245 3240 uersus
1265 3175 1460 3242 Nicholaam

190 3817 315 3906 tarsae

190 3913 224 3953 dle
232 3913 333 3961 quatre·

190 3961 239 4000 uad
251 3960 316 4009 pardi·

190 3971 251 4048 tum.e
267 4008 304 4046 Set

191 4066 220 4095 un
235 4055 314 4094 uamin

351 3392 432 3469 pert.
447 3383 482 3448 in
496 3382 610 3448 eadem
624 3382 705 3448 uilla
718 3391 757 3446 ut
772 3381 823 3447 ius
844 3405 939 3447 suurn
960 3392 1019 3447 etc.
1036 3392 1071 3449 et
1091 3383 1126 3447 in
1146 3407 1226 3470 quas
1245 3407 1311 3448 non
1334 3384 1462 3451 habent

351 3488 531 3574 ingressum
567 3487 630 3552 nisi
664 3509 722 3573 par
756 3487 938 3573 predictum
974 3488 1179 3554 Gilebertum
1213 3488 1321 3554 uirum
1355 3490 1462 3578 ipsius

352 3590 509 3655 Nicholae
524 3589 581 3676 qui
596 3589 716 3654 iniuste
731 3599 766 3654 et
784 3590 853 3654 sine
874 3590 993 3655 iudicio
1013 3591 1191 3656 disseisiuit
1211 3613 1287 3656 eum
1306 3592 1357 3658 ita
1371 3595 1462 3680 quod

351 3693 450 3759 assisa
464 3692 662 3758 summonita
677 3700 736 3758 etc.
752 3700 787 3757 et
801 3693 892 3758 uisus
907 3701 991 3758 terre
1006 3693 1112 3758 factus
1127 3701 1162 3758 et
1182 3695 1338 3758 remansit
1358 3697 1465 3762 assisa

351 3797 509 3885 capienda
530 3819 568 3862 eo
590 3797 676 3883 quod
697 3796 879 3882 predictus⁵
900 3796 982 3862 obiit
1003 3805 1081 3862 ante
1103 3797 1289 3882 capcionem
1312 3797 1463 3865 eiusdem

352 3902 450 3968 assisa
465 3909 524 3967 etc.

190 4103 338 4189 itavii‘ist
387 4121 528 4171 ¹A.m.s.
963 4123 1050 4188 ⁸sup.
1064 4125 1255 4183 eremi.

191 4196 256 4238 turn‘.

386 4187 551 4250 'Latiam
569 4186 880 4251 Hardy’sLeNere,voi.
963 4187 1042 4237 “For
1058 4204 1169 4254 unquam
1184 4190 1245 4240 read
1262 4205 1401 4256 nunquam.
1438 4193 1466 4242 Ii

355 4253 508 4366 &ph-⁹302
539 4317 652 4367 Mt
735 4319 788 4368 'R
850 4319 867 4368 d
931 4252 976 4367 {ipe
988 4255 1046 4366 vlrrit
1057 4253 1111 4304 had
1122 4255 1367 4368 ppcsbcenreadin
1379 4258 1463 4309 Ocurt

357 4331 525 4443 &nexari
597 4332 733 4379 asponae
789 4334 828 4381 op.
868 4335 881 4369 e
932 4326 1219 4442 Bpf'opggppwnot
1238 4320 1304 4371 have
1322 4323 1462 4374 mattered.

387 4447 443 4495 ⁴A.
456 4460 490 4496 m.
504 4446 555 4496 ad.
