3360 5236
499 455 640 516 snam,
665 454 727 504 nn.
753 441 846 514 1233,
869 455 931 504 an.
959 441 1008 508 17.
1247 443 1311 510 575

197 627 231 693 la
245 627 429 694 Hockedei²
444 629 493 693 ita
507 627 535 693 si
549 627 693 692 seruiens
710 627 833 694 miserit
847 636 982 714 propter
995 650 1041 695 ea.
1087 629 1131 694 Et
1146 627 1219 693 ideo
1234 627 1312 715 quia

198 739 377 816 posuerunt
399 753 433 796 se
455 752 553 816 super
574 729 821 816 inquisicionem
843 751 902 816 per
926 752 1024 816 quam
1049 730 1235 794 conuictum
1262 739 1312 794 est

199 833 285 919 quod
314 834 462 899 fecerunt
491 831 598 898 eidem
628 831 775 897 Galfrido
804 831 987 918 predictum
1017 833 1201 910 seruicium,
1228 832 1312 898 Gon-

199 937 376 1002 sideratum
398 945 448 1002 est
469 936 555 1023 quod
576 936 741 1002 Galfn'dua
762 937 967 1023 recuperauit
989 936 1140 1001 seisinam
1163 957 1255 1001 suam
1278 943 1313 1000 et

200 1040 362 1106 Robertus
390 1040 426 1105 in
455 1041 683 1118 misericordia,
706 1049 741 1104 et
767 1039 944 1106 satisfaciat
970 1040 1076 1105 eidem
1101 1040 1246 1105 Galfrido
1271 1039 1312 1104 de

199 1145 368 1230 arreragiis
382 1145 520 1210 duorum
535 1167 701 1210 annornm.
722 1143 728 1230 Ι

94 1255 108 1270 '
137 1301 145 1314 .
264 1245 376 1310 Assisa
385 1247 479 1311 uenit
493 1245 699 1333 recognitum
712 1246 740 1310 si
752 1245 999 1310 Bartholomeus
1014 1245 1055 1310 de
1071 1245 1176 1311 Greke
1191 1245 1312 1310 iniuste

199 1355 259 1413 ete
275 1347 452 1415 dissaisiuit
467 1349 601 1414 Petrum
621 1349 662 1414 de
684 1348 787 1415 Greek
808 1348 848 1413 de
868 1347 969 1413 libero
989 1356 1177 1413 tenemento
1196 1371 1255 1414 suo
1277 1349 1312 1412 in

200 1451 303 1518 Greek
322 1453 477 1537 primam’
491 1461 551 1519 etc.
567 1461 601 1517 εὴ
620 1452 706 1518 unde
721 1453 870 1540 queritur
886 1452 972 1539 quod
986 1452 1164 1518 disseisiuit
1179 1474 1255 1518 eum
1270 1451 1311 1516 de

201 1555 244 1621 lx.
261 1577 321 1620 aer.
338 1564 423 1622 terre
439 1565 499 1622 etc

267 1661 311 1725 Et
326 1660 572 1725 Bartholomeus
593 1683 659 1725 non
679 1660 773 1726 uenit
795 1669 846 1726 set
869 1659 1117 1724 Bartholomeus
1138 1659 1179 1724 de
1203 1660 1313 1746 Burgo

201 1764 343 1829 bailiuus
357 1787 435 1830 suus
449 1765 542 1830 uenit
558 1773 592 1830 et
610 1765 690 1830 dicit
711 1765 798 1851 quod
816 1765 918 1830 assisa
937 1787 1002 1828 non
1024 1763 1123 1828 debet
1144 1763 1215 1829 fieri
1236 1764 1314 1850 quia

201 1867 364 1932 Robertus
393 1867 433 1932 de
464 1867 568 1933 Greek
597 1876 693 1954 pater
720 1867 823 1954 ipsius
860 1867 1082 1932 Bartholomei
1118 1867 1200 1931 obiit
1236 1867 1312 1932 inde

201 1970 331 2035 seisitus
346 1978 380 2034 et
394 1978 468 2056 post
482 1979 619 2034 mortem
635 1971 723 2057 cepit
739 1971 855 2037 Gomes
870 1971 1018 2058 Rogerus
1033 1971 1064 2035 le
1076 1969 1180 2056 Bigod
1192 1979 1311 2034 terram

201 2073 291 2138 illam
313 2073 348 2137 in
371 2095 504 2137 manum
527 2095 619 2138 suam
642 2074 727 2139 sieut
748 2075 783 2139 in
805 2075 952 2140 custodia
973 2083 1008 2140 et
1031 2075 1140 2140 tenuit
1163 2073 1254 2138 illam
1277 2073 1312 2138 in

201 2199 301 2242 manu
316 2199 376 2242 sua
388 2177 486 2242 simul
501 2199 576 2242 eum
596 2178 661 2243 alia
681 2185 768 2243 terra
787 2200 846 2264 per
864 2178 1037 2244 dimidium
1057 2200 1179 2242 annum
1200 2199 1313 2262 quam-

202 2282 259 2346 diu
279 2279 459 2366 predietus⁸
478 2281 542 2346 fuit
562 2281 597 2347 in
618 2283 795 2367 Hybernia‚
816 2291 851 2347 et
871 2282 999 2368 quando
1019 2303 1166 2347 reuersus
1188 2283 1251 2346 fuit
1271 2281 1312 2346 de

202 2384 362 2448 Hibernia
375 2383 517 2448 reddidit
531 2383 563 2448 ei
578 2393 698 2448 terram
713 2385 803 2449 illam
823 2384 920 2449 simrd
939 2407 1013 2449 enm
1028 2384 1093 2448 alia
1107 2392 1194 2448 terra
1209 2391 1247 2448 ut
1261 2383 1312 2447 ius

202 2510 297 2552 suum
312 2495 347 2552 et
361 2485 438 2551 inde
453 2486 545 2572 ponit
560 2509 594 2551 se
610 2509 707 2572 super
720 2486 869 2552 iuratam.

268 2591 312 2656 Et
327 2591 444 2655 Petrus
458 2589 537 2655 dicit
552 2589 638 2676 quod
652 2589 740 2655 idem
756 2589 1002 2654 Bartholomeus
1021 2589 1115 2654 illum
1135 2587 1312 2654 disseisiuit

203 2693 244 2760 de
266 2693 380 2759 eodem
402 2701 590 2758 tenemento
609 2693 688 2780 quia
709 2693 875 2780 predictus
895 2694 1057 2759 Robertus
1076 2703 1153 2759 ante
1172 2701 1310 2758 mortem

204 2819 296 2862 suam
317 2795 399 2860 illud
421 2795 453 2860 ei
474 2793 566 2860 dedit
587 2817 646 2880 per
667 2803 790 2861 cartam
812 2819 914 2874 suam,
929 2797 978 2861 ita
997 2796 1084 2884 quod
1103 2796 1166 2860 fuit
1186 2796 1261 2861 inde
1276 2796 1311 2860 in

204 2899 329 2977 saisina,
349 2905 385 2962 et
404 2897 492 2982 cepit
513 2896 590 2961 inde
613 2897 744 2984 expleta
766 2897 868 2962 donee
889 2898 1071 2963 dissaisitus
1093 2898 1164 2974 fuit,
1180 2905 1214 2962 et
1236 2897 1312 2962 inde

204 3001 297 3087 ponit
323 3021 357 3064 se
385 3021 484 3084 super
508 2997 657 3077 iuratam,
682 3008 716 3064 et
742 2998 822 3065 dicit
847 3000 933 3087 quod
956 2999 1043 3064 idem
1068 3000 1314 3064 Bartholomeus

205 3105 292 3191 cepit
306 3104 494 3189 homagium
508 3123 604 3167 suum
625 3102 665 3168 de
687 3103 801 3169 eadem
821 3113 908 3169 terra
928 3113 963 3170 et
983 3104 1060 3168 feeit
1079 3103 1110 3169 ei
1130 3111 1252 3168 cartam
1272 3104 1312 3170 de

205 3207 455 3274 confirmatione.

269 3310 439 3375 Juratores
461 3308 576 3372 dieunt
596 3308 683 3394 quod
703 3309 866 3375 Robertus
888 3309 1004 3376 habuit
1025 3309 1066 3375 de
1088 3309 1194 3396 prima
1215 3331 1313 3376 uxore

205 3435 264 3478 sua
277 3412 460 3499 predictum
477 3412 743 3479 Bartholomeum
764 3422 798 3479 et
818 3414 859 3479 de
881 3414 1023 3501 quadam
1044 3414 1109 3479 alia
1129 3413 1312 3500 predictum

206 3517 349 3595 Petrum,
363 3523 399 3582 et
413 3516 544 3602 quando
558 3517 646 3582 idem
661 3517 779 3584 Petrus
793 3519 858 3584 fnit
873 3520 925 3606 vij.
941 3541 1098 3584 annorum
1116 3517 1223 3583 uoluit
1237 3541 1312 3584 eum

206 3641 393 3706 promouere
408 3627 442 3684 et
457 3619 549 3684 dedit
563 3620 595 3686 ei
609 3641 669 3707 per
682 3629 805 3687 cartam
820 3622 998 3709 predictam
1010 3631 1130 3688 terram
1141 3643 1216 3687 eum
1231 3630 1312 3709 pert.

206 3735 240 3790 et
254 3726 289 3790 in
302 3723 399 3810 pleno
413 3723 581 3789 hundredo
601 3725 678 3791 feeit
697 3725 729 3790 ei
751 3725 903 3792 saisinam
922 3733 957 3791 εὴ
976 3725 1096 3791 donum
1117 3733 1152 3790 et
1170 3725 1313 3791 ostendit

206 3837 327 3893 cartam
344 3849 442 3914 quam
460 3828 580 3892 iecerat
599 3828 631 3894 ei
651 3828 692 3894 de
712 3829 919 3895 feoffamento
941 3837 975 3895 et
996 3829 1083 3916 cepit
1104 3829 1181 3894 inde
1202 3829 1312 3895 homa·

205 3931 305 4018 giam,
320 3938 355 3995 et
369 3937 483 4016 postea
496 3931 631 3996 accessit
650 3931 692 3997 ad
712 3940 832 3997 terram
852 3931 941 3997 illam
960 3939 995 3997 et
1015 3931 1092 3997 feeit
1111 3931 1143 3996 ei
1161 3931 1312 3996 saisinam

206 4043 241 4099 et
255 4033 332 4099 feeit
347 4033 379 4099 ei
393 4033 464 4098 fieri
479 4033 654 4100 fidelitates
669 4043 704 4100 et
718 4036 871 4124 homagia
884 4036 926 4101 de
938 4037 1129 4102 tenentibus
1142 4034 1184 4100 de
1199 4034 1312 4101 eadem

207 4147 301 4216 terra,
331 4145 366 4202 et
394 4145 508 4224 postea
537 4137 673 4204 tradidit
710 4148 829 4205 terram
865 4140 955 4205 illam
992 4140 1120 4205 cuidam
1158 4139 1313 4226 Magistro

238 4263 400 4327 ¹Hokeday,
422 4263 467 4314 the
494 4262 590 4316 second
617 4265 737 4330 Taesday
786 4265 1014 4329 margInaivenue.
1034 4265 1313 4330 Probablythisassize

207 4330 385 4382 maranen.
465 4336 471 4346 ’
787 4331 1139 4394 mtakeninthaeounty.

239 4395 251 4427 ¹
267 4395 339 4444 Oorr.
347 4402 406 4457 port
419 4396 529 4458 primam
540 4397 735 4446 coronatorem.
819 4397 830 4428 ²
847 4397 1150 4460 Supplysantooomo.

209 4459 304 4510 Creake
320 4460 344 4508 is
360 4460 388 4508 in
406 4459 522 4509 Norfolk.
558 4459 681 4510 Tharais
701 4475 736 4512 no
