<?xml version="1.0" encoding="UTF-8"?>
<!DOCTYPE html PUBLIC "-//W3C//DTD XHTML 1.0 Transitional//EN"
    "http://www.w3.org/TR/xhtml1/DTD/xhtml1-transitional.dtd">
<html xmlns="http://www.w3.org/1999/xhtml" xml:lang="en" lang="en">
 <head>
  <title>
</title>
<meta http-equiv="Content-Type" content="text/html;charset=utf-8" />
  <meta name='ocr-system' content='tesseract 3.04.00' />
  <meta name='ocr-capabilities' content='ocr_page ocr_carea ocr_par ocr_line ocrx_word'/>
</head>
<body>
  <div class='ocr_page' id='page_1' title='image "./bractonsnoteboo04bracgoog_0561.png"; bbox 0 0 3360 5236; ppageno 0'>
   <div class='ocr_carea' id='block_1_1' title="bbox 507 446 1308 521">
    <p class='ocr_par' dir='ltr' id='par_1_1' title="bbox 507 446 1308 521">
     <span class='ocr_line' id='line_1_1' title="bbox 507 446 1308 521; baseline 0.002 -13"><span class='ocrx_word' id='word_1_1' title='bbox 507 461 656 521; x_wconf 72' lang='lat' dir='ltr'><strong>renum,</strong></span> <span class='ocrx_word' id='word_1_2' title='bbox 679 459 744 508; x_wconf 74' lang='lat' dir='ltr'><strong>nn.</strong></span> <span class='ocrx_word' id='word_1_3' title='bbox 769 447 861 520; x_wconf 78' lang='lat'>1225,</span> <span class='ocrx_word' id='word_1_4' title='bbox 884 459 948 508; x_wconf 72' lang='grc' dir='ltr'><strong>ιιι.</strong></span> <span class='ocrx_word' id='word_1_5' title='bbox 971 446 999 508; x_wconf 87' lang='lat'><strong>9.</strong></span> <span class='ocrx_word' id='word_1_6' title='bbox 1245 448 1308 510; x_wconf 84' lang='lat'><strong>553</strong></span> 
     </span>
    </p>
   </div>
   <div class='ocr_carea' id='block_1_2' title="bbox 200 630 1309 2270">
    <p class='ocr_par' dir='ltr' id='par_1_2' title="bbox 200 630 1309 1242">
     <span class='ocr_line' id='line_1_2' title="bbox 268 630 1308 718; baseline -0.002 -20"><span class='ocrx_word' id='word_1_7' title='bbox 268 633 312 698; x_wconf 83' lang='lat' dir='ltr'><strong>Et</strong></span> <span class='ocrx_word' id='word_1_8' title='bbox 328 632 450 700; x_wconf 85' lang='lat' dir='ltr'><strong>Oecilie</strong></span> <span class='ocrx_word' id='word_1_9' title='bbox 463 631 543 698; x_wconf 90' lang='lat' dir='ltr'><strong>dicit</strong></span> <span class='ocrx_word' id='word_1_10' title='bbox 558 631 645 718; x_wconf 92' lang='lat' dir='ltr'><strong>quod</strong></span> <span class='ocrx_word' id='word_1_11' title='bbox 660 630 773 697; x_wconf 79' lang='lat' dir='ltr'><strong>dotata</strong></span> <span class='ocrx_word' id='word_1_12' title='bbox 791 630 855 696; x_wconf 85' lang='lat' dir='ltr'><strong>fuit</strong></span> <span class='ocrx_word' id='word_1_13' title='bbox 876 631 952 697; x_wconf 89' lang='lat' dir='ltr'><strong>inde</strong></span> <span class='ocrx_word' id='word_1_14' title='bbox 974 631 1023 696; x_wconf 82' lang='lat' dir='ltr'><strong>ita</strong></span> <span class='ocrx_word' id='word_1_15' title='bbox 1044 630 1130 718; x_wconf 91' lang='lat' dir='ltr'><strong>quod</strong></span> <span class='ocrx_word' id='word_1_16' title='bbox 1152 631 1308 697; x_wconf 74' lang='lat' dir='ltr'>concessit</span> 
     </span>
     <span class='ocr_line' id='line_1_3' title="bbox 201 735 1309 823; baseline -0.002 -21"><span class='ocrx_word' id='word_1_17' title='bbox 201 737 233 802; x_wconf 90' lang='lat' dir='ltr'><strong>ei</strong></span> <span class='ocrx_word' id='word_1_18' title='bbox 248 738 459 804; x_wconf 80' lang='lat' dir='ltr'><strong>medietatem</strong></span> <span class='ocrx_word' id='word_1_19' title='bbox 474 738 578 803; x_wconf 87' lang='lat' dir='ltr'><strong>tocius</strong></span> <span class='ocrx_word' id='word_1_20' title='bbox 598 746 683 802; x_wconf 89' lang='lat' dir='ltr'><strong>terre</strong></span> <span class='ocrx_word' id='word_1_21' title='bbox 704 759 767 823; x_wconf 90' lang='lat' dir='ltr'><strong>que</strong></span> <span class='ocrx_word' id='word_1_22' title='bbox 790 736 821 801; x_wconf 90' lang='lat' dir='ltr'><strong>ei</strong></span> <span class='ocrx_word' id='word_1_23' title='bbox 842 735 1002 802; x_wconf 81' lang='lat' dir='ltr'><strong>accideret</strong></span> <span class='ocrx_word' id='word_1_24' title='bbox 1024 745 1058 800; x_wconf 91' lang='lat' dir='ltr'><strong>et</strong></span> <span class='ocrx_word' id='word_1_25' title='bbox 1080 735 1151 822; x_wconf 81' lang='lat' dir='ltr'><strong>ipse</strong></span> <span class='ocrx_word' id='word_1_26' title='bbox 1173 735 1309 800; x_wconf 80' lang='lat' dir='ltr'><strong>Metillie</strong></span> 
     </span>
     <span class='ocr_line' id='line_1_4' title="bbox 200 838 1308 929; baseline -0.005 -21"><span class='ocrx_word' id='word_1_27' title='bbox 200 851 315 929; x_wconf 78' lang='lat' dir='ltr'><strong>postea</strong></span> <span class='ocrx_word' id='word_1_28' title='bbox 328 842 460 909; x_wconf 76' lang='lat' dir='ltr'><strong>demisit</strong></span> <span class='ocrx_word' id='word_1_29' title='bbox 474 866 508 908; x_wconf 87' lang='lat' dir='ltr'><strong>se</strong></span> <span class='ocrx_word' id='word_1_30' title='bbox 524 843 564 908; x_wconf 92' lang='lat' dir='ltr'><strong>de</strong></span> <span class='ocrx_word' id='word_1_31' title='bbox 580 841 738 908; x_wconf 77' lang='lat' dir='ltr'><strong>termille</strong></span> <span class='ocrx_word' id='word_1_32' title='bbox 753 849 787 908; x_wconf 90' lang='lat' dir='ltr'><strong>et</strong></span> <span class='ocrx_word' id='word_1_33' title='bbox 801 841 891 906; x_wconf 87' lang='lat' dir='ltr'><strong>illem</strong></span> <span class='ocrx_word' id='word_1_34' title='bbox 907 839 998 906; x_wconf 90' lang='lat' dir='ltr'><strong>dedit</strong></span> <span class='ocrx_word' id='word_1_35' title='bbox 1019 839 1124 905; x_wconf 91' lang='lat' dir='ltr'><strong>eidem</strong></span> <span class='ocrx_word' id='word_1_36' title='bbox 1148 838 1308 905; x_wconf 84' lang='lat' dir='ltr'><strong>Giliherto</strong></span> 
     </span>
     <span class='ocr_line' id='line_1_5' title="bbox 200 942 1307 1032; baseline -0.002 -22"><span class='ocrx_word' id='word_1_37' title='bbox 200 946 251 1011; x_wconf 82' lang='lat' dir='ltr'><strong>ite</strong></span> <span class='ocrx_word' id='word_1_38' title='bbox 264 945 350 1032; x_wconf 89' lang='lat' dir='ltr'><strong>quod</strong></span> <span class='ocrx_word' id='word_1_39' title='bbox 365 947 457 1012; x_wconf 87' lang='lat' dir='ltr'><strong>Prior</strong></span> <span class='ocrx_word' id='word_1_40' title='bbox 471 943 685 1011; x_wconf 71' lang='lat' dir='ltr'><strong>Neruicensis</strong></span> <span class='ocrx_word' id='word_1_41' title='bbox 699 943 847 1030; x_wconf 81' lang='lat' dir='ltr'><strong>capitalis</strong></span> <span class='ocrx_word' id='word_1_42' title='bbox 862 943 1011 1008; x_wconf 82' lang='lat' dir='ltr'><strong>dominus</strong></span> <span class='ocrx_word' id='word_1_43' title='bbox 1022 943 1109 1029; x_wconf 90' lang='lat' dir='ltr'><strong>cepit</strong></span> <span class='ocrx_word' id='word_1_44' title='bbox 1119 942 1307 1030; x_wconf 82' lang='lat' dir='ltr'><strong>homagium</strong></span> 
     </span>
     <span class='ocr_line' id='line_1_6' title="bbox 200 1047 1308 1139; baseline -0.003 -23"><span class='ocrx_word' id='word_1_45' title='bbox 200 1051 304 1139; x_wconf 78' lang='lat' dir='ltr'><strong>ipsius</strong></span> <span class='ocrx_word' id='word_1_46' title='bbox 326 1051 478 1118; x_wconf 85' lang='lat' dir='ltr'><strong>Giliberti</strong></span> <span class='ocrx_word' id='word_1_47' title='bbox 499 1051 541 1117; x_wconf 80' lang='lat' dir='ltr'><strong>ed</strong></span> <span class='ocrx_word' id='word_1_48' title='bbox 561 1051 756 1138; x_wconf 72' lang='lat' dir='ltr'><strong>peticionem</strong></span> <span class='ocrx_word' id='word_1_49' title='bbox 772 1050 874 1137; x_wconf 86' lang='lat' dir='ltr'><strong>ipsine</strong></span> <span class='ocrx_word' id='word_1_50' title='bbox 889 1048 1060 1114; x_wconf 82' lang='lat' dir='ltr'><strong>Metillidis</strong></span> <span class='ocrx_word' id='word_1_51' title='bbox 1075 1056 1110 1114; x_wconf 89' lang='lat' dir='ltr'><strong>et</strong></span> <span class='ocrx_word' id='word_1_52' title='bbox 1124 1047 1200 1114; x_wconf 92' lang='lat' dir='ltr'><strong>inde</strong></span> <span class='ocrx_word' id='word_1_53' title='bbox 1215 1049 1308 1135; x_wconf 90' lang='lat' dir='ltr'><strong>ponit</strong></span> 
     </span>
     <span class='ocr_line' id='line_1_7' title="bbox 201 1153 863 1242; baseline -0.009 -20"><span class='ocrx_word' id='word_1_54' title='bbox 201 1179 235 1222; x_wconf 83' lang='lat' dir='ltr'><strong>se</strong></span> <span class='ocrx_word' id='word_1_55' title='bbox 251 1178 348 1242; x_wconf 89' lang='lat' dir='ltr'><strong>super</strong></span> <span class='ocrx_word' id='word_1_56' title='bbox 362 1155 502 1221; x_wconf 79' lang='lat' dir='ltr'><strong>iuratum</strong></span> <span class='ocrx_word' id='word_1_57' title='bbox 518 1161 552 1220; x_wconf 88' lang='lat' dir='ltr'><strong>et</strong></span> <span class='ocrx_word' id='word_1_58' title='bbox 568 1153 691 1222; x_wconf 82' lang='lat' dir='ltr'><strong>Cecilia</strong></span> <span class='ocrx_word' id='word_1_59' title='bbox 704 1153 863 1218; x_wconf 83' lang='lat' dir='ltr'><strong>similiter.</strong></span> 
     </span>
    </p>

    <p class='ocr_par' dir='ltr' id='par_1_3' title="bbox 200 1257 1309 2270">
     <span class='ocr_line' id='line_1_8' title="bbox 268 1257 1309 1347; baseline -0.002 -23"><span class='ocrx_word' id='word_1_60' title='bbox 268 1260 311 1325; x_wconf 89' lang='lat' dir='ltr'><strong>Et</strong></span> <span class='ocrx_word' id='word_1_61' title='bbox 331 1259 404 1325; x_wconf 93' lang='lat' dir='ltr'><strong>ideo</strong></span> <span class='ocrx_word' id='word_1_62' title='bbox 423 1267 613 1347; x_wconf 76' lang='lat' dir='ltr'><strong>preceptum</strong></span> <span class='ocrx_word' id='word_1_63' title='bbox 635 1267 685 1325; x_wconf 87' lang='lat' dir='ltr'><strong>est</strong></span> <span class='ocrx_word' id='word_1_64' title='bbox 707 1257 892 1324; x_wconf 91' lang='lat' dir='ltr'><strong>uicecomiti</strong></span> <span class='ocrx_word' id='word_1_65' title='bbox 915 1257 1001 1345; x_wconf 91' lang='lat' dir='ltr'><strong>quod</strong></span> <span class='ocrx_word' id='word_1_66' title='bbox 1021 1279 1127 1323; x_wconf 83' lang='lat' dir='ltr'><strong>coram</strong></span> <span class='ocrx_word' id='word_1_67' title='bbox 1143 1280 1181 1323; x_wconf 92' lang='lat' dir='ltr'><strong>eo</strong></span> <span class='ocrx_word' id='word_1_68' title='bbox 1196 1257 1309 1323; x_wconf 88' lang='lat' dir='ltr'><strong>uenire</strong></span> 
     </span>
     <span class='ocr_line' id='line_1_9' title="bbox 202 1361 1309 1450; baseline -0.002 -22"><span class='ocrx_word' id='word_1_69' title='bbox 202 1363 300 1428; x_wconf 79' lang='lat' dir='ltr'><strong>faciat</strong></span> <span class='ocrx_word' id='word_1_70' title='bbox 335 1363 388 1450; x_wconf 83' lang='lat' dir='ltr'><strong>xij.</strong></span> <span class='ocrx_word' id='word_1_71' title='bbox 420 1371 480 1428; x_wconf 87' lang='lat' dir='ltr'><strong>etc.</strong></span> <span class='ocrx_word' id='word_1_72' title='bbox 511 1371 545 1428; x_wconf 91' lang='lat' dir='ltr'><strong>et</strong></span> <span class='ocrx_word' id='word_1_73' title='bbox 575 1385 633 1449; x_wconf 91' lang='lat' dir='ltr'><strong>per</strong></span> <span class='ocrx_word' id='word_1_74' title='bbox 668 1385 780 1427; x_wconf 89' lang='lat' dir='ltr'><strong>eorum</strong></span> <span class='ocrx_word' id='word_1_75' title='bbox 810 1369 869 1427; x_wconf 90' lang='lat' dir='ltr'><strong>etc.</strong></span> <span class='ocrx_word' id='word_1_76' title='bbox 903 1361 1079 1449; x_wconf 86' lang='lat' dir='ltr'><strong>diligenter</strong></span> <span class='ocrx_word' id='word_1_77' title='bbox 1106 1361 1252 1448; x_wconf 82' lang='lat' dir='ltr'><strong>inquiret</strong></span> <span class='ocrx_word' id='word_1_78' title='bbox 1281 1361 1309 1427; x_wconf 83' lang='lat' dir='ltr'><strong>si</strong></span> 
     </span>
     <span class='ocr_line' id='line_1_10' title="bbox 202 1467 1308 1554; baseline 0.001 -23"><span class='ocrx_word' id='word_1_79' title='bbox 202 1467 287 1532; x_wconf 91' lang='lat' dir='ltr'><strong>idem</strong></span> <span class='ocrx_word' id='word_1_80' title='bbox 312 1468 490 1534; x_wconf 84' lang='lat' dir='ltr'><strong>Gilibertus</strong></span> <span class='ocrx_word' id='word_1_81' title='bbox 512 1467 564 1533; x_wconf 89' lang='lat' dir='ltr'><strong>die</strong></span> <span class='ocrx_word' id='word_1_82' title='bbox 588 1475 648 1533; x_wconf 89' lang='lat' dir='ltr'><strong>etc.</strong></span> <span class='ocrx_word' id='word_1_83' title='bbox 669 1467 723 1532; x_wconf 90' lang='lat' dir='ltr'><strong>uel</strong></span> <span class='ocrx_word' id='word_1_84' title='bbox 746 1489 901 1554; x_wconf 85' lang='lat' dir='ltr'><strong>umquam</strong></span> <span class='ocrx_word' id='word_1_85' title='bbox 924 1475 1037 1553; x_wconf 80' lang='lat' dir='ltr'><strong>postea</strong></span> <span class='ocrx_word' id='word_1_86' title='bbox 1058 1467 1167 1532; x_wconf 87' lang='lat' dir='ltr'><strong>tenuit</strong></span> <span class='ocrx_word' id='word_1_87' title='bbox 1189 1475 1308 1532; x_wconf 83' lang='lat' dir='ltr'><strong>terrem</strong></span> 
     </span>
     <span class='ocr_line' id='line_1_11' title="bbox 201 1570 1308 1658; baseline -0.001 -22"><span class='ocrx_word' id='word_1_88' title='bbox 201 1571 290 1636; x_wconf 80' lang='lat' dir='ltr'><strong>illam</strong></span> <span class='ocrx_word' id='word_1_89' title='bbox 305 1571 341 1636; x_wconf 90' lang='lat' dir='ltr'><strong>in</strong></span> <span class='ocrx_word' id='word_1_90' title='bbox 356 1571 448 1636; x_wconf 90' lang='lat' dir='ltr'><strong>feodo</strong></span> <span class='ocrx_word' id='word_1_91' title='bbox 463 1571 512 1636; x_wconf 83' lang='lat' dir='ltr'><strong>ite</strong></span> <span class='ocrx_word' id='word_1_92' title='bbox 531 1570 617 1658; x_wconf 93' lang='lat' dir='ltr'><strong>quod</strong></span> <span class='ocrx_word' id='word_1_93' title='bbox 639 1593 710 1635; x_wconf 84' lang='lat' dir='ltr'><strong>cem</strong></span> <span class='ocrx_word' id='word_1_94' title='bbox 731 1570 842 1635; x_wconf 80' lang='lat' dir='ltr'><strong>dotare</strong></span> <span class='ocrx_word' id='word_1_95' title='bbox 862 1570 971 1657; x_wconf 92' lang='lat' dir='ltr'><strong>potuit</strong></span> <span class='ocrx_word' id='word_1_96' title='bbox 993 1571 1033 1636; x_wconf 91' lang='lat' dir='ltr'><strong>de</strong></span> <span class='ocrx_word' id='word_1_97' title='bbox 1056 1570 1232 1636; x_wconf 76' lang='lat' dir='ltr'><strong>medietate</strong></span> <span class='ocrx_word' id='word_1_98' title='bbox 1254 1572 1308 1637; x_wconf 92' lang='lat' dir='ltr'><strong>uel</strong></span> 
     </span>
     <span class='ocr_line' id='line_1_12' title="bbox 200 1675 1309 1763; baseline 0.002 -24"><span class='ocrx_word' id='word_1_99' title='bbox 200 1699 265 1740; x_wconf 93' lang='lat' dir='ltr'><strong>non</strong></span> <span class='ocrx_word' id='word_1_100' title='bbox 281 1685 315 1740; x_wconf 88' lang='lat' dir='ltr'><strong>et</strong></span> <span class='ocrx_word' id='word_1_101' title='bbox 334 1677 361 1741; x_wconf 86' lang='lat' dir='ltr'><strong>si</strong></span> <span class='ocrx_word' id='word_1_102' title='bbox 382 1677 528 1763; x_wconf 84' lang='lat' dir='ltr'><strong>predicta</strong></span> <span class='ocrx_word' id='word_1_103' title='bbox 550 1677 686 1742; x_wconf 80' lang='lat' dir='ltr'><strong>Metillis</strong></span> <span class='ocrx_word' id='word_1_104' title='bbox 708 1683 813 1741; x_wconf 83' lang='lat' dir='ltr'><strong>mater</strong></span> <span class='ocrx_word' id='word_1_105' title='bbox 835 1675 978 1742; x_wconf 86' lang='lat' dir='ltr'><strong>ciusdem</strong></span> <span class='ocrx_word' id='word_1_106' title='bbox 1002 1675 1155 1742; x_wconf 85' lang='lat' dir='ltr'><strong>Giliberti</strong></span> <span class='ocrx_word' id='word_1_107' title='bbox 1178 1676 1309 1741; x_wconf 83' lang='lat' dir='ltr'><strong>demisit</strong></span> 
     </span>
     <span class='ocr_line' id='line_1_13' title="bbox 201 1777 1291 1868; baseline 0.002 -26"><span class='ocrx_word' id='word_1_108' title='bbox 201 1801 235 1842; x_wconf 85' lang='lat' dir='ltr'><strong>se</strong></span> <span class='ocrx_word' id='word_1_109' title='bbox 251 1777 290 1844; x_wconf 92' lang='lat' dir='ltr'><strong>de</strong></span> <span class='ocrx_word' id='word_1_110' title='bbox 307 1789 393 1845; x_wconf 81' lang='lat' dir='ltr'><strong>terra</strong></span> <span class='ocrx_word' id='word_1_111' title='bbox 408 1781 464 1845; x_wconf 82' lang='lat' dir='ltr'><strong>illa</strong></span> <span class='ocrx_word' id='word_1_112' title='bbox 479 1781 527 1846; x_wconf 84' lang='lat' dir='ltr'><strong>ite</strong></span> <span class='ocrx_word' id='word_1_113' title='bbox 547 1780 634 1868; x_wconf 94' lang='lat' dir='ltr'><strong>quod</strong></span> <span class='ocrx_word' id='word_1_114' title='bbox 656 1779 748 1845; x_wconf 91' lang='lat' dir='ltr'><strong>Prior</strong></span> <span class='ocrx_word' id='word_1_115' title='bbox 770 1779 985 1845; x_wconf 81' lang='lat' dir='ltr'><strong>Norwiceneis</strong></span> <span class='ocrx_word' id='word_1_116' title='bbox 1006 1779 1048 1845; x_wconf 77' lang='lat' dir='ltr'><strong>ed</strong></span> <span class='ocrx_word' id='word_1_117' title='bbox 1070 1779 1264 1866; x_wconf 81' lang='lat' dir='ltr'><strong>peticionem</strong></span> <span class='ocrx_word' id='word_1_118' title='bbox 1286 1780 1291 1868; x_wconf 74' lang='lat' dir='ltr'><strong>l</strong></span> 
     </span>
     <span class='ocr_line' id='line_1_14' title="bbox 200 1883 1306 1973; baseline 0.001 -26"><span class='ocrx_word' id='word_1_119' title='bbox 200 1883 270 1948; x_wconf 83' lang='lat' dir='ltr'><strong>eius</strong></span> <span class='ocrx_word' id='word_1_120' title='bbox 292 1883 379 1970; x_wconf 91' lang='lat' dir='ltr'><strong>cepit</strong></span> <span class='ocrx_word' id='word_1_121' title='bbox 400 1884 588 1973; x_wconf 85' lang='lat' dir='ltr'><strong>homagium</strong></span> <span class='ocrx_word' id='word_1_122' title='bbox 610 1885 712 1971; x_wconf 82' lang='lat' dir='ltr'><strong>ipsius</strong></span> <span class='ocrx_word' id='word_1_123' title='bbox 733 1883 886 1950; x_wconf 84' lang='lat' dir='ltr'><strong>Giliberti</strong></span> <span class='ocrx_word' id='word_1_124' title='bbox 903 1884 957 1948; x_wconf 93' lang='lat' dir='ltr'><strong>uel</strong></span> <span class='ocrx_word' id='word_1_125' title='bbox 972 1905 1045 1960; x_wconf 92' lang='lat' dir='ltr'><strong>non,</strong></span> <span class='ocrx_word' id='word_1_126' title='bbox 1061 1883 1139 1970; x_wconf 80' lang='lat' dir='ltr'><strong>quie</strong></span> <span class='ocrx_word' id='word_1_127' title='bbox 1153 1890 1221 1948; x_wconf 80' lang='lat' dir='ltr'><strong>tam</strong></span> <span class='ocrx_word' id='word_1_128' title='bbox 1237 1890 1306 1962; x_wconf 84' lang='lat' dir='ltr'><strong>etc,</strong></span> 
     </span>
     <span class='ocr_line' id='line_1_15' title="bbox 201 1991 1307 2080; baseline -0.001 -22"><span class='ocrx_word' id='word_1_129' title='bbox 201 2002 236 2058; x_wconf 92' lang='lat' dir='ltr'><strong>et</strong></span> <span class='ocrx_word' id='word_1_130' title='bbox 262 1993 508 2080; x_wconf 85' lang='lat' dir='ltr'><strong>inquisicionem</strong></span> <span class='ocrx_word' id='word_1_131' title='bbox 531 1993 621 2058; x_wconf 85' lang='lat' dir='ltr'><strong>illem</strong></span> <span class='ocrx_word' id='word_1_132' title='bbox 644 1992 764 2057; x_wconf 81' lang='lat' dir='ltr'><strong>hebeat</strong></span> <span class='ocrx_word' id='word_1_133' title='bbox 787 1993 846 2057; x_wconf 87' lang='lat' dir='ltr'><strong>tali</strong></span> <span class='ocrx_word' id='word_1_134' title='bbox 868 1991 921 2057; x_wconf 93' lang='lat' dir='ltr'><strong>die</strong></span> <span class='ocrx_word' id='word_1_135' title='bbox 943 2014 1002 2078; x_wconf 92' lang='lat' dir='ltr'><strong>per</strong></span> <span class='ocrx_word' id='word_1_136' title='bbox 1023 1991 1149 2057; x_wconf 78' lang='lat' dir='ltr'><strong>litterae</strong></span> <span class='ocrx_word' id='word_1_137' title='bbox 1171 1999 1231 2058; x_wconf 89' lang='lat' dir='ltr'><strong>etc.</strong></span> <span class='ocrx_word' id='word_1_138' title='bbox 1253 1993 1307 2058; x_wconf 92' lang='lat' dir='ltr'><strong>uel</strong></span> 
     </span>
     <span class='ocr_line' id='line_1_16' title="bbox 202 2097 1307 2186; baseline 0.002 -22"><span class='ocrx_word' id='word_1_139' title='bbox 202 2122 307 2166; x_wconf 82' lang='lat' dir='ltr'><strong>coram</strong></span> <span class='ocrx_word' id='word_1_140' title='bbox 329 2099 515 2165; x_wconf 81' lang='lat' dir='ltr'><strong>iusticiariis</strong></span> <span class='ocrx_word' id='word_1_141' title='bbox 537 2099 564 2164; x_wconf 84' lang='lat' dir='ltr'><strong>si</strong></span> <span class='ocrx_word' id='word_1_142' title='bbox 586 2099 675 2186; x_wconf 82' lang='lat' dir='ltr'><strong>prius</strong></span> <span class='ocrx_word' id='word_1_143' title='bbox 698 2099 732 2163; x_wconf 93' lang='lat' dir='ltr'><strong>in</strong></span> <span class='ocrx_word' id='word_1_144' title='bbox 755 2107 863 2184; x_wconf 80' lang='lat' dir='ltr'><strong>partes</strong></span> <span class='ocrx_word' id='word_1_145' title='bbox 883 2098 954 2165; x_wconf 82' lang='lat' dir='ltr'><strong>illes</strong></span> <span class='ocrx_word' id='word_1_146' title='bbox 973 2099 1123 2164; x_wconf 88' lang='lat' dir='ltr'><strong>uenerint</strong></span> <span class='ocrx_word' id='word_1_147' title='bbox 1137 2097 1179 2163; x_wconf 81' lang='lat' dir='ltr'><strong>ed</strong></span> <span class='ocrx_word' id='word_1_148' title='bbox 1193 2099 1307 2166; x_wconf 78' lang='lat' dir='ltr'><strong>assises</strong></span> 
     </span>
     <span class='ocr_line' id='line_1_17' title="bbox 202 2203 541 2270; baseline -0.003 -2"><span class='ocrx_word' id='word_1_149' title='bbox 202 2227 286 2270; x_wconf 89' lang='lat' dir='ltr'><strong>noue</strong></span> <span class='ocrx_word' id='word_1_150' title='bbox 302 2203 467 2268; x_wconf 81' lang='lat' dir='ltr'><strong>dieseisine</strong></span> <span class='ocrx_word' id='word_1_151' title='bbox 483 2210 541 2268; x_wconf 90' lang='lat' dir='ltr'><strong>etc.</strong></span> 
     </span>
    </p>
   </div>
   <div class='ocr_carea' id='block_1_3' title="bbox 119 2305 1425 2393">
    <p class='ocr_par' dir='ltr' id='par_1_4' title="bbox 119 2305 1425 2393">
     <span class='ocr_line' id='line_1_18' title="bbox 119 2305 1425 2393; baseline 0 -21"><span class='ocrx_word' id='word_1_152' title='bbox 119 2311 150 2370; x_wconf 85' lang='lat'><strong>‘.</strong></span> <span class='ocrx_word' id='word_1_153' title='bbox 268 2306 393 2373; x_wconf 83' lang='lat' dir='ltr'><strong>¹Adem</strong></span> <span class='ocrx_word' id='word_1_154' title='bbox 408 2307 495 2373; x_wconf 86' lang='lat' dir='ltr'><strong>filius</strong></span> <span class='ocrx_word' id='word_1_155' title='bbox 511 2305 651 2372; x_wconf 80' lang='lat' dir='ltr'><strong>Deodati</strong></span> <span class='ocrx_word' id='word_1_156' title='bbox 672 2307 793 2392; x_wconf 85' lang='lat' dir='ltr'><strong>optulit</strong></span> <span class='ocrx_word' id='word_1_157' title='bbox 808 2329 842 2371; x_wconf 86' lang='lat' dir='ltr'><strong>se</strong></span> <span class='ocrx_word' id='word_1_158' title='bbox 857 2306 935 2393; x_wconf 59' lang='lat' dir='ltr'><strong>iiijr.</strong></span> <span class='ocrx_word' id='word_1_159' title='bbox 952 2305 1005 2370; x_wconf 94' lang='lat' dir='ltr'><strong>die</strong></span> <span class='ocrx_word' id='word_1_160' title='bbox 1021 2327 1133 2370; x_wconf 81' lang='lat' dir='ltr'><strong>uersus</strong></span> <span class='ocrx_word' id='word_1_161' title='bbox 1149 2305 1306 2372; x_wconf 85' lang='lat' dir='ltr'><strong>Kerolum</strong></span> <span class='ocrx_word' id='word_1_162' title='bbox 1388 2337 1425 2365; x_wconf 85' lang='lat' dir='ltr'><strong>o.</strong></span> 
     </span>
    </p>
   </div>
   <div class='ocr_carea' id='block_1_4' title="bbox 201 2410 1307 2496">
    <p class='ocr_par' dir='ltr' id='par_1_5' title="bbox 201 2410 1307 2496">
     <span class='ocr_line' id='line_1_19' title="bbox 201 2410 1307 2496; baseline 0.001 -21"><span class='ocrx_word' id='word_1_163' title='bbox 201 2411 242 2476; x_wconf 93' lang='lat' dir='ltr'><strong>de</strong></span> <span class='ocrx_word' id='word_1_164' title='bbox 258 2411 440 2476; x_wconf 83' lang='lat' dir='ltr'><strong>Gememue</strong></span> <span class='ocrx_word' id='word_1_165' title='bbox 456 2419 491 2476; x_wconf 87' lang='lat' dir='ltr'><strong>et</strong></span> <span class='ocrx_word' id='word_1_166' title='bbox 506 2411 643 2478; x_wconf 82' lang='lat' dir='ltr'><strong>Aliciem</strong></span> <span class='ocrx_word' id='word_1_167' title='bbox 659 2433 792 2476; x_wconf 87' lang='lat' dir='ltr'><strong>uxorem</strong></span> <span class='ocrx_word' id='word_1_168' title='bbox 807 2411 877 2476; x_wconf 85' lang='lat' dir='ltr'><strong>eius</strong></span> <span class='ocrx_word' id='word_1_169' title='bbox 897 2411 937 2476; x_wconf 93' lang='lat' dir='ltr'><strong>de</strong></span> <span class='ocrx_word' id='word_1_170' title='bbox 956 2410 1074 2496; x_wconf 85' lang='lat' dir='ltr'><strong>placito</strong></span> <span class='ocrx_word' id='word_1_171' title='bbox 1089 2433 1188 2496; x_wconf 84' lang='lat' dir='ltr'><strong>quere</strong></span> <span class='ocrx_word' id='word_1_172' title='bbox 1203 2412 1307 2477; x_wconf 85' lang='lat' dir='ltr'><strong>secuti</strong></span> 
     </span>
    </p>
   </div>
   <div class='ocr_carea' id='block_1_5' title="bbox 200 2514 1307 2702">
    <p class='ocr_par' dir='ltr' id='par_1_6' title="bbox 200 2514 1307 2702">
     <span class='ocr_line' id='line_1_20' title="bbox 201 2514 1307 2612; baseline -0.001 -31"><span class='ocrx_word' id='word_1_173' title='bbox 201 2525 278 2582; x_wconf 87' lang='lat' dir='ltr'><strong>sunt</strong></span> <span class='ocrx_word' id='word_1_174' title='bbox 307 2516 464 2602; x_wconf 85' lang='lat' dir='ltr'><strong>placitum</strong></span> <span class='ocrx_word' id='word_1_175' title='bbox 491 2516 526 2580; x_wconf 95' lang='lat' dir='ltr'><strong>in</strong></span> <span class='ocrx_word' id='word_1_176' title='bbox 552 2516 641 2581; x_wconf 81' lang='lat' dir='ltr'><strong>curia</strong></span> <span class='ocrx_word' id='word_1_177' title='bbox 667 2515 890 2612; x_wconf 77' lang='lat' dir='ltr'><strong>cristianitctis</strong></span> <span class='ocrx_word' id='word_1_178' title='bbox 916 2514 957 2580; x_wconf 92' lang='lat' dir='ltr'><strong>de</strong></span> <span class='ocrx_word' id='word_1_179' title='bbox 981 2515 1061 2580; x_wconf 84' lang='lat' dir='ltr'><strong>laico</strong></span> <span class='ocrx_word' id='word_1_180' title='bbox 1087 2515 1180 2580; x_wconf 88' lang='lat' dir='ltr'><strong>feodo</strong></span> <span class='ocrx_word' id='word_1_181' title='bbox 1205 2515 1307 2601; x_wconf 79' lang='lat' dir='ltr'><strong>ipsius</strong></span> 
     </span>
     <span class='ocr_line' id='line_1_21' title="bbox 200 2614 1305 2702; baseline -0.001 -21"><span class='ocrx_word' id='word_1_182' title='bbox 200 2615 358 2682; x_wconf 88' lang='lat' dir='ltr'><strong>Willelmi</strong></span> <span class='ocrx_word' id='word_1_183' title='bbox 377 2615 412 2680; x_wconf 90' lang='lat' dir='ltr'><strong>in</strong></span> <span class='ocrx_word' id='word_1_184' title='bbox 436 2614 630 2702; x_wconf 81' lang='lat' dir='ltr'><strong>Hundclby&#39;</strong></span> <span class='ocrx_word' id='word_1_185' title='bbox 645 2622 757 2680; x_wconf 83' lang='lat' dir='ltr'><strong>contre</strong></span> <span class='ocrx_word' id='word_1_186' title='bbox 772 2623 831 2681; x_wconf 86' lang='lat' dir='ltr'><strong>etc.</strong></span> <span class='ocrx_word' id='word_1_187' title='bbox 848 2622 882 2680; x_wconf 91' lang='lat' dir='ltr'><strong>et</strong></span> <span class='ocrx_word' id='word_1_188' title='bbox 903 2636 1016 2680; x_wconf 87' lang='lat' dir='ltr'><strong>uersus</strong></span> <span class='ocrx_word' id='word_1_189' title='bbox 1034 2615 1305 2682; x_wconf 85' lang='lat' dir='ltr'><strong>Archidiaconum</strong></span> 
     </span>
    </p>
   </div>
   <div class='ocr_carea' id='block_1_6' title="bbox 200 2719 1308 3827">
    <p class='ocr_par' dir='ltr' id='par_1_7' title="bbox 200 2719 1308 3827">
     <span class='ocr_line' id='line_1_22' title="bbox 201 2719 1307 2808; baseline 0 -22"><span class='ocrx_word' id='word_1_190' title='bbox 201 2720 390 2786; x_wconf 85' lang='lat' dir='ltr'><strong>Bedclordie</strong></span> <span class='ocrx_word' id='word_1_191' title='bbox 413 2728 448 2786; x_wconf 90' lang='lat' dir='ltr'><strong>et</strong></span> <span class='ocrx_word' id='word_1_192' title='bbox 470 2719 707 2786; x_wconf 80' lang='lat' dir='ltr'><strong>Cancellerium</strong></span> <span class='ocrx_word' id='word_1_193' title='bbox 731 2719 940 2808; x_wconf 82' lang='lat' dir='ltr'><strong>Gentebrigie</strong></span> <span class='ocrx_word' id='word_1_194' title='bbox 963 2727 997 2785; x_wconf 85' lang='lat' dir='ltr'><strong>et</strong></span> <span class='ocrx_word' id='word_1_195' title='bbox 1020 2720 1246 2786; x_wconf 88' lang='lat' dir='ltr'><strong>Precentorem</strong></span> <span class='ocrx_word' id='word_1_196' title='bbox 1266 2719 1307 2786; x_wconf 90' lang='lat' dir='ltr'><strong>de</strong></span> 
     </span>
     <span class='ocr_line' id='line_1_23' title="bbox 201 2823 1306 2912; baseline -0.003 -21"><span class='ocrx_word' id='word_1_197' title='bbox 201 2823 423 2912; x_wconf 85' lang='lat' dir='ltr'><strong>Beuerlcgha⁸</strong></span> <span class='ocrx_word' id='word_1_198' title='bbox 437 2823 478 2890; x_wconf 95' lang='lat' dir='ltr'><strong>de</strong></span> <span class='ocrx_word' id='word_1_199' title='bbox 493 2823 613 2911; x_wconf 82' lang='lat' dir='ltr'><strong>placito</strong></span> <span class='ocrx_word' id='word_1_200' title='bbox 631 2846 730 2910; x_wconf 82' lang='lat' dir='ltr'><strong>quere</strong></span> <span class='ocrx_word' id='word_1_201' title='bbox 751 2831 928 2889; x_wconf 89' lang='lat' dir='ltr'><strong>tenuerunt</strong></span> <span class='ocrx_word' id='word_1_202' title='bbox 951 2825 1107 2910; x_wconf 76' lang='lat' dir='ltr'><strong>placitum</strong></span> <span class='ocrx_word' id='word_1_203' title='bbox 1130 2824 1171 2890; x_wconf 93' lang='lat' dir='ltr'><strong>de</strong></span> <span class='ocrx_word' id='word_1_204' title='bbox 1193 2824 1306 2890; x_wconf 91' lang='lat' dir='ltr'><strong>eodem</strong></span> 
     </span>
     <span class='ocr_line' id='line_1_24' title="bbox 200 2927 1306 3014; baseline 0 -21"><span class='ocrx_word' id='word_1_205' title='bbox 200 2937 258 2994; x_wconf 92' lang='lat' dir='ltr'><strong>etc.</strong></span> <span class='ocrx_word' id='word_1_206' title='bbox 304 2929 349 2993; x_wconf 86' lang='lat' dir='ltr'><strong>Et</strong></span> <span class='ocrx_word' id='word_1_207' title='bbox 374 2929 493 2993; x_wconf 83' lang='lat' dir='ltr'><strong>nullus.</strong></span> <span class='ocrx_word' id='word_1_208' title='bbox 509 2950 619 2993; x_wconf 88' lang='lat' dir='ltr'><strong>eorum</strong></span> <span class='ocrx_word' id='word_1_209' title='bbox 645 2927 739 2992; x_wconf 92' lang='lat' dir='ltr'><strong>uenit</strong></span> <span class='ocrx_word' id='word_1_210' title='bbox 763 2937 797 2992; x_wconf 90' lang='lat' dir='ltr'><strong>et</strong></span> <span class='ocrx_word' id='word_1_211' title='bbox 822 2928 1002 2993; x_wconf 85' lang='lat' dir='ltr'><strong>uicecomes</strong></span> <span class='ocrx_word' id='word_1_212' title='bbox 1026 2927 1196 2993; x_wconf 85' lang='lat' dir='ltr'><strong>mendeuit</strong></span> <span class='ocrx_word' id='word_1_213' title='bbox 1220 2929 1306 3014; x_wconf 94' lang='lat' dir='ltr'><strong>quod</strong></span> 
     </span>
     <span class='ocr_line' id='line_1_25' title="bbox 202 3031 1308 3100; baseline 0.002 -2"><span class='ocrx_word' id='word_1_214' title='bbox 202 3035 340 3100; x_wconf 84' lang='lat' dir='ltr'><strong>Kerolus</strong></span> <span class='ocrx_word' id='word_1_215' title='bbox 366 3042 401 3099; x_wconf 89' lang='lat' dir='ltr'><strong>et</strong></span> <span class='ocrx_word' id='word_1_216' title='bbox 422 3032 529 3099; x_wconf 78' lang='lat' dir='ltr'><strong>Alicio</strong></span> <span class='ocrx_word' id='word_1_217' title='bbox 550 3041 685 3098; x_wconf 83' lang='lat' dir='ltr'><strong>manent</strong></span> <span class='ocrx_word' id='word_1_218' title='bbox 706 3032 741 3096; x_wconf 90' lang='lat' dir='ltr'><strong>in</strong></span> <span class='ocrx_word' id='word_1_219' title='bbox 765 3032 865 3098; x_wconf 90' lang='lat' dir='ltr'><strong>Lenn’</strong></span> <span class='ocrx_word' id='word_1_220' title='bbox 890 3040 924 3098; x_wconf 90' lang='lat' dir='ltr'><strong>et</strong></span> <span class='ocrx_word' id='word_1_221' title='bbox 947 3031 1047 3097; x_wconf 91' lang='lat' dir='ltr'><strong>nichil</strong></span> <span class='ocrx_word' id='word_1_222' title='bbox 1071 3032 1194 3098; x_wconf 82' lang='lat' dir='ltr'><strong>habent</strong></span> <span class='ocrx_word' id='word_1_223' title='bbox 1215 3042 1308 3100; x_wconf 82' lang='lat' dir='ltr'><strong>extre</strong></span> 
     </span>
     <span class='ocr_line' id='line_1_26' title="bbox 202 3136 1307 3224; baseline 0 -20"><span class='ocrx_word' id='word_1_224' title='bbox 202 3139 311 3217; x_wconf 88' lang='lat' dir='ltr'><strong>Lenn&#39;,</strong></span> <span class='ocrx_word' id='word_1_225' title='bbox 326 3139 384 3204; x_wconf 93' lang='lat' dir='ltr'><strong>ubi</strong></span> <span class='ocrx_word' id='word_1_226' title='bbox 406 3139 506 3204; x_wconf 93' lang='lat' dir='ltr'><strong>breue</strong></span> <span class='ocrx_word' id='word_1_227' title='bbox 528 3136 621 3202; x_wconf 90' lang='lat' dir='ltr'><strong>Dom.</strong></span> <span class='ocrx_word' id='word_1_228' title='bbox 637 3137 738 3224; x_wconf 80' lang='lat' dir='ltr'><strong>Regis</strong></span> <span class='ocrx_word' id='word_1_229' title='bbox 760 3159 824 3202; x_wconf 91' lang='lat' dir='ltr'><strong>non</strong></span> <span class='ocrx_word' id='word_1_230' title='bbox 847 3136 1036 3202; x_wconf 83' lang='lat' dir='ltr'><strong>admittitur</strong></span> <span class='ocrx_word' id='word_1_231' title='bbox 1043 3136 1063 3215; x_wconf 89' lang='lat'><strong>⁴,</strong></span> <span class='ocrx_word' id='word_1_232' title='bbox 1078 3144 1113 3202; x_wconf 91' lang='lat' dir='ltr'><strong>et</strong></span> <span class='ocrx_word' id='word_1_233' title='bbox 1128 3136 1307 3204; x_wconf 85' lang='lat' dir='ltr'><strong>uicecomes</strong></span> 
     </span>
     <span class='ocr_line' id='line_1_27' title="bbox 201 3240 1307 3330; baseline -0.002 -20"><span class='ocrx_word' id='word_1_234' title='bbox 201 3242 410 3330; x_wconf 79' lang='lat' dir='ltr'><strong>Cantebrigie</strong></span> <span class='ocrx_word' id='word_1_235' title='bbox 426 3240 596 3306; x_wconf 79' lang='lat' dir='ltr'><strong>mandauit</strong></span> <span class='ocrx_word' id='word_1_236' title='bbox 611 3240 698 3326; x_wconf 92' lang='lat' dir='ltr'><strong>quod</strong></span> <span class='ocrx_word' id='word_1_237' title='bbox 712 3240 836 3306; x_wconf 84' lang='lat' dir='ltr'><strong>iudices</strong></span> <span class='ocrx_word' id='word_1_238' title='bbox 851 3240 958 3306; x_wconf 91' lang='lat' dir='ltr'><strong>clerici</strong></span> <span class='ocrx_word' id='word_1_239' title='bbox 970 3249 1047 3306; x_wconf 87' lang='lat' dir='ltr'><strong>sunt</strong></span> <span class='ocrx_word' id='word_1_240' title='bbox 1059 3248 1093 3306; x_wconf 92' lang='lat' dir='ltr'><strong>et</strong></span> <span class='ocrx_word' id='word_1_241' title='bbox 1104 3263 1169 3306; x_wconf 90' lang='lat' dir='ltr'><strong>non</strong></span> <span class='ocrx_word' id='word_1_242' title='bbox 1184 3241 1307 3308; x_wconf 84' lang='lat' dir='ltr'><strong>habent</strong></span> 
     </span>
     <span class='ocr_line' id='line_1_28' title="bbox 201 3344 1304 3423; baseline 0.001 -11"><span class='ocrx_word' id='word_1_243' title='bbox 201 3347 319 3412; x_wconf 83' lang='lat' dir='ltr'><strong>laicum</strong></span> <span class='ocrx_word' id='word_1_244' title='bbox 348 3345 488 3423; x_wconf 87' lang='lat' dir='ltr'><strong>feodum,</strong></span> <span class='ocrx_word' id='word_1_245' title='bbox 515 3353 550 3409; x_wconf 86' lang='lat' dir='ltr'><strong>et</strong></span> <span class='ocrx_word' id='word_1_246' title='bbox 579 3345 652 3410; x_wconf 91' lang='lat' dir='ltr'><strong>ideo</strong></span> <span class='ocrx_word' id='word_1_247' title='bbox 682 3344 873 3410; x_wconf 82' lang='lat' dir='ltr'><strong>mandatum</strong></span> <span class='ocrx_word' id='word_1_248' title='bbox 904 3353 953 3410; x_wconf 83' lang='lat' dir='ltr'><strong>est</strong></span> <span class='ocrx_word' id='word_1_249' title='bbox 983 3344 1182 3411; x_wconf 85' lang='lat' dir='ltr'><strong>Officielibus</strong></span> <span class='ocrx_word' id='word_1_250' title='bbox 1212 3346 1304 3413; x_wconf 93' lang='lat' dir='ltr'><strong>Dom.</strong></span> 
     </span>
     <span class='ocr_line' id='line_1_29' title="bbox 202 3447 1305 3535; baseline 0.001 -21"><span class='ocrx_word' id='word_1_251' title='bbox 202 3449 415 3514; x_wconf 84' lang='lat' dir='ltr'><strong>Norwicensis</strong></span> <span class='ocrx_word' id='word_1_252' title='bbox 430 3447 516 3534; x_wconf 91' lang='lat' dir='ltr'><strong>quod</strong></span> <span class='ocrx_word' id='word_1_253' title='bbox 527 3447 725 3535; x_wconf 78' lang='lat' dir='ltr'><strong>distringant</strong></span> <span class='ocrx_word' id='word_1_254' title='bbox 739 3447 1010 3513; x_wconf 84' lang='lat' dir='ltr'><strong>Archidicconum</strong></span> <span class='ocrx_word' id='word_1_255' title='bbox 1023 3454 1057 3512; x_wconf 92' lang='lat' dir='ltr'><strong>et</strong></span> <span class='ocrx_word' id='word_1_256' title='bbox 1069 3447 1305 3515; x_wconf 80' lang='lat' dir='ltr'><strong>Oencellcrium</strong></span> 
     </span>
     <span class='ocr_line' id='line_1_30' title="bbox 201 3551 1306 3640; baseline 0.001 -21"><span class='ocrx_word' id='word_1_257' title='bbox 201 3554 287 3640; x_wconf 92' lang='lat' dir='ltr'><strong>quod</strong></span> <span class='ocrx_word' id='word_1_258' title='bbox 307 3554 373 3618; x_wconf 88' lang='lat' dir='ltr'><strong>sint</strong></span> <span class='ocrx_word' id='word_1_259' title='bbox 395 3552 455 3618; x_wconf 82' lang='lat' dir='ltr'><strong>teli</strong></span> <span class='ocrx_word' id='word_1_260' title='bbox 475 3551 528 3616; x_wconf 93' lang='lat' dir='ltr'><strong>die</strong></span> <span class='ocrx_word' id='word_1_261' title='bbox 544 3561 612 3630; x_wconf 81' lang='lat' dir='ltr'><strong>etc,</strong></span> <span class='ocrx_word' id='word_1_262' title='bbox 628 3561 662 3616; x_wconf 91' lang='lat' dir='ltr'><strong>et</strong></span> <span class='ocrx_word' id='word_1_263' title='bbox 677 3552 828 3617; x_wconf 85' lang='lat' dir='ltr'><strong>similiter</strong></span> <span class='ocrx_word' id='word_1_264' title='bbox 849 3552 1039 3617; x_wconf 84' lang='lat' dir='ltr'><strong>mendntum</strong></span> <span class='ocrx_word' id='word_1_265' title='bbox 1063 3561 1113 3618; x_wconf 86' lang='lat' dir='ltr'><strong>est</strong></span> <span class='ocrx_word' id='word_1_266' title='bbox 1136 3553 1306 3622; x_wconf 78' lang='lat' dir='ltr'><strong>Geufrido⁸</strong></span> 
     </span>
     <span class='ocr_line' id='line_1_31' title="bbox 201 3657 1303 3746; baseline 0.003 -24"><span class='ocrx_word' id='word_1_267' title='bbox 201 3659 334 3746; x_wconf 86' lang='lat' dir='ltr'><strong>Elyensi</strong></span> <span class='ocrx_word' id='word_1_268' title='bbox 355 3659 468 3723; x_wconf 88' lang='lat' dir='ltr'><strong>Electo</strong></span> <span class='ocrx_word' id='word_1_269' title='bbox 490 3657 576 3743; x_wconf 92' lang='lat' dir='ltr'><strong>quod</strong></span> <span class='ocrx_word' id='word_1_270' title='bbox 599 3657 773 3745; x_wconf 80' lang='lat' dir='ltr'><strong>distringat</strong></span> <span class='ocrx_word' id='word_1_271' title='bbox 795 3657 976 3743; x_wconf 90' lang='lat' dir='ltr'><strong>predictum</strong></span> <span class='ocrx_word' id='word_1_272' title='bbox 1000 3657 1224 3724; x_wconf 86' lang='lat' dir='ltr'><strong>Precentorem</strong></span> <span class='ocrx_word' id='word_1_273' title='bbox 1245 3667 1303 3726; x_wconf 84' lang='lat' dir='ltr'><strong>etc</strong></span> 
     </span>
     <span class='ocr_line' id='line_1_32' title="bbox 201 3760 931 3827; baseline -0.001 0"><span class='ocrx_word' id='word_1_274' title='bbox 201 3771 235 3827; x_wconf 83' lang='lat' dir='ltr'><strong>et</strong></span> <span class='ocrx_word' id='word_1_275' title='bbox 251 3762 382 3827; x_wconf 90' lang='lat' dir='ltr'><strong>interim</strong></span> <span class='ocrx_word' id='word_1_276' title='bbox 397 3769 563 3826; x_wconf 80' lang='lat' dir='ltr'><strong>remaneat</strong></span> <span class='ocrx_word' id='word_1_277' title='bbox 578 3760 618 3826; x_wconf 93' lang='lat' dir='ltr'><strong>de</strong></span> <span class='ocrx_word' id='word_1_278' title='bbox 635 3761 754 3826; x_wconf 89' lang='lat' dir='ltr'><strong>Kerolo</strong></span> <span class='ocrx_word' id='word_1_279' title='bbox 770 3770 803 3826; x_wconf 88' lang='lat' dir='ltr'><strong>et</strong></span> <span class='ocrx_word' id='word_1_280' title='bbox 818 3761 931 3826; x_wconf 78' lang='lat' dir='ltr'><strong>Alicio.</strong></span> 
     </span>
    </p>
   </div>
   <div class='ocr_carea' id='block_1_7' title="bbox 103 3864 1424 3966">
    <p class='ocr_par' dir='ltr' id='par_1_8' title="bbox 103 3864 1424 3966">
     <span class='ocr_line' id='line_1_33' title="bbox 103 3864 1424 3966; baseline -0.007 -29"><span class='ocrx_word' id='word_1_281' title='bbox 103 3891 151 3936; x_wconf 91' lang='lat'><strong>·.</strong></span> <span class='ocrx_word' id='word_1_282' title='bbox 265 3865 446 3932; x_wconf 76' lang='lat' dir='ltr'><strong>⁶Radulfue</strong></span> <span class='ocrx_word' id='word_1_283' title='bbox 469 3865 509 3930; x_wconf 90' lang='lat' dir='ltr'><strong>de</strong></span> <span class='ocrx_word' id='word_1_284' title='bbox 535 3864 778 3932; x_wconf 80' lang='lat' dir='ltr'><strong>Seunderlende</strong></span> <span class='ocrx_word' id='word_1_285' title='bbox 805 3864 952 3950; x_wconf 88' lang='lat' dir='ltr'><strong>queritur</strong></span> <span class='ocrx_word' id='word_1_286' title='bbox 977 3864 1063 3951; x_wconf 88' lang='lat' dir='ltr'><strong>quod</strong></span> <span class='ocrx_word' id='word_1_287' title='bbox 1090 3865 1251 3931; x_wconf 84' lang='lat' dir='ltr'><strong>Henricus</strong></span> <span class='ocrx_word' id='word_1_288' title='bbox 1274 3866 1305 3931; x_wconf 96' lang='lat' dir='ltr'><strong>le</strong></span> <span class='ocrx_word' id='word_1_289' title='bbox 1386 3875 1424 3966; x_wconf 52' lang='lat' dir='ltr'><strong>gs</strong></span> 
     </span>
    </p>
   </div>
   <div class='ocr_carea' id='block_1_8' title="bbox 201 4049 1308 4574">
    <p class='ocr_par' dir='ltr' id='par_1_9' title="bbox 201 4049 1308 4574">
     <span class='ocr_line' id='line_1_34' title="bbox 233 4049 1305 4114; baseline 0.001 -13"><span class='ocrx_word' id='word_1_290' title='bbox 233 4053 242 4084; x_wconf 94' lang='lat'>¹</span> <span class='ocrx_word' id='word_1_291' title='bbox 259 4053 289 4101; x_wconf 80' lang='lat' dir='ltr'><strong>A.</strong></span> <span class='ocrx_word' id='word_1_292' title='bbox 301 4067 336 4102; x_wconf 86' lang='grc' dir='ltr'><strong>ιιι.</strong></span> <span class='ocrx_word' id='word_1_293' title='bbox 351 4051 404 4111; x_wconf 81' lang='lat' dir='ltr'><strong>8d3</strong></span> <span class='ocrx_word' id='word_1_294' title='bbox 422 4051 452 4100; x_wconf 90' lang='lat' dir='ltr'><strong>B.</strong></span> <span class='ocrx_word' id='word_1_295' title='bbox 464 4066 499 4102; x_wconf 91' lang='lat' dir='ltr'><strong>m.</strong></span> <span class='ocrx_word' id='word_1_296' title='bbox 515 4053 538 4102; x_wconf 79' lang='lat'><strong>7.</strong></span> <span class='ocrx_word' id='word_1_297' title='bbox 811 4051 821 4081; x_wconf 86' lang='lat'><strong>⁴</strong></span> <span class='ocrx_word' id='word_1_298' title='bbox 839 4050 973 4114; x_wconf 80' lang='lat' dir='ltr'><strong>Isupposc</strong></span> <span class='ocrx_word' id='word_1_299' title='bbox 988 4049 1043 4099; x_wconf 80' lang='lat' dir='ltr'><strong>thie</strong></span> <span class='ocrx_word' id='word_1_300' title='bbox 1060 4053 1088 4099; x_wconf 88' lang='lat' dir='ltr'><strong>to</strong></span> <span class='ocrx_word' id='word_1_301' title='bbox 1105 4065 1182 4100; x_wconf 79' lang='lat' dir='ltr'><strong>menn</strong></span> <span class='ocrx_word' id='word_1_302' title='bbox 1200 4050 1259 4102; x_wconf 74' lang='lat' dir='ltr'><strong>thet</strong></span> <span class='ocrx_word' id='word_1_303' title='bbox 1276 4051 1305 4102; x_wconf 89' lang='lat' dir='ltr'><strong>in</strong></span> 
     </span>
     <span class='ocr_line' id='line_1_35' title="bbox 233 4115 1308 4180; baseline 0.002 -14"><span class='ocrx_word' id='word_1_304' title='bbox 233 4117 244 4148; x_wconf 87' lang='lat'>²</span> <span class='ocrx_word' id='word_1_305' title='bbox 256 4118 331 4179; x_wconf 82' lang='lat' dir='ltr'><strong>secde</strong></span> <span class='ocrx_word' id='word_1_306' title='bbox 339 4119 451 4180; x_wconf 82' lang='lat' dir='ltr'><strong>predicti</strong></span> <span class='ocrx_word' id='word_1_307' title='bbox 463 4118 554 4166; x_wconf 77' lang='lat' dir='ltr'><strong>Adciu</strong></span> <span class='ocrx_word' id='word_1_308' title='bbox 562 4119 642 4166; x_wconf 78' lang='lat' dir='ltr'><strong>Leuc.</strong></span> <span class='ocrx_word' id='word_1_309' title='bbox 653 4117 682 4166; x_wconf 78' lang='lat' dir='ltr'><strong>A.</strong></span> <span class='ocrx_word' id='word_1_310' title='bbox 695 4115 723 4166; x_wconf 92' lang='lat' dir='ltr'><strong>B.</strong></span> <span class='ocrx_word' id='word_1_311' title='bbox 778 4115 855 4178; x_wconf 80' lang='lat' dir='ltr'><strong>Lynn</strong></span> <span class='ocrx_word' id='word_1_312' title='bbox 873 4115 917 4166; x_wconf 87' lang='lat' dir='ltr'><strong>the</strong></span> <span class='ocrx_word' id='word_1_313' title='bbox 936 4131 1027 4178; x_wconf 82' lang='lat' dir='ltr'><strong>mayor</strong></span> <span class='ocrx_word' id='word_1_314' title='bbox 1043 4115 1091 4165; x_wconf 81' lang='lat' dir='ltr'><strong>hus</strong></span> <span class='ocrx_word' id='word_1_315' title='bbox 1109 4115 1154 4165; x_wconf 86' lang='lat' dir='ltr'><strong>the</strong></span> <span class='ocrx_word' id='word_1_316' title='bbox 1172 4118 1261 4166; x_wconf 87' lang='lat' dir='ltr'><strong>return</strong></span> <span class='ocrx_word' id='word_1_317' title='bbox 1278 4119 1308 4168; x_wconf 83' lang='lat' dir='ltr'><strong>oi</strong></span> 
     </span>
     <span class='ocr_line' id='line_1_36' title="bbox 201 4180 1305 4245; baseline 0.004 -15"><span class='ocrx_word' id='word_1_318' title='bbox 201 4181 317 4232; x_wconf 87' lang='lat' dir='ltr'><strong>Blunder</strong></span> <span class='ocrx_word' id='word_1_319' title='bbox 339 4181 436 4232; x_wconf 87' lang='lat' dir='ltr'><strong>ducto</strong></span> <span class='ocrx_word' id='word_1_320' title='bbox 457 4182 503 4232; x_wconf 87' lang='lat' dir='ltr'><strong>the</strong></span> <span class='ocrx_word' id='word_1_321' title='bbox 522 4181 622 4245; x_wconf 78' lang='lat' dir='ltr'><strong>copyist</strong></span> <span class='ocrx_word' id='word_1_322' title='bbox 641 4180 727 4231; x_wconf 81' lang='lat' dir='ltr'><strong>whose</strong></span> <span class='ocrx_word' id='word_1_323' title='bbox 778 4181 857 4242; x_wconf 81' lang='lat' dir='ltr'><strong>write,</strong></span> <span class='ocrx_word' id='word_1_324' title='bbox 880 4195 908 4230; x_wconf 80' lang='lat' dir='ltr'><strong>so</strong></span> <span class='ocrx_word' id='word_1_325' title='bbox 928 4181 986 4230; x_wconf 77' lang='lat' dir='ltr'><strong>thet</strong></span> <span class='ocrx_word' id='word_1_326' title='bbox 1007 4181 1052 4230; x_wconf 88' lang='lat' dir='ltr'><strong>the</strong></span> <span class='ocrx_word' id='word_1_327' title='bbox 1072 4184 1141 4230; x_wconf 85' lang='lat' dir='ltr'><strong>town</strong></span> <span class='ocrx_word' id='word_1_328' title='bbox 1161 4181 1184 4232; x_wconf 79' lang='lat' dir='ltr'><strong>is</strong></span> <span class='ocrx_word' id='word_1_329' title='bbox 1204 4182 1305 4234; x_wconf 80' lang='lat' dir='ltr'><strong>onteide</strong></span> 
     </span>
     <span class='ocr_line' id='line_1_37' title="bbox 201 4245 1127 4311; baseline 0 -15"><span class='ocrx_word' id='word_1_330' title='bbox 201 4261 246 4311; x_wconf 84' lang='lat' dir='ltr'><strong>eye</strong></span> <span class='ocrx_word' id='word_1_331' title='bbox 257 4247 279 4296; x_wconf 79' lang='lat' dir='ltr'><strong>is</strong></span> <span class='ocrx_word' id='word_1_332' title='bbox 291 4247 385 4309; x_wconf 73' lang='lat' dir='ltr'><strong>caught</strong></span> <span class='ocrx_word' id='word_1_333' title='bbox 394 4247 427 4309; x_wconf 85' lang='lat' dir='ltr'><strong>by</strong></span> <span class='ocrx_word' id='word_1_334' title='bbox 438 4246 548 4297; x_wconf 78' lang='lat' dir='ltr'><strong>another</strong></span> <span class='ocrx_word' id='word_1_335' title='bbox 559 4261 617 4298; x_wconf 79' lang='lat' dir='ltr'><strong>cnse</strong></span> <span class='ocrx_word' id='word_1_336' title='bbox 633 4261 667 4296; x_wconf 90' lang='lat' dir='ltr'><strong>on</strong></span> <span class='ocrx_word' id='word_1_337' title='bbox 682 4245 728 4296; x_wconf 89' lang='lat' dir='ltr'><strong>the</strong></span> <span class='ocrx_word' id='word_1_338' title='bbox 778 4245 822 4295; x_wconf 87' lang='lat' dir='ltr'><strong>the</strong></span> <span class='ocrx_word' id='word_1_339' title='bbox 834 4245 944 4296; x_wconf 79' lang='lat' dir='ltr'><strong>cherifl&#39;s</strong></span> <span class='ocrx_word' id='word_1_340' title='bbox 955 4245 1127 4309; x_wconf 77' lang='lat' dir='ltr'><strong>J&#39;urisdiction.</strong></span> 
     </span>
     <span class='ocr_line' id='line_1_38' title="bbox 202 4310 1305 4425; baseline 0.001 -62"><span class='ocrx_word' id='word_1_341' title='bbox 202 4327 273 4363; x_wconf 74' lang='lat' dir='ltr'><strong>sume</strong></span> <span class='ocrx_word' id='word_1_342' title='bbox 284 4313 433 4362; x_wconf 75' lang='lat' dir='ltr'><strong>membrano</strong></span> <span class='ocrx_word' id='word_1_343' title='bbox 443 4313 473 4362; x_wconf 82' lang='lat' dir='ltr'><strong>of</strong></span> <span class='ocrx_word' id='word_1_344' title='bbox 481 4313 510 4364; x_wconf 79' lang='lat' dir='ltr'><strong>A.</strong></span> <span class='ocrx_word' id='word_1_345' title='bbox 811 4310 966 4425; x_wconf 57' lang='lat' dir='ltr'><strong>“Gaugido</strong></span> <span class='ocrx_word' id='word_1_346' title='bbox 978 4311 1067 4361; x_wconf 80' lang='lat' dir='ltr'><strong>struck</strong></span> <span class='ocrx_word' id='word_1_347' title='bbox 1078 4315 1124 4362; x_wconf 83' lang='lat' dir='ltr'><strong>out</strong></span> <span class='ocrx_word' id='word_1_348' title='bbox 1135 4311 1165 4361; x_wconf 90' lang='lat' dir='ltr'><strong>in</strong></span> <span class='ocrx_word' id='word_1_349' title='bbox 1176 4311 1207 4362; x_wconf 88' lang='grc' dir='ltr'><strong>Β.</strong></span> <span class='ocrx_word' id='word_1_350' title='bbox 1230 4312 1305 4364; x_wconf 72' lang='lat' dir='ltr'><strong>(icol-</strong></span> 
     </span>
     <span class='ocr_line' id='line_1_39' title="bbox 233 4375 1305 4442; baseline 0.001 -15"><span class='ocrx_word' id='word_1_351' title='bbox 233 4377 331 4428; x_wconf 63' lang='grc' dir='ltr'><strong>3(ἓοιι.</strong></span> <span class='ocrx_word' id='word_1_352' title='bbox 361 4379 524 4438; x_wconf 81' lang='lat' dir='ltr'><strong>Berncwelln,</strong></span> <span class='ocrx_word' id='word_1_353' title='bbox 555 4377 585 4425; x_wconf 81' lang='lat' dir='ltr'><strong>A.</strong></span> <span class='ocrx_word' id='word_1_354' title='bbox 605 4377 635 4426; x_wconf 93' lang='lat' dir='ltr'><strong>B.</strong></span> <span class='ocrx_word' id='word_1_355' title='bbox 676 4376 727 4426; x_wconf 82' lang='lat' dir='ltr'><strong>Not</strong></span> <span class='ocrx_word' id='word_1_356' title='bbox 779 4375 834 4438; x_wconf 83' lang='lat' dir='ltr'><strong>lrey</strong></span> <span class='ocrx_word' id='word_1_357' title='bbox 849 4376 880 4426; x_wconf 90' lang='lat' dir='ltr'><strong>de</strong></span> <span class='ocrx_word' id='word_1_358' title='bbox 919 4375 985 4436; x_wconf 75' lang='lat' dir='ltr'><strong>urgh</strong></span> <span class='ocrx_word' id='word_1_359' title='bbox 1002 4376 1098 4426; x_wconf 88' lang='lat' dir='ltr'><strong>elected</strong></span> <span class='ocrx_word' id='word_1_360' title='bbox 1115 4376 1143 4426; x_wconf 87' lang='lat' dir='ltr'><strong>in</strong></span> <span class='ocrx_word' id='word_1_361' title='bbox 1160 4377 1230 4442; x_wconf 77' lang='lat' dir='ltr'><strong>Moy,</strong></span> <span class='ocrx_word' id='word_1_362' title='bbox 1246 4393 1305 4430; x_wconf 92' lang='lat' dir='ltr'><strong>con-</strong></span> 
     </span>
     <span class='ocr_line' id='line_1_40' title="bbox 202 4441 1107 4506; baseline -0.001 -13"><span class='ocrx_word' id='word_1_363' title='bbox 202 4443 323 4506; x_wconf 78' lang='lat' dir='ltr'><strong>Bcverley</strong></span> <span class='ocrx_word' id='word_1_364' title='bbox 344 4443 390 4493; x_wconf 87' lang='lat' dir='ltr'><strong>bnt</strong></span> <span class='ocrx_word' id='word_1_365' title='bbox 413 4443 541 4493; x_wconf 81' lang='lat' dir='ltr'><strong>Bnmwell</strong></span> <span class='ocrx_word' id='word_1_366' title='bbox 564 4457 627 4494; x_wconf 79' lang='lat' dir='ltr'><strong>neor</strong></span> <span class='ocrx_word' id='word_1_367' title='bbox 654 4442 726 4493; x_wconf 75' lang='lat' dir='ltr'><strong>cnm-</strong></span> <span class='ocrx_word' id='word_1_368' title='bbox 779 4441 1107 4501; x_wconf 75' lang='lat' dir='ltr'><strong>secrctedinlune,1225.</strong></span> 
     </span>
     <span class='ocr_line' id='line_1_41' title="bbox 202 4505 1142 4574; baseline -0.001 -14"><span class='ocrx_word' id='word_1_369' title='bbox 202 4507 297 4574; x_wconf 78' lang='lat' dir='ltr'><strong>bridge.</strong></span> <span class='ocrx_word' id='word_1_370' title='bbox 812 4505 822 4538; x_wconf 77' lang='lat'><strong>⁰</strong></span> <span class='ocrx_word' id='word_1_371' title='bbox 839 4507 869 4558; x_wconf 76' lang='lat' dir='ltr'><strong>A.</strong></span> <span class='ocrx_word' id='word_1_372' title='bbox 882 4521 917 4555; x_wconf 88' lang='lat' dir='ltr'><strong>m.</strong></span> <span class='ocrx_word' id='word_1_373' title='bbox 930 4505 982 4568; x_wconf 84' lang='lat' dir='ltr'><strong>8d;</strong></span> <span class='ocrx_word' id='word_1_374' title='bbox 1002 4507 1032 4556; x_wconf 90' lang='lat' dir='ltr'><strong>B.</strong></span> <span class='ocrx_word' id='word_1_375' title='bbox 1046 4523 1079 4557; x_wconf 91' lang='lat' dir='ltr'><strong>m.</strong></span> <span class='ocrx_word' id='word_1_376' title='bbox 1095 4506 1142 4560; x_wconf 76' lang='lat' dir='ltr'><strong>td.</strong></span> 
     </span>
    </p>
   </div>
   <div class='ocr_carea' id='block_1_9' title="bbox 0 0 1684 5236">
    <p class='ocr_par' dir='ltr' id='par_1_10' title="bbox 0 0 1684 5236">
     <span class='ocr_line' id='line_1_42' title="bbox 0 0 1684 5236; baseline 0 0"><span class='ocrx_word' id='word_1_377' title='bbox 0 0 1684 5236; x_wconf 95' lang='lat' dir='ltr'><strong> </strong></span> 
     </span>
    </p>
   </div>
  </div>
 </body>
</html>
