3276 5234
395 457 718 520 mensurasse.
744 451 836 524 1220,
859 467 920 514 an.
945 454 1037 516 4-5.
1206 455 1267 522 257

155 625 259 690 breue
275 626 317 692 de
333 635 419 692 recto
439 638 475 694 et
495 653 560 694 non
583 633 691 717 potuit
713 636 805 720 sequi
827 659 884 722 pro
907 637 1106 717 infirmitate,
1120 649 1170 706 set
1185 643 1267 707 bene

154 726 307 792 defendit
336 730 422 815 quod
458 754 627 818 nunqnam
656 736 765 820 posuit
794 759 829 802 se
859 738 1023 806 Walterus
1052 741 1087 806 in
1116 765 1267 830 maguam
1347 824 1351 832 1

154 831 316 909 assisiam,
337 857 396 899 nec
417 836 519 901 assisa
541 840 739 904 summonita
767 842 830 907 fuit
859 865 919 908 nec
948 867 1054 912 coram
1083 846 1268 912 iusticiariis

154 934 315 1000 defaltam
331 937 407 1002 fecit
428 947 463 1004 et
484 939 560 1004 inde
581 942 673 1027 ponit
695 965 730 1008 se
751 968 848 1031 super
868 946 1069 1016 iusticiarios.
1114 951 1157 1015 Et
1179 951 1266 1016 Wal-

156 1045 248 1104 terus
270 1040 431 1108 similiter.
476 1044 656 1110 Justiciarii
680 1047 888 1114 recordantur
911 1049 997 1135 qnod
1020 1050 1184 1118 Walterus
1210 1076 1264 1140 po-

153 1151 266 1205 suerat
289 1164 325 1206 se
347 1143 381 1206 in
404 1167 557 1231 magnam
579 1146 712 1212 assisam
734 1148 819 1214 sicut
840 1149 927 1214 idem
945 1150 1109 1218 Walterus
1131 1153 1211 1218 dicit
1231 1163 1265 1220 et

153 1245 243 1329 qnod
258 1245 315 1330 xij.
330 1249 522 1312 summoniti
537 1250 678 1328 fuerunt,
693 1261 728 1316 et
743 1252 840 1318 datus
855 1255 919 1319 fuit
934 1255 1003 1321 dies
1017 1257 1165 1343 partibus
1184 1268 1265 1345 aput

154 1347 412 1436 Cantebrigiem
428 1359 463 1414 et
479 1359 558 1416 tunc
572 1375 637 1416 non
654 1353 748 1418 uenit
767 1356 934 1422 lohannes
954 1381 1014 1424 nec
1035 1382 1070 1424 se
1091 1361 1265 1426 essoniauit

152 1452 242 1517 unde
264 1453 505 1519 consideratum
530 1456 594 1520 fuit
615 1479 721 1522 coram
740 1459 788 1524 eis
812 1461 897 1545 quod
919 1461 1083 1527 Walterus
1104 1463 1167 1528 iret
1189 1464 1264 1530 inde

151 1555 223 1620 sine
246 1555 302 1620 die
326 1565 361 1620 et
384 1558 524 1643 quietus
548 1567 582 1623 et
606 1560 773 1626 Johannes
797 1561 831 1626 in
855 1563 1077 1631 misericordia
1122 1567 1167 1630 Et
1191 1567 1264 1632 ideo

151 1659 394 1724 consideratum
415 1671 465 1726 est
489 1661 575 1747 quod
598 1662 763 1728 Walterus
783 1673 818 1728 et
841 1665 975 1732 heredes
997 1669 1048 1732 sui
1072 1677 1205 1738 teneant
1229 1671 1262 1735 in

151 1784 231 1847 pace
247 1762 491 1848 inperpetuum,
506 1773 541 1828 et
555 1764 722 1830 Johennes
737 1767 857 1832 iterum
872 1769 906 1832 in
922 1769 1144 1838 misericordia

42 1867 106 1931 30&
216 1863 349 1930 ¹Assisa
368 1866 461 1930 uenit
483 1867 688 1953 recognitum
710 1878 821 1934 utrum
842 1893 944 1936 unum
968 1873 1169 1960 mesuagium
1188 1897 1261 1940 cum
1338 1902 1375 1942 rna

148 1979 231 2055 pert.
248 1970 285 2033 in
302 1969 533 2036 Scaudelordia
554 1971 598 2036 sit
620 1972 721 2037 libera
735 1973 910 2038 elemosina
924 1976 1089 2061 pertinens
1106 1977 1148 2042 ad
1163 1979 1261 2042 eccle-

148 2075 231 2138 siam
251 2072 257 2158 Ι
278 2073 399 2138 Prioris
413 2075 454 2139 de
470 2075 620 2140 Dauintr'
634 2075 675 2140 de
691 2077 919 2143 Scandefordia
933 2101 975 2143 an
991 2078 1116 2165 laycum
1133 2081 1262 2146 feodum

148 2179 289 2244 Roberti
313 2179 343 2244 le
364 2179 514 2264 Butyller
528 2179 585 2264 qui
606 2179 699 2243 uenit
721 2189 756 2244 et
770 2180 851 2245 dicit
866 2181 951 2267 quod
965 2182 1065 2248 assisa
1084 2205 1149 2248 non
1164 2183 1262 2250 debet

148 2281 224 2347 iude
247 2283 321 2346 fieri
342 2281 420 2367 quia
441 2280 481 2346 de
504 2281 616 2346 eodem
637 2283 803 2368 mesuagio
825 2285 1013 2350 arramiauit
1033 2285 1145 2351 eodem
1168 2289 1262 2354 modo

149 2387 286 2450 assisam
303 2385 479 2472 Gregorius
500 2385 541 2450 de
557 2386 711 2452 Cressone
732 2386 792 2472 qui·
808 2396 858 2451 est
874 2409 1009 2472 persona
1022 2388 1110 2454 illius
1130 2393 1260 2457 ecclesie

148 2489 190 2554 ad
212 2490 510 2577 recognoscendum
533 2498 644 2554 utrum
666 2490 709 2554 sit
732 2491 848 2555 liberat
871 2491 1076 2558 elemosinat¹
1095 2496 1261 2580 pertinens

147 2595 189 2661 ad
200 2596 375 2661 ecclesiam
390 2618 482 2660 suam
497 2595 537 2660 de
554 2595 789 2673 Scandefordia,
801 2596 854 2660 uel
870 2596 996 2683 laycum
1012 2598 1141 2664 feodum
1156 2623 1259 2678 suurn,

147 2712 181 2764 et
203 2701 294 2786 petit
314 2700 473 2766 iudicium
496 2701 523 2766 si
543 2700 660 2766 debeat
682 2700 722 2766 de
745 2723 812 2766 una
832 2709 867 2766 et
889 2701 1002 2766 eadem
1024 2709 1111 2768 terra
1131 2703 1173 2770 ad
1194 2704 1259 2769 duo

145 2805 263 2870 breuia
277 2804 320 2869 de
335 2804 437 2869 assisa
450 2805 649 2891 respondere,
663 2804 790 2870 desicut
810 2804 896 2870 idem
917 2805 1008 2869 Prior
1026 2829 1090 2870 non
1111 2816 1161 2872 est
1182 2807 1258 2872 inde

146 2931 288 2994 persona
310 2918 346 2974 et
368 2909 445 2973 licet
465 2917 550 2974 esset
571 2909 647 2974 inde
667 2909 844 2974 aduocatns
863 2932 928 2974 non
948 2918 1059 2974 tamen
1079 2911 1211 2978 uidetur
1227 2913 1258 2976 ei

146 3013 235 3099 quod
250 3013 361 3078 eidem
377 3013 479 3077 Priori
494 3013 627 3079 deberet
641 3013 716 3079 inde
732 3012 947 3099 respondere³.

212 3122 259 3186 Et
280 3121 374 3186 Prior
393 3121 474 3186 dicit
493 3121 579 3208 quod
599 3121 668 3207 ipse
683 3130 733 3186 est
747 3121 823 3186 inde
839 3143 974 3206 persona
988 3123 1168 3208 percipiens
1182 3123 1257 3189 inde

146 3225 320 3290 annuatim
335 3225 467 3290 nomine
482 3226 643 3312 pensionis
658 3227 785 3302 ansol,
800 3234 834 3290 et
850 3227 1023 3313 Gregorius
1039 3249 1103 3292 non
1118 3237 1167 3292 est
1182 3227 1257 3293 inde

148 3330 210 3394 nisi
225 3329 391 3394 firmarius
404 3351 491 3396 suus
652 3321 653 3325 ¹

214 3433 260 3496 Et
282 3433 447 3498 Robertus
469 3433 548 3498 dicit
571 3434 656 3520 qnod
679 3435 769 3498 Prior
788 3456 852 3499 nou
873 3443 923 3500 est
943 3434 1017 3500 inde
1033 3458 1168 3521 persona
1182 3438 1259 3523 quia

148 3537 319 3624 episcopus
330 3537 471 3602 contulit
482 3537 648 3602 ecclesiam
659 3537 747 3602 illam
760 3537 904 3623 predicto
917 3539 1070 3625 Gregorio
1082 3541 1257 3606 autoritate

149 3641 380 3706 lateranensis
409 3641 534 3706 consilii
561 3664 620 3727 pro
643 3643 849 3706 contentione
872 3665 935 3728 que
958 3643 1021 3708 fuit
1043 3643 1257 3730 interipsum

147 3743 331 3808 Robertum
347 3751 381 3807 et
396 3743 578 3829 predictum
593 3743 744 3822 Priorem,
759 3751 793 3808 et
808 3743 888 3808 dicit
908 3744 993 3830 quod
1014 3745 1041 3810 si
1061 3745 1148 3810 idem
1168 3747 1258 3812 Prior

145 3849 316 3912 amitteret
330 3870 389 3934 per
403 3847 534 3912 assisam
552 3847 613 3912 hoc
633 3871 696 3912 non
716 3855 801 3913 esset
821 3847 938 3914 stabile
961 3872 1062 3935 quum
1083 3851 1257 3939 Gregorius

145 3951 268 4016 iterum
291 3973 368 4014 eum
390 3958 499 4036 posset
520 3949 717 4035 inplacitare.
763 3950 842 4015 Dies
861 3949 958 4015 datus
978 3961 1028 4015 est
1043 3951 1138 4017 eisin
1153 3955 1254 4018 octab.
1357 4039 1358 4045 ἵ

146 4054 180 4122 S.
195 4053 298 4120 Mich.
318 4061 400 4140 aput
420 4053 745 4120 westmonasterium
766 4053 806 4119 de
826 4054 987 4120 audiendo
1007 4055 1126 4120 iudicio
1148 4078 1206 4122 suo
1228 4058 1256 4124 si

178 4275 348 4336 1A.m.21;
364 4277 508 4329 amon
728 4277 796 4327 lora
811 4277 890 4328 vicar.
924 4277 976 4327 But
994 4277 1067 4328 thera
1084 4293 1136 4328 uss
1152 4283 1252 4329 contro-

176 4341 189 4372 ²
206 4342 280 4393 Gorr.
297 4344 376 4393 litera
387 4345 526 4394 clenodia
727 4357 801 4406 versy
809 4342 888 4394 about
897 4342 941 4392 the
953 4343 1034 4393 limits
1042 4345 1070 4394 ol
1079 4343 1134 4394 this
1142 4345 1253 4406 remedy.

176 4407 264 4457 ⁸'I'he
286 4407 371 4457 sssizs
392 4410 481 4458 Utrum
497 4407 520 4456 is
542 4407 677 4470 sremedy
727 4407 770 4457 Br.
784 4407 801 4460 l.
816 4408 896 4459 esth.

143 4473 186 4524 lor
197 4487 214 4522 a
226 4477 318 4530 rector,
330 4477 378 4522 not
388 4473 428 4524 lor
439 4475 559 4534 apstron
569 4473 622 4524 aad
630 4477 676 4524 not

233 4589 267 4635 n
651 4581 653 4586 ’
1126 4574 1166 4640 17
