3308 5226
442 348 763 418 arcessimus).
788 342 881 418 1224,
903 355 965 406 ss.
989 344 1083 406 8-9,
1251 341 1313 404 691

207 526 314 593 eidem
338 526 510 602 'Willelmo
539 535 599 594 etc
644 528 689 594 Et
718 549 816 614 super
844 527 904 593 hoc
932 526 1025 592 uenit
1050 526 1100 592 W.
1125 526 1315 594 Exoniensis

207 629 388 716 Episcopus
421 638 457 696 et
490 630 573 696 dicit
607 629 694 716 quod
723 637 869 716 tempore
898 651 962 715 quo
991 628 1090 694 assisa
1117 635 1214 716 cepta
1239 628 1315 706 fuit,

205 733 401 821 'Episcopus
422 734 537 801 Simon
557 741 705 800 mortuus
726 742 762 801 et
782 755 882 820 super
901 733 1009 820 ipsum
1032 740 1197 798 mortuum
1219 737 1314 819 cepe-I

204 846 284 904 runt
297 838 431 905 assisam
445 839 536 904 illam
550 846 586 904 et
600 838 686 924 petit
700 837 803 904 talem
816 835 968 902 seisinam
986 836 1117 923 qualem
1134 836 1314 923 Episcopus

205 941 452 1008 Simon'habuit
466 941 519 1007 die
534 961 599 1028 quc
616 939 721 1006 obiit'.
766 940 812 1005 Et
831 939 970 1026 predicti
990 939 1161 1006 iusticiarii
1182 943 1313 1027 cognos-

204 1051 286 1110 cunt
306 1042 394 1130 quod
416 1043 595 1130 Episcopus
617 1042 732 1110 Simon
753 1050 833 1108 tunc
854 1045 1011 1108 mortuus'
1022 1041 1095 1119 fuit,
1107 1049 1161 1109 set
1175 1049 1312 1128 putaue-

204 1154 283 1214 runt
296 1146 380 1214 bene
395 1145 481 1232 quod
494 1167 594 1232 super
607 1167 683 1212 eum
698 1145 776 1212 lieet
789 1149 937 1212 mortuus
950 1153 1037 1212 esst
1050 1146 1185 1214 assisam
1199 1164 1312 1232 capere

203 1258 343 1336 possent.
398 1251 444 1316 Et
469 1249 587 1316 dieunt
616 1249 704 1336 quod
732 1257 959 1316 tenementum
982 1250 1067 1316 illud
1088 1273 1177 1318 nunc
1201 1259 1252 1316 cst
1273 1250 1314 1316 in·

201 1375 303 1442 manu
324 1353 419 1420 Dom.
434 1353 535 1441 Regis
553 1375 611 1440 pro
630 1354 710 1440 biga
720 1352 881 1420 Willslmi
894 1353 936 1420 ds
949 1353 1026 1432 Ros,
1040 1361 1076 1420 ot
1092 1353 1208 1420 dicunt
1226 1352 1313 1439 quod

203 1457 332 1544 quando
353 1457 453 1524 breue
474 1457 569 1522 Dom.
591 1456 693 1544 Regis
713 1457 808 1523 uenit
829 1457 872 1524 sd
891 1479 948 1524 eos
968 1457 1010 1524 ds
1033 1457 1135 1524 seius
1150 1455 1313 1544 'capienda

203 1561 369 1647 predictus
390 1561 569 1648 Episcopus
590 1560 706 1628 Simon
727 1567 876 1626 mortuus
894 1561 960 1626 fuit
973 1568 1024 1626 set
1039 1560 1117 1647 quia
1130 1560 1223 1626 Dom.
1238 1559 1312 1626 Reu⁴

203 1663 327 1730 nnllam
346 1663 551 1730 mencionem
572 1663 651 1730 fecit
672 1663 713 1730 de
732 1662 878 1729 mortoo⁸
896 1663 932 1729 in
947 1664 1040 1730 breui
1053 1687 1113 1730 suo
1126 1663 1201 1731 ideo
1214 1671 1311 1751 puta.

204 1773 324 1832 uerunt
338 1765 425 1853 quod
439 1765 522 1832 bene
536 1773 669 1852 possent
682 1765 817 1832 assimm
828 1787 945 1853 capere
950 1765 970 1834 ⁴.

145 1927 153 1944 ,
268 1869 470 1935 ‘Willelmus
498 1869 540 1936 dc
568 1871 739 1936 Haultona
767 1870 854 1957 petit
882 1891 996 1936 uersus
1024 1869 1133 1936 Adam
1160 1870 1311 1936 Bertram
1334 1877 1459 1920 seems

204 1975 291 2061 quod
311 1975 411 2041 faciat
432 1976 464 2041 ei
485 1973 735 2040 consuetudines
757 1979 792 2040 et
813 1981 903 2040 recta
923 1973 1062 2040 seruicia
1081 1996 1146 2061 que
1161 1973 1193 2040 ei
1206 1974 1310 2040 iacere

203 2079 305 2144 debet
317 2079 359 2145 de
373 2079 475 2146 libero
488 2086 678 2144 tenemento
691 2099 752 2143 suo
765 2077 853 2164 quod
873 2077 915 2143 de
936 2099 976 2142 eo
996 2085 1091 2144 tenet
1111 2078 1147 2144 in
1168 2077 1311 2144 within-

204 2189 282 2248 tona
296 2190 356 2250 etc.
371 2183 459 2248 unde
473 2182 561 2248 idem
576 2182 761 2248 Willelmus
776 2181 857 2247 dicit
877 2181 964 2268 quod
984 2181 1073 2248 idem
1091 2182 1198 2248 Adam
1218 2190 1314 2248 tenet

203 2285 245 2352 de
260 2307 298 2351 eo
312 2286 387 2372 xvij.
403 2286 511 2352 bouet
527 2294 614 2351 terre
628 2307 710 2372 quas
723 2285 837 2352 uillani
854 2293 970 2350 tenent
989 2285 1030 2350 ds
1049 2285 1163 2352 eodem
1182 2286 1258 2352 Ada
1276 2286 1311 2350 in

204 2390 405 2478 uilenagium
417 2398 452 2456 et
462 2390 562 2458 debet
574 2391 605 2456 ei
615 2389 692 2456 inde
706 2411 902 2476 perannum
911 2389 936 2475 j.
951 2411 1101 2468 mamam,
1116 2397 1151 2455 et
1164 2397 1314 2475 preterea

204 2493 245 2558 de
274 2492 420 2579 quelibet
449 2492 545 2560 domo
573 2492 615 2559 de
636 2492 784 2580 predicta
805 2501 892 2558 terra
913 2491 971 2558 ubi
992 2492 1102 2558 fumus
1123 2491 1191 2558 exit
1213 2491 1314 2560 debet

204 2595 352 2662 inuenire
376 2596 401 2682 j.
431 2618 579 2662 curucam
608 2597 651 2662 ad
679 2596 838 2662 arandum
867 2618 926 2682 per
948 2596 973 2684 j.
1003 2596 1092 2662 diem
1113 2596 1144 2662 si
1163 2599 1312 2662 carneam

203 2700 356 2766 habuerit
376 2701 427 2767 sin
449 2701 562 2766 autem
582 2701 625 2766 de
646 2701 707 2766 hoc
729 2700 816 2787 quod
837 2699 1006 2766 habuerit⁸
1020 2708 1055 2765 et
1068 2699 1216 2765 inuenire
1230 2699 1312 2764 duos

203 2803 351 2870 homines
371 2805 407 2870 in
428 2813 612 2891 autumpno
632 2805 675 2870 sd
696 2805 831 2870 bladum
853 2805 1043 2870 metendum
1059 2814 1093 2870 et
1107 2803 1255 2869 inuenire
1269 2801 1314 2868 de·

203 2907 349 2994 qualibet
370 2908 465 2974 domo
484 2931 587 2974 unum
605 2908 772 2972 hominem
791 2908 833 2973 ad
853 2908 1069 2994 reparandum
1087 2907 1314 2974 molendinum
1404 2953 1407 2976 .

202 3035 298 3078 suum
312 3011 355 3079 ad
374 3013 483 3079 cibum
504 3013 650 3078 eiusdem
667 3012 825 3080 Willelmi
844 3012 947 3078 semel
966 3013 1003 3079 in
1023 3013 1077 3078 die
1099 3013 1140 3079 de
1160 3012 1311 3079 omnibus

203 3116 268 3182 illis
289 3116 579 3183 consuetudinibus
601 3123 737 3202 excepto
765 3115 951 3180 molendino
979 3125 1014 3181 et
1042 3124 1191 3202 preterea
1217 3115 1310 3201 sequi

204 3218 240 3284 in
253 3217 418 3285 communi
431 3219 654 3285 molendinum
667 3240 765 3284 suum
780 3217 822 3282 ad
837 3217 904 3304 xiij.
919 3218 1097 3296 tolfatum⁷,
1111 3225 1146 3284 et
1162 3225 1311 3305 preterea

204 3321 334 3410 quando
352 3324 513 3409 placuerit
529 3323 623 3388 Dcm
639 3323 725 3410 Regi
738 3322 878 3388 tailliars
892 3322 1001 3408 ipsum
1015 3322 1226 3400 Willelmum,
1239 3321 1310 3408 ipss

204 3435 314 3514 potest
335 3427 463 3493 talliam
485 3427 593 3514 ipsum
616 3426 724 3492 Adam
749 3425 989 3492 racionabiliter
1015 3425 1194 3491 secundum
1223 3423 1309 3510 quod

205 3531 383 3617 pertinebit
402 3530 447 3596 ad
467 3529 630 3617 predictas
643 3529 719 3616 xvij.
735 3529 844 3596 bouet
861 3537 956 3606 terre,
971 3536 1006 3595 et
1019 3537 1168 3614 preterea
1181 3527 1310 3615 quando

205 3658 264 3723 per
284 3643 475 3722 preceptum
495 3635 589 3700 Dom
612 3633 713 3720 Regis
735 3633 869 3700 debebit
889 3633 978 3698 idem
1000 3633 1182 3698 Willelmus
1201 3632 1248 3696 ire
1267 3631 1309 3697 ad

205 3739 397 3804 comitatum
404 3735 720 3824 apudWerokwrthe
728 3736 799 3802 siue
808 3735 943 3802 Nouum
953 3735 1104 3802 Oastmm
1112 3734 1309 3802 idemAdam

205 3841 353 3908 inueniet
373 3840 407 3906 ei
427 3840 508 3906 duas
529 3847 640 3926 partes
660 3839 746 3906 ousti
766 3839 864 3906 unius
885 3838 1037 3925 armigeri
1058 3837 1101 3904 ad
1125 3837 1310 3904 hmnesium

238 3993 249 4027 ¹
266 3993 366 4058 Supply
376 3993 487 4044 another
495 3995 561 4057 fuit,
575 3992 604 4042 Δ.
785 3993 926 4055 Episcopus
936 3991 1097 4054 recuperauit
1107 3990 1226 4039 asianam
1239 4001 1311 4038 mam

239 4058 315 4124 ¹Bp.
338 4059 430 4110 Simon
450 4059 488 4135 ol·
505 4055 599 4134 apulis
621 4055 680 4110 died
707 4055 736 4108 in
785 4065 833 4154 ete.
844 4057 984 4108 salaciora
995 4055 1137 4106 numlibet.

207 4122 675 4317 ἐᾜέὲἳέἑὲᾞῢᾞῗῃω
683 4136 736 4172 m
786 4120 1115 4302 A⁸B⁴dl1i1lly⁷lssslebldie
1133 4199 1180 4247 per
1196 4183 1220 4246 j.
1238 4155 1311 4242 diens,

240 4319 298 4380 ⁴A‚
314 4319 338 4368 B
352 4317 405 4369 add
421 4319 513 4369 Postea
531 4325 736 4382 perprecspmm
818 4315 982 4375 veiens

209 4385 281 4434 Dom.
304 4385 382 4448 ΙίιρίεΙ
402 4385 586 4436 consideratam
607 4391 643 4434 eet
668 4384 736 4447 qaod

1120 4483 1226 4544 44—9.
