3314 5238
337 411 401 474 490
547 427 868 506 nonantulana
895 413 988 487 1231,
1010 427 1074 477 sn„
1099 416 1234 480 15-16,

336 609 375 666 ut
389 601 440 666 ius
460 624 555 666 suum
577 600 664 666 unde
680 601 812 688 quidem
835 601 998 667 Robertus
1012 602 1113 668 frater
1134 625 1212 668 snus
1227 605 1292 669 fuit
1313 603 1446 669 seiaitus

335 703 370 767 in
385 703 545 769 dominico
559 725 618 768 suo
632 711 671 768 ut
685 702 726 768 de
742 702 834 768 feodo
848 712 883 768 et
897 703 968 768 iure
983 713 1128 790 tempore
1140 705 1239 794 Regis
1254 707 1284 772 J.
1297 715 1445 792 tempore

337 807 426 893 pacis
448 807 603 894 capiendo
626 815 697 884 etc,
711 814 746 872 et
768 808 809 872 de
831 807 977 893 predicto
997 807 1181 873 Willelm0¹
1203 807 1372 874 descendit
1394 809 1446 872 ius

336 919 420 976 terre
442 911 531 976 illius
552 911 608 976 isti
630 911 794 976 Willelmo
817 919 855 976 ut
879 911 972 976 fratri
994 919 1028 977 et
1054 912 1175 991 heredi,
1201 921 1236 978 et
1262 912 1348 998 quod
1371 933 1445 998 pre·

335 1013 442 1078 dictus
466 1014 628 1080 Robertus
651 1014 700 1080 ita
719 1015 783 1079 fuit
806 1014 936 1080 seisitus
960 1023 994 1080 et
1014 1015 1101 1102 quod
1121 1015 1187 1080 tale
1206 1015 1249 1080 sit
1271 1015 1322 1080 ius
1346 1037 1444 1080 suum

337 1117 431 1182 offert
446 1126 505 1182 etc.

403 1221 446 1286 Et
471 1221 587 1286 Petrus
616 1221 709 1286 uenit
738 1231 773 1286 et
801 1221 948 1287 defendit
978 1221 1029 1286 ius
1058 1244 1154 1288 suum
1184 1245 1271 1286 nunc
1300 1229 1335 1286 et
1364 1220 1445 1286 alim

336 1333 371 1389 et
393 1333 500 1392 totum
523 1335 557 1390 et
580 1325 660 1392 dicit
683 1326 768 1413 quod
792 1349 857 1392 non
880 1327 979 1392 debet
1003 1329 1035 1392 ei
1057 1329 1249 1414 respondere
1272 1327 1350 1414 quia
1371 1350 1444 1413 pre·

336 1427 443 1494 dictus
457 1429 619 1494 Robertus
639 1429 756 1494 habuit
771 1430 933 1516 quendam
949 1431 1083 1496 Petrum
1100 1433 1232 1497 fratrem
1250 1439 1445 1496 antenatum

336 1539 370 1595 et
390 1532 447 1617 qui
462 1532 525 1596 luit
545 1540 639 1618 pater
660 1533 797 1620 predicti
816 1533 906 1598 Petri
927 1533 1175 1614 Constabularii,
1191 1543 1226 1600 et
1245 1535 1371 1600 desicut
1394 1543 1446 1599 est

335 1635 422 1700 filius
436 1637 544 1701 fratris
558 1637 708 1702 antenati
721 1638 807 1723 petit
822 1637 979 1702 iudicium
994 1638 1022 1702 si
1037 1639 1155 1704 debeat
1170 1639 1202 1704 ei
1216 1638 1416 1725 respondere.

402 1742 445 1806 Et
468 1743 652 1808 Willelmus
674 1742 754 1808 dicit
776 1743 862 1829 quod
885 1743 945 1808 hoc
965 1765 1030 1808 non
1054 1743 1153 1808 debet
1176 1744 1208 1808 ei
1230 1765 1343 1808 nocere
1366 1743 1447 1829 quia

334 1846 499 1932 predictus
523 1848 639 1912 Petrus
659 1857 752 1934 pater
771 1848 874 1934 ipsius
896 1847 986 1912 Petri
1007 1847 1153 1912 leoffauit
1175 1849 1358 1935 predictum
1379 1849 1445 1912 Re

334 1952 464 2018 bertum
485 1953 616 2017 fratrem
639 1974 743 2029 suum,
764 1959 798 2016 et
820 1950 907 2016 unde
931 1951 1011 2017 dicit
1035 1951 1121 2038 quod
1143 1951 1212 2037 ipse
1236 1952 1353 2016 Petrus
1377 1974 1444 2016 non

335 2066 442 2144 potest
457 2079 526 2124 esse
540 2058 633 2122 heres
649 2065 683 2122 et
697 2057 848 2122 dominus
857 2056 876 2122 ⁸.

400 2163 444 2227 Et
459 2163 575 2228 Petrus
589 2163 669 2228 dicit
684 2163 770 2249 quod
785 2161 812 2226 si
827 2161 992 2248 predictus
1006 2161 1170 2226 Rcbertus
1180 2161 1229 2226 ita
1238 2161 1302 2225 fuit
1312 2159 1445 2225 seisitus
1526 2155 1529 2158 ’

334 2265 424 2352 ipse⁸
438 2266 538 2332 habet
553 2289 669 2353 pueros
683 2274 718 2331 et
733 2265 867 2330 heredes
887 2273 922 2330 et
942 2264 1028 2350 petit
1047 2263 1205 2329 iudicium
1228 2265 1256 2330 si
1271 2265 1358 2330 filius
1378 2265 1445 2352 pri-

335 2370 542 2458 mogenitus⁴
557 2371 600 2436 sit
615 2369 825 2456 propinquior
838 2369 931 2434 heres
946 2391 1044 2454 quam
1060 2367 1225 2454 predictus
1239 2369 1433 2436 Willelmua

400 2474 561 2538 Radulfus
574 2474 667 2539 Arsic
682 2473 899 2538 summonitus
913 2473 978 2536 fuit
993 2471 1035 2536 ad
1049 2473 1310 2558 respondendum
1325 2473 1446 2538 Briano

335 2577 376 2642 de
399 2577 512 2642 Insula
533 2600 632 2664 quare
658 2599 723 2642 non
752 2583 845 2641 tenet
873 2575 905 2640 ei
934 2575 1185 2642 eonueucionem
1211 2576 1330 2641 factam
1356 2577 1445 2642 inter

310 2714 311 2717 ¹
335 2681 443 2767 ipsum
467 2681 622 2746 Brianum
645 2689 679 2746 et
700 2680 875 2747 Osbertum
895 2680 1008 2745 Assio*
1030 2680 1161 2744 fratrem
1187 2679 1289 2767 ipsius
1311 2681 1444 2746 deulfi

336 2785 428 2850 cuius
457 2787 549 2851 heres
573 2787 641 2871 ipse
665 2793 716 2851 est
741 2785 782 2851 dc
806 2784 933 2851 duabus
963 2807 1064 2851 carue
1092 2794 1178 2879 terre
1204 2809 1278 2851 cum
1302 2795 1383 2872 pert
1409 2787 1445 2851 in

337 2889 446 2976 Oreby
469 2899 503 2954 et
533 2890 574 2954 xl.
605 2889 659 2954 sol.
690 2887 837 2954 redditus
865 2911 940 2953 cum
971 2896 1053 2974 pert.
1083 2889 1118 2953 in
1148 2888 1266 2966 Rasna
1293 2897 1328 2954 et
1357 2889 1445 2955 unde

335 2992 422 3057 idem
443 2993 582 3056 Brianus
601 2992 749 3078 queritur
763 2991 848 3077 quod
871 3013 946 3055 eum
969 2990 1057 3056 idem
1079 2991 1238 3056 Osbertus
1258 2992 1446 3058 tradidisset

333 3099 441 3168 'eidem
457 3103 575 3168 Briano
590 3101 769 3188 predictam
784 3109 903 3165 terram
919 3100 961 3166 ad
976 3099 1103 3166 firmam
1118 3101 1160 3166 ad
1176 3102 1353 3166 terminum
1368 3102 1445 3188 xxij.

335 3229 492 3272 annorum
508 3215 541 3271 et
557 3215 676 3271 terram
691 3207 781 3271 illam
797 3206 828 3272 ei
843 3205 1050 3272 warentizare
1062 3206 1195 3272 deberet
1210 3214 1323 3272 eontra
1333 3230 1445 3272 omnes

334 3319 449 3398 gentes
469 3333 571 3397 usque
592 3311 766 3376 terminum
785 3311 983 3397 completum
1005 3319 1040 3376 et
1059 3311 1088 3376 si
1108 3311 1139 3376 ei
1153 3311 1360 3376 warentizare
1378 3333 1445 3376 non

334 3422 442 3500 posset
471 3412 558 3500 quod
586 3414 618 3479 ei
647 3415 869 3478 warentizcret
898 3415 931 3479 in
968 3422 1055 3479 terra
1083 3436 1143 3478 sua
1171 3413 1212 3478 de
1243 3414 1327 3494 Tou,
1356 3414 1445 3480 idem

336 3516 493 3583 Osbertus
511 3518 610 3582 irater
629 3516 732 3603 ipsius
751 3516 881 3582 Radulfi
903 3516 1040 3582 tradidit
1062 3516 1240 3603 predictam
1260 3525 1380 3582 terram
1402 3517 1445 3584 de

334 3621 410 3685 Tou
431 3619 577 3686 Waltero
599 3619 639 3684 de
663 3620 855 3684 Euermuwe
881 3619 923 3685 ad
945 3619 1123 3684 terminum
1145 3643 1196 3686 xx.
1220 3643 1388 3700 annorum,
1410 3630 1446 3687 et

334 3734 483 3812 preterea
511 3725 597 3810 quod
615 3727 620 3810 1
641 3724 849 3812 distringitur
877 3747 935 3810 pro
961 3724 1091 3789 delectu
1116 3724 1219 3810 ipsius
1243 3724 1375 3790 Radulfi
1399 3725 1445 3791 ad

334 3829 534 3896 reddendum
563 3829 757 3916 capitalibus
787 3829 926 3894 dominis
956 3852 1006 3894 xx.
1034 3828 1099 3905 sol,
1127 3836 1163 3892 ct
1192 3837 1341 3914 preterea
1363 3829 1445 3894 dicit

335 3933 421 4020 quod
435 3934 533 3998 Anna
547 3955 610 4019 que
625 3932 689 3997 fuit
710 3955 791 3997 uxor
811 3931 942 3997 Osberti
962 3931 1048 4017 petit
1070 3930 1112 3996 ab
1134 3953 1172 3994 eo
1194 3938 1299 3996 totam
1321 3939 1444 3996 terram

334 4037 375 4101 de
390 4036 500 4121 Oreby
511 4043 549 4099 ut
564 4034 674 4100 dotem
689 4056 782 4099 suam
796 4033 1006 4110 nominatam,
1018 4040 1052 4097 et
1067 4031 1153 4118 petit
1165 4031 1252 4118 quod
1267 4033 1445 4098 conuencio

333 4140 391 4206 illa
415 4139 446 4205 ei
470 4147 621 4205 teneatur
648 4147 683 4204 et
706 4138 793 4225 quod
819 4137 1004 4205 warentizet
1026 4137 1057 4203 ei
1083 4137 1118 4202 in
1144 4145 1232 4203 terra
1252 4136 1294 4202 de
1319 4137 1445 4223 Orreby

365 4317 375 4350 ¹
392 4317 463 4366 Gerr.
475 4319 591 4368 lieberto.
941 4315 952 4347 ⁴
968 4315 1087 4366 Roberl'fl
1098 4330 1146 4366 ⁸0¹²
1159 4319 1190 4378 (t)

364 4382 619 4512 :ffibpaoppcm
631 4383 662 4433 61
674 4381 794 4436 andttl.
942 4381 994 4431 ‘et
1012 4383 1141 4432 osbertum
1151 4383 1226 4435 Arete
1238 4380 1388 4436 interlined.
