3314 5238
366 403 431 467 432
667 415 805 478 merus,
826 415 892 468 nn.
916 402 1010 480 1231,
1032 415 1095 468 nn
1120 405 1169 466 15.

364 583 474 650 dotem
499 581 541 648 de
566 583 699 650 «Iuliano
725 581 766 650 de
796 584 829 649 la
858 583 953 670 Hoye
983 583 1018 649 in
1048 584 1163 656 eadem
1191 583 1273 650 uilla
1301 583 1342 649 de
1372 583 1477 650 libem

363 695 552 754 tenemento
587 687 673 775 quod
707 688 874 775 predictus
908 689 1086 756 Mauricius
1121 689 1284 777 quondam
1315 689 1368 754 uir
1396 709 1478 754 suus

362 793 472 859 tenuit
486 793 521 858 in
536 792 674 858 liberum
690 793 908 881 maritagium.
954 794 998 860 Et
1013 794 1191 860 Petronilla
1204 794 1248 860 ad
1261 794 1363 860 alium
1385 793 1475 858 diem

362 896 456 962 uenit
481 905 516 962 et
542 896 674 962 uocauit
700 896 776 961 inde
806 896 848 962 ad
877 905 1058 964 warantum
1088 899 1272 986 predictum
1300 898 1476 964 «Iulianum

362 1000 451 1068 dela
470 1001 565 1087 Haye
586 1009 620 1068 et
640 1001 697 1088 qui
716 1024 804 1067 nunc
823 1003 917 1068 uenit
938 1011 973 1070 et
988 1003 1019 1068 ei
1034 1004 1224 1070 warentizet
1239 1004 1325 1070 sicut
1339 1004 1476 1069 boscum

362 1105 456 1170 illum
479 1127 577 1192 quem
603 1104 674 1191 ipsa
699 1111 792 1170 tenet
815 1105 850 1170 in
874 1105 984 1170 dotem
1010 1105 1126 1192 etqui
1151 1105 1194 1170 ad
1219 1105 1327 1192 ipsum
1350 1105 1478 1172 reuerti

362 1209 461 1276 debet
489 1218 563 1296 post
591 1218 730 1275 mortem
759 1209 862 1296 ipsius
891 1210 1067 1276 Petronille
1097 1219 1148 1276 set
1177 1209 1258 1276 dicit
1287 1211 1375 1297 quod
1402 1211 1477 1296 ipsa

362 1312 467 1400 magis
493 1313 594 1380 babet
619 1313 655 1378 in
680 1313 791 1378 dotem
817 1335 915 1400 quam
941 1313 983 1378 ad
1009 1315 1114 1400 ipsam
1140 1314 1285 1401 pertinet
1310 1313 1474 1392 habenda,

363 1423 397 1480 et
426 1413 513 1480 unde
542 1414 623 1480 dicit
654 1415 741 1502 quod
769 1437 834 1480 non
864 1414 962 1482 debet
992 1416 1200 1482 warentizare
1229 1416 1272 1482 od
1298 1415 1359 1482 hoc
1385 1415 1476 1502 quod

363 1526 515 1584 teneatur
541 1517 584 1582 ad
609 1516 809 1582 escambium
832 1517 861 1582 si
884 1517 955 1602 ipsa
981 1518 1159 1584 Petronilla
1181 1519 1329 1585 amiserit
1353 1541 1413 1606 pro
1435 1541 1479 1584 ea

362 1627 455 1707 parte
470 1643 536 1708 qua
549 1620 623 1706 plus
637 1620 738 1686 hebet
753 1643 852 1708 quam
867 1621 986 1688 babere
1002 1622 1109 1688 debet.

429 1724 473 1790 Et
495 1722 673 1790 Petronilla
695 1723 775 1789 dicit
796 1723 884 1810 quod
905 1724 977 1810 ipsa
998 1725 1152 1792 Senicula
1175 1725 1293 1792 habuit
1317 1733 1353 1790 et
1372 1725 1477 1792 habet

362 1829 457 1916 plene
483 1828 593 1894 dotem
616 1850 709 1893 suam
731 1827 772 1894 de
803 1828 954 1894 omnibus
982 1829 1077 1895 terris
1110 1838 1146 1896 et
1177 1830 1375 1896 tenementis
1408 1852 1475 1916 que

362 1933 494 1998 bierunt
518 1932 656 2019 predicti
680 1933 830 1998 Mauricii
854 1933 1018 2020 quondam
1044 1934 1109 2000 uiri
1130 1934 1185 2012 sui
1209 1943 1279 2000 tam
1302 1935 1338 1998 in
1366 1933 1476 1999 boscis

363 2059 461 2122 quam
476 2036 511 2100 in
525 2036 598 2100 aliis
612 2036 709 2101 rebus
724 2043 759 2100 et
773 2036 888 2101 boscus
903 2035 967 2101 fuit
982 2037 1013 2102 ei
1027 2036 1212 2123 assignatus
1225 2045 1260 2102 et
1275 2037 1348 2102 ideo
1367 2035 1372 2123 Ι
1393 2037 1474 2102 licet

362 2139 434 2226 ipsa
458 2139 591 2204 boscum
617 2161 713 2204 suum
739 2139 945 2205 destrurerit¹
967 2163 1033 2205 non
1055 2140 1154 2206 debet
1176 2140 1220 2206 ad
1241 2141 1345 2228 ipsam
1372 2141 1475 2206 etad

361 2244 494 2309 boscum
514 2265 610 2308 suum
630 2265 827 2329 recuperare,
847 2250 883 2307 et
902 2243 985 2308 bene
1008 2242 1090 2308 dicit
1112 2243 1200 2329 quod
1221 2243 1293 2330 ipsa
1316 2245 1476 2311 Senicula

363 2347 404 2414 de
426 2370 464 2414 eo
486 2347 573 2434 quod
600 2356 679 2413 tunc
702 2347 734 2413 ei
759 2347 962 2434 assignatum
984 2347 1048 2412 fuit
1070 2347 1111 2412 de
1133 2346 1228 2413 terris
1254 2355 1289 2412 et
1309 2348 1414 2414 boscis
1437 2359 1474 2414 et

362 2452 571 2538 pertinenciis
585 2451 657 2517 aliis
672 2473 706 2516 se
726 2451 836 2516 tenuit
850 2459 1038 2516 contentam
1054 2459 1089 2516 et
1102 2451 1187 2518 bene
1202 2461 1296 2539 petet
1311 2452 1390 2539 quis
1404 2453 1473 2518 ism

363 2555 475 2621 decem
495 2555 573 2620 anni
592 2555 693 2641 elapsi
707 2563 786 2620 sunt
801 2555 888 2642 quod
903 2555 1080 2620 Mauricius
1094 2555 1147 2620 uir
1161 2577 1239 2622 suus
1254 2554 1336 2622 obiit
1350 2563 1387 2622 et
1401 2555 1478 2642 ipsa

198 2661 350 2750 ffifflgp‘
364 2679 531 2743 nunquam
546 2657 650 2722 mouit
665 2657 741 2722 inde
756 2657 962 2743 quescionem
971 2656 991 2724 '.

429 2763 472 2828 Et
497 2785 595 2848 super
619 2762 679 2828 hoc
704 2762 798 2828 uenit
824 2761 988 2828 Galfridus
1014 2763 1055 2828 de
1086 2763 1263 2850 Elingtona
1291 2763 1349 2850 qui
1377 2771 1475 2830 tenet

363 2876 512 2954 quartam
534 2876 662 2954 partem
684 2867 787 2932 tocius
809 2867 897 2932 bosci
923 2867 964 2932 de
990 2867 1235 2945 Bachamstede,
1258 2877 1293 2933 et
1319 2869 1476 2934 Sanioula

362 2971 443 3037 dicit
457 2970 544 3058 quod
558 2971 658 3036 nichil
673 2971 793 3036 clamat
807 2969 842 3034 in
857 2969 915 3034 illa
929 2979 1047 3056 quarta
1061 2979 1156 3056 parte
1171 2971 1301 3037 nominc
1316 2971 1411 3038 dotis

428 3075 473 3140 Et
508 3075 661 3142 Senicula
694 3074 823 3161 quesita
857 3073 931 3160 quis
964 3075 1042 3139 fecit
1071 3073 1103 3140 ei
1132 3075 1244 3140 dotem
1273 3075 1354 3141 dicit
1384 3074 1475 3162 quod

363 3177 528 3246 Galfridus
542 3177 583 3243 de
599 3178 775 3264 Elingtona
788 3185 897 3242 custos
911 3176 1050 3263 predicti
1065 3177 1188 3244 Scheri.
1602 3167 1604 3172 ’

242 3289 313 3351 559.
428 3281 593 3346 Walterus
617 3281 658 3346 de
679 3279 823 3346 Cademo
842 3279 1051 3346 ethachiatus
1070 3281 1135 3346 fuit
1153 3281 1196 3346 ad
1210 3280 1474 3367 respondendum

240 3389 311 3430 Μ
364 3384 528 3450 Willelmo
550 3383 591 3448 de
614 3383 760 3450 Curtona
781 3404 881 3469 quare
901 3381 1057 3448 deforciat
1077 3382 1109 3447 ei
1132 3381 1213 3448 dues
1236 3393 1347 3470 partes
1369 3384 1473 3450 tercie

363 3489 466 3575 partis
489 3487 575 3554 feodi
593 3489 618 3574 j.
634 3487 749 3553 militis
768 3509 843 3552 cnm
863 3486 997 3572 pertin
1020 3486 1223 3576 Tenderugg'
1248 3511 1330 3574 quas
1350 3489 1474 3554 clamat

363 3614 433 3658 esse
447 3591 499 3657 ius
513 3599 548 3657 et
562 3591 779 3657 hereditatem
793 3613 886 3655 suam
902 3598 936 3656 et
950 3590 986 3655 in
1001 3613 1081 3676 quas
1096 3591 1274 3656 nonhabet
1288 3591 1472 3680 ingressum

362 3694 426 3760 nisi
452 3717 510 3781 per
534 3693 699 3759 Abbatem
721 3701 756 3757 et
779 3692 923 3757 Priorem
945 3691 986 3757 de
1009 3693 1185 3780 Langeleia
1207 3702 1241 3759 et
1263 3693 1407 3760 Priorem
1429 3695 1473 3761 de

363 3797 569 3866 Dudenosse⁸
591 3805 779 3864 executores
801 3797 992 3862 testamenti
1014 3797 1137 3863 Thome
1167 3797 1207 3862 de
1229 3798 1344 3886 Longa
1365 3799 1472 3864 Villa‘

363 3905 420 3992 qui
446 3903 552 3970 eidem
575 3903 720 3968 Waltero
742 3901 903 3988 predictas
925 3902 1006 3968 duas
1028 3910 1137 3988 partes
1160 3901 1366 3968 tradiderunt
1392 3926 1473 3990 quo-

362 4031 464 4096 usque
476 4007 564 4072 idem
575 4005 759 4072 Willelmus
774 4005 967 4070 reddidisset
983 4005 1105 4070 eisdem
1121 4005 1347 4071 executoribus
1362 4008 1472 4094 xxxvj.

395 4254 405 4288 ¹
422 4253 474 4306 sie.
971 4251 983 4285 ⁴
999 4251 1023 4300 A
1049 4250 1216 4314 mortgagee?
1252 4249 1309 4300 The
1335 4255 1472 4314 mortgage

394 4316 889 4380 ¹sstoccquieeoenocinsuohncsse
939 4315 1177 4379 scemsalreadyto
1192 4330 1253 4380 pass
1270 4314 1322 4366 like
1338 4331 1355 4366 a
1372 4315 1473 4368 chattel

363 4385 459 4435 seaBr.
472 4383 491 4432 f.
503 4383 587 4433 3141).
940 4383 1120 4432 toexecutors.

395 4448 406 4481 ⁸
421 4447 548 4499 Dodnash
558 4447 587 4498 in
599 4447 707 4500 Suflcllr.
