3314 5238
425 475 748 538 montanismum
773 465 866 538 1231,
889 479 952 528 aa
977 468 1112 530 15-16,
1255 472 1318 536 499

210 649 291 715 iuris
305 651 427 715 elamat
441 651 476 715 in
491 650 705 717 aduocaeione
719 652 938 738 predictarum
949 655 1156 720 eeclesiarum
1168 665 1201 722 et
1213 657 1321 722 iurata

210 763 385 820 remaneat
431 756 475 820 Et
490 755 660 827 Ermiceda
674 756 714 821 ds
730 755 839 822 Bidun
854 765 888 822 et
903 757 1066 824 Robertus
1081 760 1167 825 filius
1182 762 1319 827 Galfridi

210 859 385 945 participes
408 859 564 924 heredum
587 861 725 946 predicti
744 861 923 926 dohannis¹
945 873 1213 930 summoueantur
1232 865 1319 951 quod

209 962 277 1026 sint
290 963 333 1027 ad
348 963 488 1028 cundem
503 965 591 1030 diem
605 965 648 1030 ad
662 965 919 1052 cognoscendum
935 966 1014 1052 quid
1028 966 1108 1032 iuris
1122 968 1265 1033 clamant
1284 969 1318 1033 in

210 1066 366 1152 predictis
381 1067 522 1134 eeclesiis
537 1070 631 1134 uel'
605 1091 633 1134 s1
648 1069 751 1156 quid
742 1070 821 1135 ruris
835 1077 894 1135 etc

150 1231 158 1243 ,
275 1169 462 1236 Willelmus
476 1171 517 1236 de
537 1173 570 1237 la
587 1173 677 1237 Mare
696 1172 903 1237 athaohiatus
917 1173 981 1237 suit
1000 1173 1043 1238 ad
1060 1173 1318 1292 respondendum
1375 1189 1422 1228 mn
1423 1193 1438 1229 t

211 1271 338 1339 Simoni
357 1273 398 1339 de
417 1274 640 1340 Chelefeuldia
654 1297 752 1362 quare
773 1285 904 1341 secutus
921 1285 972 1341 est
993 1277 1183 1363 placitum
1173 1300 1208 1342 1n
1230 1279 1321 1344 curia
1377 1253 1431 1293 ⁸¹²⁸
1409 1264 1435 1293 “⁴

209 1378 436 1444 cristianitatis
450 1378 490 1444 de
513 1381 638 1444 catallis
653 1403 716 1466 que
738 1401 803 1444 non
823 1389 900 1446 sunt
920 1388 980 1444 etc.
996 1389 1109 1446 eontra
1126 1381 1318 1466 prohibicio-

209 1505 295 1560 nem,
317 1491 352 1546 et
381 1483 468 1548 unde
497 1483 585 1548 idem
615 1484 729 1549 Simon
754 1485 903 1570 queritur
931 1484 1018 1570 quod
1047 1483 1148 1548 traxit
1178 1507 1253 1548 eum
1283 1485 1318 1549 in

209 1585 369 1670 placitum
394 1587 430 1651 in
455 1587 546 1652 curia
567 1586 793 1652 cristianitatis
816 1585 857 1651 de
880 1609 946 1652 uno
972 1585 1079 1651 tasso'
1104 1585 1193 1651 bladi
1219 1587 1319 1672 precii

209 1713 283 1755 xxx.
300 1713 395 1756 maro.
412 1691 473 1756 ut'
487 1691 702 1757 deterioratus
724 1699 774 1756 est
796 1701 855 1756 etc
872 1699 907 1756 et
928 1690 1004 1755 inde
1026 1689 1175 1776 producit
1196 1697 1317 1755 sectam

209 1815 273 1879 que
288 1794 475 1858 examinata
488 1802 587 1858 estet
602 1817 667 1858 non
683 1801 732 1858 est
747 1793 918 1859 sufficiens.

275 1897 320 1962 Et
350 1897 462 1962 Simon
492 1897 585 1964 uenit
615 1905 649 1962 et
678 1897 824 1962 defendit
854 1905 967 1961 contra
995 1896 1102 1982 ipsum
1133 1904 1167 1960 et
1196 1903 1317 1960 sectam

208 2023 301 2066 suam
328 2001 414 2086 quod
437 2023 604 2086 nunquam
627 2007 700 2086 post
726 1999 979 2083 prohibicionem
1002 1997 1209 2085 inplacitauit
1232 2023 1318 2077 eum,

208 2111 259 2166 set
279 2125 393 2168 reuera
416 2102 456 2167 de
476 2103 640 2168 communi
663 2124 817 2167 consensu
840 2111 909 2166 tam
932 2101 1034 2188 ipsius
1057 2101 1198 2166 Simonis
1218 2125 1316 2188 quam

209 2203 366 2268 willelmi
381 2204 670 2290 compromiserunt
684 2225 718 2268 se
733 2203 768 2268 in
788 2203 927 2268 arbitros
949 2213 983 2268 et
1004 2226 1044 2267 ex
1066 2212 1204 2290 utraque
1224 2211 1316 2290 parte

207 2307 437 2372 renunciatum
467 2307 530 2371 suit
556 2306 616 2371 fori
641 2305 832 2394 privilegio⁴
858 2305 987 2371 atinde
1013 2306 1135 2391 profert
1161 2305 1315 2392 quasdam

208 2411 320 2476 literas
347 2420 499 2498 patentes
524 2411 627 2498 ipsius
650 2411 791 2476 Simonis
812 2433 876 2496 que
899 2410 959 2476 hoc
978 2417 1150 2486 testantur,
1172 2417 1207 2474 et
1228 2409 1315 2474 unde

207 2515 289 2580 dicit
311 2515 397 2602 quod
419 2516 447 2580 si
469 2516 558 2581 cun'a
578 2517 671 2581 Dom.
691 2515 791 2603 Regis
813 2515 1007 2581 indicauerit
1029 2515 1115 2602 quod
1137 2515 1229 2600 sequi
1251 2537 1316 2580 non

208 2619 310 2705 possit
324 2619 359 2683 in
373 2618 464 2684 curia
478 2618 701 2683 cristianitatis
716 2641 781 2682 non
795 2626 950 2704 sequetur
964 2618 1004 2682 de
1019 2625 1134 2684 cetero,
1180 2619 1224 2682 Et
1239 2618 1317 2704 quia

207 2730 297 2787 seete
320 2745 384 2786 non
410 2729 461 2788 est
483 2722 646 2786 sufficiens
670 2721 916 2787 Consideratum
944 2730 994 2787 est
1020 2722 1107 2808 quod
1130 2721 1315 2787 Willelmus

207 2825 284 2890 inde
313 2825 383 2890 sine
412 2825 465 2890 die
495 2833 529 2889 et
559 2825 672 2890 Simon
700 2825 736 2890 in
765 2825 989 2891 misericordia
1034 2826 1079 2890 Et
1113 2825 1314 2910 prohibitum

207 2938 332 2995 estete

104 3045 118 3060 '
146 3091 154 3106 ,
273 3031 430 3098 Ricardus
451 3031 504 3097 del
526 3031 597 3096 Hul
619 3031 717 3118 petiit
739 3055 852 3097 uersus
873 3033 1047 3098 Isabellum
1069 3056 1133 3119 que
1148 3033 1212 3098 fuit
1234 3056 1315 3098 uxor
1394 3065 1432 3096 ο.

207 3135 368 3201 Gileberti
381 3134 422 3200 dc
437 3134 598 3199 Teffordia
612 3134 677 3220 viij.
689 3135 745 3200 sol.
757 3135 903 3199 redditus
918 3158 992 3200 oum
1002 3143 1083 3221 pert.
1095 3135 1130 3199 in
1145 3135 1314 3214 Teffordia‚

207 3247 242 3304 et
265 3261 377 3304 uersus
399 3239 617 3326 Margaretam
639 3239 740 3304 filiam
763 3261 855 3303 suam
873 3239 897 3324 j.
913 3239 1117 3326 mesuagium
1137 3262 1211 3303 cum
1231 3251 1312 3325 pert.

206 3344 242 3409 in
258 3343 372 3408 eadem
386 3342 467 3406 uilla
480 3351 519 3406 ut
537 3341 589 3407 ius
608 3365 704 3407 suum
726 3350 761 3407 et
783 3342 818 3406 in
833 3341 951 3428 quem⁵
965 3365 1031 3406 non
1053 3341 1169 3406 habuit
1191 3341 1313 3428 ingres·

206 3469 280 3510 sum
301 3445 365 3510 nisi
386 3466 444 3530 per
466 3443 685 3531 Reginaldum
707 3453 833 3531 patrem
856 3444 958 3530 ipsius
980 3443 1110 3509 Ricardi
1125 3443 1182 3528 qui
1204 3443 1261 3508 illa
1282 3444 1313 3509 ei

205 3549 331 3615 dimisit
354 3549 396 3614 ad
427 3549 603 3613 terminum
627 3549 683 3635 qui
702 3547 706 3635 Ι
727 3549 883 3635 preteriit.
930 3548 973 3612 Et
996 3547 1137 3612 Isabella
1162 3547 1255 3612 uenit
1278 3555 1313 3612 et

205 3654 291 3719 dixit
320 3651 405 3738 quod
428 3651 593 3738 predictus
618 3653 819 3740 Reginaldus
841 3650 987 3716 feoffauit
1009 3672 1081 3715 eam
1104 3649 1145 3713 de
1167 3649 1313 3735 predicta

206 3767 293 3822 terra
314 3763 349 3820 et
370 3753 536 3841 mesuagio
558 3763 592 3819 et
616 3777 681 3820 non
703 3755 827 3820 dimisit
849 3777 889 3820 ea
914 3753 956 3818 ad
979 3752 1156 3818 terminum
1179 3761 1214 3817 et
1235 3753 1311 3818 inde

205 3860 315 3946 posuit
330 3881 364 3923 se
379 3879 476 3944 super
489 3857 637 3943 patriam.
683 3858 726 3922 Et
741 3855 899 3921 Ricardus
916 3855 1073 3920 similiter.
1120 3856 1164 3919 Et
1179 3855 1311 3921 manda-

206 3972 279 4028 tum
305 3962 369 4027 suit
395 3961 578 4026 uicecomiti
607 3961 693 4048 quod
723 3963 843 4025 faceret
869 3959 1122 4045 inquisicionem.
1169 3960 1213 4024 Et
1242 3959 1311 4046 ipse

205 4066 296 4132 misit
326 4065 573 4152 inquisicionem
605 4063 695 4128 illam
732 4069 792 4127 ete
821 4084 885 4148 que
912 4061 987 4126 talis
1026 4070 1085 4139 est,
1119 4061 1205 4147 quod
1238 4083 1311 4147 pre-

205 4169 312 4236 dictus
340 4165 541 4256 Reginaldus
569 4165 661 4232 dedit
684 4165 848 4232 redditum
870 4166 963 4230 illum
987 4174 1020 4231 et
1044 4166 1246 4252 mesuagium
1276 4166 1311 4230 in

237 4371 313 4421 ¹See
343 4369 463 4429 Roberts‚
492 4371 596 4421 Galend.
627 4371 730 4421 θεηταί.
814 4369 1001 4419 Ὀοπ.ιιπάι.

205 4439 286 4550 ¹²2⁶}
296 4436 393 4550 {pathe
403 4435 530 4499 pedigree.
814 4435 915 4548 :gisem
927 4434 981 4483 this
993 4448 1034 4483 see
1044 4432 1089 4482 Br.
1101 4433 1119 4482 f.
1132 4433 1189 4482 tos.

1116 4600 1222 4660 32-2
