3360 5236
508 444 658 505 rsmrrr,
680 441 745 494 sn.
770 429 863 503 1233,
886 441 949 492 nn.
975 426 1023 494 17.
1255 433 1321 494 585v

210 609 250 674 dc
280 610 398 675 ultima
426 609 667 697 presentacione
697 617 755 675 etc.
787 617 821 674 ct
850 616 965 695 postea
993 608 1106 673 relicto
1136 608 1191 674 illo
1225 610 1319 674 breui

210 714 405 800 perquisiuit
430 714 520 779 aliud
545 714 646 779 breue
670 736 769 800 qnare
795 713 858 799 ipsi
884 712 1116 798 inpediuerunt
1142 721 1176 778 et
1202 713 1318 778 habuit

209 817 296 882 diem
311 819 353 883 ad
367 818 455 882 diem
470 817 571 883 istum
592 824 626 881 et
645 839 711 880 non
731 817 824 882 uenit
845 839 903 882 nec
924 817 966 882 ad
985 817 1067 883 illud
1082 818 1182 883 breue
1202 841 1262 884 nec
1277 820 1319 886 ad

208 921 308 986 breue
323 921 487 1008 proprium
504 920 590 1008 quod
605 920 794 1005 inpetrauit.

273 1025 318 1089 Et
340 1024 507 1090 sciendum
532 1023 619 1109 quod
645 1023 761 1088 Comes
784 1031 819 1088 et
842 1023 983 1088 Isabella
1005 1025 1147 1090 clamant
1172 1025 1223 1090 ius
1247 1049 1318 1112 pre-

208 1129 358 1194 sentandi
381 1129 507 1194 racione
534 1127 662 1192 heredis
689 1128 830 1193 Simonis
860 1128 900 1192 de
926 1128 1080 1194 Wahulla
1108 1129 1143 1194 in
1173 1131 1319 1196 custodia

208 1253 319 1296 eornm
336 1231 513 1296 existentis

272 1337 296 1401 J
298 1344 441 1401 oratores
455 1335 570 1400 dicunt
585 1333 670 1420 quod
691 1334 824 1420 quidam
840 1335 980 1400 Michael
1001 1335 1042 1400 de
1057 1336 1211 1400 Wahulla
1225 1345 1319 1423 pater

208 1439 358 1526 Symonis
373 1439 413 1504 de
429 1439 583 1504 Wahulla
600 1437 731 1502 ultimo¹
746 1437 949 1523 presentauit
971 1437 1132 1523 quendam
1153 1439 1318 1506 Andrcam

208 1545 248 1609 de
274 1544 436 1610 Scallariis
459 1544 501 1608 ad
525 1543 662 1607 eandem
688 1542 855 1606 ecclesiam
886 1542 943 1628 qui
972 1541 1014 1606 ad
1043 1544 1317 1628 presentacionem

208 1672 299 1714 suam
322 1649 386 1713 fuit
407 1649 565 1714 admissus
588 1655 622 1712 et
644 1646 760 1712 ultimo
783 1646 864 1711 obiit
890 1669 1026 1732 persona
1047 1646 1082 1710 in
1108 1647 1228 1714 eadem.
1273 1649 1318 1713 Et

208 1753 280 1818 ideo
306 1753 543 1818 consideratum
570 1751 730 1836 estquod
755 1749 871 1816 Comes
898 1759 932 1815 et
955 1751 1129 1817 Comitissa
1150 1775 1317 1838 recupera·

209 1866 328 1922 nerunt
343 1857 493 1923 scisinam
509 1879 600 1921 suam
615 1857 741 1920 racione
757 1856 895 1942 predicti
910 1856 1045 1936 heredis,
1062 1865 1096 1922 et
1112 1857 1266 1922 Priorissa
1282 1858 1317 1923 in

209 1961 433 2038 misericordia,
449 1969 483 2025 et
506 1961 622 2026 Comes
643 1967 677 2024 et
698 1959 872 2025 Comitissa
891 1961 960 2025 sine
981 1961 1033 2026 die
1054 1961 1094 2027 de
1117 1961 1209 2028 breui
1231 1964 1318 2049 quod

210 2063 362 2129 Priorissa
376 2063 554 2150 inpetrauit
570 2085 668 2149 quare
683 2062 746 2149 ipsi
760 2063 998 2148 inpediuerunt.

150 2215 157 2226 .
274 2168 365 2232 Prior
383 2168 424 2232 de
444 2167 667 2246 Doddenesse²
688 2167 888 2232 attachiatus
910 2167 974 2232 fnit
996 2167 1037 2232 ad
1059 2169 1316 2254 respondendum
1435 2227 1440 2238 .

209 2272 342 2337 Warino
356 2272 396 2336 de
412 2272 579 2360 Herlegha
594 2279 628 2335 et
643 2270 777 2358 Hugoni
793 2272 953 2336 Mauclerc
974 2295 1073 2358 quare
1094 2274 1194 2338 traxit
1214 2277 1317 2341 cosin

209 2376 365 2463 placitum
386 2374 421 2438 in
443 2374 533 2439 curia
554 2373 777 2438 cristianitatis
799 2374 839 2438 de
862 2374 987 2438 catallis
1010 2397 1073 2460 qne
1094 2397 1159 2440 non
1178 2387 1256 2442 sunt
1276 2378 1317 2442 de

209 2487 405 2546 testamento
435 2479 488 2544 uel
518 2477 723 2542 matrimonio
750 2485 862 2543 contra
886 2479 1147 2564 prohibicionem,
1174 2489 1208 2547 et
1233 2483 1317 2548 bene

209 2593 391 2672 queruntur
420 2583 506 2670 quod
535 2583 621 2668 petit
650 2583 691 2647 ab
721 2582 768 2646 cis
797 2605 825 2647 x.
856 2605 980 2648 marcas
1008 2605 1066 2669 pro
1095 2584 1317 2671 inparcacione

208 2689 375 2754 cuiusdam
405 2687 493 2774 porci
518 2695 552 2751 et
578 2687 626 2751 ita
651 2686 737 2772 quod
763 2685 950 2751 deteriorati
975 2696 1053 2752 sunt
1079 2695 1113 2752 et
1139 2688 1317 2776 dampnum

209 2792 330 2857 habent
352 2791 393 2855 ad
416 2790 596 2855 nalenciam
622 2812 650 2853 x.
674 2789 728 2853 lib.
751 2797 786 2854 ct
809 2789 895 2853 unde
919 2789 1034 2854 dicunt
1060 2791 1146 2876 quod
1170 2793 1317 2858 tulerunt

208 2893 460 2979 prohibicionem
475 2892 527 2957 die
542 2899 602 2958 etc.
618 2891 736 2977 etipse
751 2891 957 2977 inplacitanit
973 2915 1026 2957 eos
1040 2901 1154 2978 postea
1168 2903 1227 2959 etc.

272 2999 317 3061 Et
353 2996 494 3062 Jacobus
531 2996 681 3060 Decanus
717 2995 758 3060 de
797 2995 1031 3082 Tenderngge⁰
1059 3006 1094 3061 et
1132 2997 1316 3065 Gilebertus

209 3099 362 3167 Officialis
398 3098 625 3163 Archidiaconi
661 3097 930 3163 Oolecestrensis⁴
959 3098 1109 3162 similiter
1144 3101 1316 3167 attachiati

208 3205 339 3268 fuerunt
353 3201 396 3266 ad
416 3200 674 3286 respondendum
696 3222 795 3286 quare
817 3207 995 3266 tenuerunt
1015 3201 1171 3286 placitum
1192 3204 1315 3290 predic·

208 3315 287 3372 tum.
332 3303 479 3369 Veniunt
494 3311 553 3368 etc.

274 3409 317 3474 Et
331 3407 423 3472 Prior
437 3406 529 3472 uenit
544 3415 578 3470 et
593 3405 739 3472 defendit
754 3407 839 3493 quod
855 3430 1022 3495 nunquam
1042 3408 1150 3496 aliquo
1170 3419 1315 3498 tempore

95 3549 97 3552 ·
208 3515 413 3602 inplacitauit
428 3537 482 3579 eos
501 3513 541 3578 de
562 3513 687 3578 'catallis
707 3521 757 3578 set
776 3535 890 3578 reuera
909 3513 950 3578 de
964 3515 1138 3601 nianffesto
1156 3517 1315 3583 uiolencia

209 3621 294 3684 sacta
328 3619 452 3684 clericis
488 3617 570 3682 meis
579 3617 706 3681 “unde
736 3617 904 3682 conuictus
934 3617 998 3682 fuit
1027 3641 1133 3684 coram
1162 3621 1363 3719 predictisqul
1329 3623 1362 3663 ΝΟ
1363 3627 1385 3664 ¹¹¹
1405 3625 1466 3711 3¹⁰¹„

209 3726 339 3789 Decano
354 3731 389 3788 et
404 3720 566 3788 Officiali
557 3729 606 3785 ita
620 3719 706 3806 qnod
721 3743 785 3784 non
806 3720 917 3784 fuit·
890 3742 936 3784 eis
956 3719 1082 3786 inflicta
1103 3723 1212 3809 aliqua
1230 3681 1365 3850 penali}⁰
1342 3671 1474 3814 uinffiibsseffiii

208 3828 402 3914 pecuniaria,
414 3827 513 3891 immo
528 3825 614 3912 quod
629 3825 816 3910 disciplinas
831 3824 1013 3889 haberent'
1004 3849 1038 3889 1n
1050 3825 1165 3891 diebus
1180 3823 1354 3906 festinis,¹¹
1328 3859 1380 3897 2110,
1355 3812 1483 3898 {uid

208 3942 243 3997 ct
269 3931 451 4019 quiaillud
475 3929 560 4016 quod
586 3929 633 3994 eis
658 3929 842 3994 iniunctum
867 3929 930 3994 fuit
953 3929 1112 3996 sustinere
1142 3909 1372 3997 nolueruntiiu:
1357 3907 1470 4037 ¹erth

208 4035 447 4101 innodanemnt
477 4057 530 4102 eos
559 4033 724 4099 sentencia
752 4033 1151 4111 excommunicacionis‚e
1134 4001 1413 4132 etpostea¹¹¹÷1¹¹³gdm⁰¹¹¹¹¹¹
1409 4009 1467 4118 'hh

209 4142 356 4206 tulerunt
390 4139 643 4227 prohibicionem
673 4145 707 4204 ct
737 4139 838 4204 eciam
869 4145 942 4224 post
971 4129 1263 4224 prohibicionem
1254 4141 1316 4228 1psi

243 4333 252 4365 ¹
269 4335 357 4382 nutrio
369 4331 456 4383 interl.
468 4331 502 4394 by
513 4333 661 4381 annotator.
819 4329 829 4362 ⁴
848 4330 942 4379 Colccr'
957 4329 1087 4379 colecestr'
1097 4329 1152 4379 MS.

243 4398 253 4430 ²
269 4397 393 4448 Dodnash
404 4397 432 4446 in
445 4397 553 4447 Suffolk.
683 4431 685 4434 ψ
819 4395 829 4426 ⁵
848 4394 898 4444 Sic.

243 4462 253 4493 ³
270 4462 416 4525 Tendering
427 4463 454 4511 in
467 4463 556 4512 Esscx.
820 4459 830 4492 ⁶
849 4460 882 4509 So
894 4461 938 4508 Br.
951 4459 969 4508 ἰ.
982 4460 1038 4509 403.
