<?xml version="1.0" encoding="UTF-8"?>
<!DOCTYPE html PUBLIC "-//W3C//DTD XHTML 1.0 Transitional//EN"
    "http://www.w3.org/TR/xhtml1/DTD/xhtml1-transitional.dtd">
<html xmlns="http://www.w3.org/1999/xhtml" xml:lang="en" lang="en">
 <head>
  <title>
</title>
<meta http-equiv="Content-Type" content="text/html;charset=utf-8" />
  <meta name='ocr-system' content='tesseract 3.04.00' />
  <meta name='ocr-capabilities' content='ocr_page ocr_carea ocr_par ocr_line ocrx_word'/>
</head>
<body>
  <div class='ocr_page' id='page_1' title='image "./bractonsnoteboo04bracgoog_0528.png"; bbox 0 0 3360 5236; ppageno 0'>
   <div class='ocr_carea' id='block_1_1' title="bbox 357 415 1166 490">
    <p class='ocr_par' dir='ltr' id='par_1_1' title="bbox 357 415 1166 490">
     <span class='ocr_line' id='line_1_1' title="bbox 357 415 1166 490; baseline 0.006 -14"><span class='ocrx_word' id='word_1_1' title='bbox 357 415 421 476; x_wconf 80' lang='lat'><strong>520</strong></span> <span class='ocrx_word' id='word_1_2' title='bbox 662 427 798 490; x_wconf 71' lang='lat' dir='ltr'><strong>unsrun,</strong></span> <span class='ocrx_word' id='word_1_3' title='bbox 822 428 887 477; x_wconf 73' lang='lat' dir='ltr'><strong>no.</strong></span> <span class='ocrx_word' id='word_1_4' title='bbox 912 415 1005 490; x_wconf 77' lang='lat'>1232,</span> <span class='ocrx_word' id='word_1_5' title='bbox 1028 429 1091 480; x_wconf 70' lang='lat' dir='ltr'><strong>nu.</strong></span> <span class='ocrx_word' id='word_1_6' title='bbox 1116 419 1166 481; x_wconf 87' lang='grc'><strong>16.</strong></span> 
     </span>
    </p>
   </div>
   <div class='ocr_carea' id='block_1_2' title="bbox 90 597 1468 2138">
    <p class='ocr_par' dir='ltr' id='par_1_2' title="bbox 354 597 1467 768">
     <span class='ocr_line' id='line_1_2' title="bbox 354 597 1467 686; baseline 0.004 -22"><span class='ocrx_word' id='word_1_7' title='bbox 354 599 456 686; x_wconf 87' lang='lat' dir='ltr'><strong>ipsius</strong></span> <span class='ocrx_word' id='word_1_8' title='bbox 479 597 630 663; x_wconf 84' lang='lat' dir='ltr'><strong>Nicholsi</strong></span> <span class='ocrx_word' id='word_1_9' title='bbox 652 597 692 662; x_wconf 93' lang='lat' dir='ltr'><strong>de</strong></span> <span class='ocrx_word' id='word_1_10' title='bbox 716 599 792 663; x_wconf 89' lang='lat' dir='ltr'><strong>Pert</strong></span> <span class='ocrx_word' id='word_1_11' title='bbox 814 598 940 664; x_wconf 90' lang='lat' dir='ltr'><strong>desicut</strong></span> <span class='ocrx_word' id='word_1_12' title='bbox 960 599 1047 665; x_wconf 91' lang='lat' dir='ltr'><strong>idern</strong></span> <span class='ocrx_word' id='word_1_13' title='bbox 1069 600 1246 667; x_wconf 84' lang='lat' dir='ltr'><strong>Nicholcus</strong></span> <span class='ocrx_word' id='word_1_14' title='bbox 1267 603 1390 668; x_wconf 81' lang='lat' dir='ltr'><strong>nullom</strong></span> <span class='ocrx_word' id='word_1_15' title='bbox 1406 611 1467 670; x_wconf 81' lang='lat' dir='ltr'><strong>etc</strong></span> 
     </span>
     <span class='ocr_line' id='line_1_3' title="bbox 355 712 489 768; baseline 0 0"><span class='ocrx_word' id='word_1_16' title='bbox 355 727 414 768; x_wconf 88' lang='lat' dir='ltr'><strong>nec</strong></span> <span class='ocrx_word' id='word_1_17' title='bbox 430 712 489 768; x_wconf 89' lang='lat' dir='ltr'><strong>etc.</strong></span> 
     </span>
    </p>

    <p class='ocr_par' dir='ltr' id='par_1_3' title="bbox 357 806 1467 1184">
     <span class='ocr_line' id='line_1_4' title="bbox 423 806 1464 895; baseline 0.004 -23"><span class='ocrx_word' id='word_1_18' title='bbox 423 807 466 872; x_wconf 88' lang='lat' dir='ltr'><strong>Et</strong></span> <span class='ocrx_word' id='word_1_19' title='bbox 481 806 638 872; x_wconf 81' lang='lat' dir='ltr'><strong>Ricordus</strong></span> <span class='ocrx_word' id='word_1_20' title='bbox 654 807 746 872; x_wconf 89' lang='lat' dir='ltr'><strong>uenit</strong></span> <span class='ocrx_word' id='word_1_21' title='bbox 761 816 795 872; x_wconf 91' lang='lat' dir='ltr'><strong>et</strong></span> <span class='ocrx_word' id='word_1_22' title='bbox 815 807 896 873; x_wconf 88' lang='lat' dir='ltr'><strong>dicit</strong></span> <span class='ocrx_word' id='word_1_23' title='bbox 919 808 1004 895; x_wconf 93' lang='lat' dir='ltr'><strong>quod</strong></span> <span class='ocrx_word' id='word_1_24' title='bbox 1027 809 1113 874; x_wconf 88' lang='lat' dir='ltr'><strong>iuste</strong></span> <span class='ocrx_word' id='word_1_25' title='bbox 1136 809 1236 875; x_wconf 84' lang='lat' dir='ltr'><strong>habet</strong></span> <span class='ocrx_word' id='word_1_26' title='bbox 1258 833 1464 876; x_wconf 76' lang='lat' dir='ltr'><strong>communem</strong></span> 
     </span>
     <span class='ocr_line' id='line_1_5' title="bbox 357 910 1464 996; baseline 0.004 -22"><span class='ocrx_word' id='word_1_27' title='bbox 357 911 391 974; x_wconf 89' lang='lat' dir='ltr'><strong>in</strong></span> <span class='ocrx_word' id='word_1_28' title='bbox 414 911 527 975; x_wconf 84' lang='lat' dir='ltr'><strong>eedem</strong></span> <span class='ocrx_word' id='word_1_29' title='bbox 550 911 630 974; x_wconf 84' lang='lat' dir='ltr'><strong>uilla</strong></span> <span class='ocrx_word' id='word_1_30' title='bbox 650 910 727 995; x_wconf 84' lang='lat' dir='ltr'><strong>quie</strong></span> <span class='ocrx_word' id='word_1_31' title='bbox 747 910 816 996; x_wconf 87' lang='lat' dir='ltr'><strong>ipse</strong></span> <span class='ocrx_word' id='word_1_32' title='bbox 831 920 865 975; x_wconf 87' lang='lat' dir='ltr'><strong>et</strong></span> <span class='ocrx_word' id='word_1_33' title='bbox 880 921 1098 976; x_wconf 72' lang='lat' dir='ltr'><strong>antecessores</strong></span> <span class='ocrx_word' id='word_1_34' title='bbox 1112 912 1163 976; x_wconf 84' lang='lat' dir='ltr'><strong>sui</strong></span> <span class='ocrx_word' id='word_1_35' title='bbox 1179 913 1364 978; x_wconf 75' lang='lat' dir='ltr'><strong>habuerunt</strong></span> <span class='ocrx_word' id='word_1_36' title='bbox 1379 937 1464 978; x_wconf 91' lang='lat' dir='ltr'><strong>com·</strong></span> 
     </span>
     <span class='ocr_line' id='line_1_6' title="bbox 358 1013 1467 1101; baseline 0.001 -23"><span class='ocrx_word' id='word_1_37' title='bbox 358 1037 490 1078; x_wconf 78' lang='lat' dir='ltr'><strong>munem</strong></span> <span class='ocrx_word' id='word_1_38' title='bbox 506 1013 540 1078; x_wconf 92' lang='lat' dir='ltr'><strong>in</strong></span> <span class='ocrx_word' id='word_1_39' title='bbox 552 1013 632 1078; x_wconf 79' lang='lat' dir='ltr'><strong>uilla</strong></span> <span class='ocrx_word' id='word_1_40' title='bbox 643 1013 700 1078; x_wconf 82' lang='lat' dir='ltr'><strong>illa</strong></span> <span class='ocrx_word' id='word_1_41' title='bbox 710 1023 886 1098; x_wconf 80' lang='lat' dir='ltr'><strong>antequem</strong></span> <span class='ocrx_word' id='word_1_42' title='bbox 899 1013 985 1078; x_wconf 91' lang='lat' dir='ltr'><strong>idem</strong></span> <span class='ocrx_word' id='word_1_43' title='bbox 998 1015 1177 1080; x_wconf 82' lang='lat' dir='ltr'><strong>Nicholaus</strong></span> <span class='ocrx_word' id='word_1_44' title='bbox 1188 1014 1318 1101; x_wconf 76' lang='lat' dir='ltr'>aliquod</span> <span class='ocrx_word' id='word_1_45' title='bbox 1330 1015 1467 1080; x_wconf 78' lang='lat' dir='ltr'><strong>haberet</strong></span> 
     </span>
     <span class='ocr_line' id='line_1_7' title="bbox 358 1117 1021 1184; baseline 0.002 -2"><span class='ocrx_word' id='word_1_46' title='bbox 358 1117 488 1183; x_wconf 85' lang='lat' dir='ltr'><strong>feodum</strong></span> <span class='ocrx_word' id='word_1_47' title='bbox 504 1126 538 1182; x_wconf 89' lang='lat' dir='ltr'><strong>et</strong></span> <span class='ocrx_word' id='word_1_48' title='bbox 553 1118 797 1182; x_wconf 84' lang='lat' dir='ltr'><strong>fecffsmentum</strong></span> <span class='ocrx_word' id='word_1_49' title='bbox 813 1118 847 1182; x_wconf 91' lang='lat' dir='ltr'><strong>in</strong></span> <span class='ocrx_word' id='word_1_50' title='bbox 862 1119 943 1182; x_wconf 79' lang='lat' dir='ltr'><strong>uilla</strong></span> <span class='ocrx_word' id='word_1_51' title='bbox 957 1119 1021 1184; x_wconf 72' lang='lat' dir='ltr'><strong>ills</strong></span> 
     </span>
    </p>

    <p class='ocr_par' dir='ltr' id='par_1_4' title="bbox 359 1220 1466 1412">
     <span class='ocr_line' id='line_1_8' title="bbox 424 1220 1465 1308; baseline 0.005 -23"><span class='ocrx_word' id='word_1_52' title='bbox 424 1222 468 1285; x_wconf 90' lang='lat' dir='ltr'><strong>Et</strong></span> <span class='ocrx_word' id='word_1_53' title='bbox 484 1221 662 1286; x_wconf 86' lang='lat' dir='ltr'><strong>Nicholaus</strong></span> <span class='ocrx_word' id='word_1_54' title='bbox 673 1220 752 1285; x_wconf 89' lang='lat' dir='ltr'><strong>dicit</strong></span> <span class='ocrx_word' id='word_1_55' title='bbox 764 1221 850 1306; x_wconf 90' lang='lat' dir='ltr'><strong>quod</strong></span> <span class='ocrx_word' id='word_1_56' title='bbox 862 1221 889 1286; x_wconf 91' lang='lat' dir='ltr'><strong>si</strong></span> <span class='ocrx_word' id='word_1_57' title='bbox 901 1221 1043 1308; x_wconf 80' lang='lat' dir='ltr'><strong>aliquam</strong></span> <span class='ocrx_word' id='word_1_58' title='bbox 1056 1221 1102 1287; x_wconf 92' lang='lat' dir='ltr'><strong>ibi</strong></span> <span class='ocrx_word' id='word_1_59' title='bbox 1114 1221 1249 1288; x_wconf 83' lang='lat' dir='ltr'><strong>haberet</strong></span> <span class='ocrx_word' id='word_1_60' title='bbox 1260 1245 1465 1290; x_wconf 82' lang='lat' dir='ltr'><strong>communem</strong></span> 
     </span>
     <span class='ocr_line' id='line_1_9' title="bbox 359 1325 1466 1412; baseline 0.003 -22"><span class='ocrx_word' id='word_1_61' title='bbox 359 1325 418 1391; x_wconf 89' lang='lat' dir='ltr'><strong>hoo</strong></span> <span class='ocrx_word' id='word_1_62' title='bbox 433 1326 497 1390; x_wconf 86' lang='lat' dir='ltr'><strong>fuit</strong></span> <span class='ocrx_word' id='word_1_63' title='bbox 508 1325 548 1390; x_wconf 92' lang='lat' dir='ltr'><strong>de</strong></span> <span class='ocrx_word' id='word_1_64' title='bbox 560 1325 669 1412; x_wconf 78' lang='lat' dir='ltr'><strong>grecie</strong></span> <span class='ocrx_word' id='word_1_65' title='bbox 679 1334 730 1392; x_wconf 87' lang='lat' dir='ltr'><strong>set</strong></span> <span class='ocrx_word' id='word_1_66' title='bbox 741 1325 840 1390; x_wconf 83' lang='lat' dir='ltr'>nichil</span> <span class='ocrx_word' id='word_1_67' title='bbox 852 1325 941 1390; x_wconf 79' lang='lat' dir='ltr'><strong>aliud</strong></span> <span class='ocrx_word' id='word_1_68' title='bbox 953 1326 1040 1390; x_wconf 88' lang='lat' dir='ltr'><strong>dicit.</strong></span> <span class='ocrx_word' id='word_1_69' title='bbox 1079 1327 1122 1391; x_wconf 85' lang='lat' dir='ltr'><strong>Et</strong></span> <span class='ocrx_word' id='word_1_70' title='bbox 1134 1327 1206 1392; x_wconf 87' lang='lat' dir='ltr'><strong>ideo</strong></span> <span class='ocrx_word' id='word_1_71' title='bbox 1218 1327 1466 1393; x_wconf 82' lang='lat' dir='ltr'><strong>Consideretum</strong></span> 
     </span>
    </p>

    <p class='ocr_par' dir='ltr' id='par_1_5' title="bbox 90 1428 1468 2138">
     <span class='ocr_line' id='line_1_10' title="bbox 339 1428 1467 1517; baseline 0.003 -23"><span class='ocrx_word' id='word_1_72' title='bbox 339 1459 342 1464; x_wconf 43' lang='lat'>¹</span> <span class='ocrx_word' id='word_1_73' title='bbox 357 1437 408 1494; x_wconf 90' lang='lat' dir='ltr'><strong>est</strong></span> <span class='ocrx_word' id='word_1_74' title='bbox 423 1429 509 1515; x_wconf 93' lang='lat' dir='ltr'><strong>quod</strong></span> <span class='ocrx_word' id='word_1_75' title='bbox 524 1428 681 1493; x_wconf 75' lang='lat' dir='ltr'><strong>Ricardus</strong></span> <span class='ocrx_word' id='word_1_76' title='bbox 696 1429 815 1494; x_wconf 81' lang='lat' dir='ltr'><strong>hebeat</strong></span> <span class='ocrx_word' id='word_1_77' title='bbox 830 1453 1034 1494; x_wconf 75' lang='lat' dir='ltr'><strong>communem</strong></span> <span class='ocrx_word' id='word_1_78' title='bbox 1046 1431 1129 1496; x_wconf 89' lang='lat' dir='ltr'><strong>sicut</strong></span> <span class='ocrx_word' id='word_1_79' title='bbox 1141 1431 1230 1517; x_wconf 86' lang='lat' dir='ltr'><strong>prius</strong></span> <span class='ocrx_word' id='word_1_80' title='bbox 1241 1441 1276 1496; x_wconf 87' lang='lat' dir='ltr'><strong>et</strong></span> <span class='ocrx_word' id='word_1_81' title='bbox 1288 1433 1320 1496; x_wconf 88' lang='lat' dir='ltr'>N</span> <span class='ocrx_word' id='word_1_82' title='bbox 1323 1433 1467 1498; x_wconf 82' lang='lat' dir='ltr'><strong>icholsus</strong></span> 
     </span>
     <span class='ocr_line' id='line_1_11' title="bbox 358 1531 631 1597; baseline -0.004 0"><span class='ocrx_word' id='word_1_83' title='bbox 358 1533 392 1597; x_wconf 91' lang='lat' dir='ltr'><strong>in</strong></span> <span class='ocrx_word' id='word_1_84' title='bbox 407 1531 631 1596; x_wconf 64' lang='lat' dir='ltr'><strong>misericordia„</strong></span> 
     </span>
     <span class='ocr_line' id='line_1_12' title="bbox 90 1633 1468 1722; baseline -0.004 -15"><span class='ocrx_word' id='word_1_85' title='bbox 90 1645 107 1680; x_wconf 70' lang='lat'>⁸</span> <span class='ocrx_word' id='word_1_86' title='bbox 237 1643 308 1710; x_wconf 78' lang='lat'>674.</span> <span class='ocrx_word' id='word_1_87' title='bbox 424 1635 445 1699; x_wconf 86' lang='lat' dir='ltr'>J</span> <span class='ocrx_word' id='word_1_88' title='bbox 449 1635 557 1698; x_wconf 78' lang='lat' dir='ltr'><strong>uliano</strong></span> <span class='ocrx_word' id='word_1_89' title='bbox 572 1656 634 1719; x_wconf 89' lang='lat' dir='ltr'><strong>que</strong></span> <span class='ocrx_word' id='word_1_90' title='bbox 656 1633 719 1697; x_wconf 88' lang='lat' dir='ltr'><strong>fuit</strong></span> <span class='ocrx_word' id='word_1_91' title='bbox 739 1656 820 1698; x_wconf 90' lang='lat' dir='ltr'><strong>uxor</strong></span> <span class='ocrx_word' id='word_1_92' title='bbox 839 1635 957 1719; x_wconf 86' lang='lat' dir='ltr'><strong>Rogeri</strong></span> <span class='ocrx_word' id='word_1_93' title='bbox 977 1635 1018 1699; x_wconf 89' lang='lat' dir='ltr'><strong>de</strong></span> <span class='ocrx_word' id='word_1_94' title='bbox 1040 1635 1163 1722; x_wconf 86' lang='lat' dir='ltr'><strong>Ginges</strong></span> <span class='ocrx_word' id='word_1_95' title='bbox 1184 1638 1382 1702; x_wconf 79' lang='lat' dir='ltr'><strong>summonite</strong></span> <span class='ocrx_word' id='word_1_96' title='bbox 1403 1638 1468 1702; x_wconf 82' lang='lat' dir='ltr'><strong>fuit</strong></span> 
     </span>
     <span class='ocr_line' id='line_1_13' title="bbox 235 1736 1467 1828; baseline 0.005 -27"><span class='ocrx_word' id='word_1_97' title='bbox 235 1744 306 1785; x_wconf 60' lang='grc' dir='ltr'><strong>ΡΜ</strong></span> <span class='ocrx_word' id='word_1_98' title='bbox 359 1737 400 1802; x_wconf 86' lang='lat' dir='ltr'><strong>od</strong></span> <span class='ocrx_word' id='word_1_99' title='bbox 426 1736 682 1823; x_wconf 88' lang='lat' dir='ltr'><strong>respondendum</strong></span> <span class='ocrx_word' id='word_1_100' title='bbox 712 1737 837 1801; x_wconf 88' lang='lat' dir='ltr'>Simoni</span> <span class='ocrx_word' id='word_1_101' title='bbox 863 1738 992 1802; x_wconf 86' lang='lat' dir='ltr'><strong>Blundo</strong></span> <span class='ocrx_word' id='word_1_102' title='bbox 1017 1738 1058 1803; x_wconf 89' lang='lat' dir='ltr'><strong>de</strong></span> <span class='ocrx_word' id='word_1_103' title='bbox 1084 1739 1252 1806; x_wconf 80' lang='lat' dir='ltr'><strong>Londonia</strong></span> <span class='ocrx_word' id='word_1_104' title='bbox 1279 1741 1320 1806; x_wconf 92' lang='lat' dir='ltr'><strong>de</strong></span> <span class='ocrx_word' id='word_1_105' title='bbox 1347 1742 1467 1828; x_wconf 86' lang='lat' dir='ltr'><strong>placito</strong></span> 
     </span>
     <span class='ocr_line' id='line_1_14' title="bbox 359 1840 1468 1929; baseline 0.005 -22"><span class='ocrx_word' id='word_1_106' title='bbox 359 1843 445 1929; x_wconf 92' lang='lat' dir='ltr'><strong>quod</strong></span> <span class='ocrx_word' id='word_1_107' title='bbox 460 1842 606 1927; x_wconf 81' lang='lat' dir='ltr'><strong>aquietet</strong></span> <span class='ocrx_word' id='word_1_108' title='bbox 626 1863 701 1904; x_wconf 90' lang='lat' dir='ltr'><strong>eum</strong></span> <span class='ocrx_word' id='word_1_109' title='bbox 722 1840 762 1904; x_wconf 90' lang='lat' dir='ltr'><strong>de</strong></span> <span class='ocrx_word' id='word_1_110' title='bbox 782 1841 917 1904; x_wconf 88' lang='lat' dir='ltr'><strong>seruicio</strong></span> <span class='ocrx_word' id='word_1_111' title='bbox 937 1843 1022 1928; x_wconf 93' lang='lat' dir='ltr'><strong>quod</strong></span> <span class='ocrx_word' id='word_1_112' title='bbox 1043 1843 1227 1909; x_wconf 87' lang='lat' dir='ltr'><strong>Willelmus</strong></span> <span class='ocrx_word' id='word_1_113' title='bbox 1249 1845 1290 1910; x_wconf 90' lang='lat' dir='ltr'><strong>de</strong></span> <span class='ocrx_word' id='word_1_114' title='bbox 1312 1846 1340 1910; x_wconf 88' lang='lat' dir='ltr'><strong>F</strong></span> <span class='ocrx_word' id='word_1_115' title='bbox 1341 1847 1468 1911; x_wconf 80' lang='lat' dir='ltr'><strong>errariis</strong></span> 
     </span>
     <span class='ocr_line' id='line_1_15' title="bbox 359 1944 1467 2034; baseline 0.004 -24"><span class='ocrx_word' id='word_1_116' title='bbox 359 1945 463 2032; x_wconf 85' lang='lat' dir='ltr'><strong>exigit</strong></span> <span class='ocrx_word' id='word_1_117' title='bbox 478 1946 519 2010; x_wconf 84' lang='lat' dir='ltr'><strong>sb</strong></span> <span class='ocrx_word' id='word_1_118' title='bbox 534 1967 572 2010; x_wconf 92' lang='lat' dir='ltr'><strong>eo</strong></span> <span class='ocrx_word' id='word_1_119' title='bbox 587 1944 627 2008; x_wconf 92' lang='lat' dir='ltr'><strong>de</strong></span> <span class='ocrx_word' id='word_1_120' title='bbox 643 1944 744 2008; x_wconf 89' lang='lat' dir='ltr'><strong>libero</strong></span> <span class='ocrx_word' id='word_1_121' title='bbox 758 1953 946 2008; x_wconf 76' lang='lat' dir='ltr'><strong>tenemento</strong></span> <span class='ocrx_word' id='word_1_122' title='bbox 961 1967 1019 2009; x_wconf 91' lang='lat' dir='ltr'><strong>suo</strong></span> <span class='ocrx_word' id='word_1_123' title='bbox 1034 1947 1120 2031; x_wconf 92' lang='lat' dir='ltr'><strong>quod</strong></span> <span class='ocrx_word' id='word_1_124' title='bbox 1136 1949 1245 2012; x_wconf 90' lang='lat' dir='ltr'><strong>tenuit</strong></span> <span class='ocrx_word' id='word_1_125' title='bbox 1259 1948 1301 2013; x_wconf 86' lang='lat' dir='ltr'><strong>de</strong></span> <span class='ocrx_word' id='word_1_126' title='bbox 1320 1949 1467 2034; x_wconf 79' lang='lat' dir='ltr'><strong>predicta</strong></span> 
     </span>
     <span class='ocr_line' id='line_1_16' title="bbox 195 2047 1467 2138; baseline 0.001 -22"><span class='ocrx_word' id='word_1_127' title='bbox 195 2055 251 2094; x_wconf 68' lang='lat'><strong>”⁰²¹</strong></span> <span class='ocrx_word' id='word_1_128' title='bbox 289 2053 316 2094; x_wconf 67' lang='lat'><strong>⁰⁶</strong></span> <span class='ocrx_word' id='word_1_129' title='bbox 359 2052 494 2117; x_wconf 67' lang='lat' dir='ltr'><strong>«Iuliano</strong></span> <span class='ocrx_word' id='word_1_130' title='bbox 508 2050 543 2114; x_wconf 90' lang='lat' dir='ltr'><strong>in</strong></span> <span class='ocrx_word' id='word_1_131' title='bbox 555 2047 846 2135; x_wconf 84' lang='lat' dir='ltr'><strong>GingesLaundri¹</strong></span> <span class='ocrx_word' id='word_1_132' title='bbox 860 2057 894 2112; x_wconf 91' lang='lat' dir='ltr'><strong>et</strong></span> <span class='ocrx_word' id='word_1_133' title='bbox 909 2049 996 2113; x_wconf 90' lang='lat' dir='ltr'><strong>unde</strong></span> <span class='ocrx_word' id='word_1_134' title='bbox 1011 2050 1125 2114; x_wconf 82' lang='lat' dir='ltr'><strong>eadem</strong></span> <span class='ocrx_word' id='word_1_135' title='bbox 1138 2051 1467 2138; x_wconf 78' lang='lat' dir='ltr'><strong>Juliansquemedio</strong></span> 
     </span>
    </p>
   </div>
   <div class='ocr_carea' id='block_1_3' title="bbox 194 2065 1465 2237">
    <p class='ocr_par' dir='ltr' id='par_1_6' title="bbox 194 2065 1465 2237">
     <span class='ocr_line' id='line_1_17' title="bbox 273 2065 288 2093; baseline 0.067 0"><span class='ocrx_word' id='word_1_136' title='bbox 273 2065 288 2093; x_wconf 74' lang='lat' dir='ltr'>U</span> 
     </span>
     <span class='ocr_line' id='line_1_18' title="bbox 194 2065 1465 2237; baseline 0.028 -29"><span class='ocrx_word' id='word_1_137' title='bbox 194 2065 347 2234; x_wconf 50' lang='grc' dir='ltr'><strong>ἓξξῖἳῗὲ</strong></span> <span class='ocrx_word' id='word_1_138' title='bbox 360 2163 410 2220; x_wconf 88' lang='lat' dir='ltr'><strong>est</strong></span> <span class='ocrx_word' id='word_1_139' title='bbox 435 2155 521 2219; x_wconf 88' lang='lat' dir='ltr'><strong>inter</strong></span> <span class='ocrx_word' id='word_1_140' title='bbox 546 2176 600 2218; x_wconf 90' lang='lat' dir='ltr'><strong>eos</strong></span> <span class='ocrx_word' id='word_1_141' title='bbox 626 2175 702 2216; x_wconf 89' lang='lat' dir='ltr'><strong>eum</strong></span> <span class='ocrx_word' id='word_1_142' title='bbox 729 2151 895 2237; x_wconf 81' lang='lat' dir='ltr'><strong>squietare</strong></span> <span class='ocrx_word' id='word_1_143' title='bbox 921 2152 1044 2230; x_wconf 89' lang='lat' dir='ltr'><strong>debuit,</strong></span> <span class='ocrx_word' id='word_1_144' title='bbox 1068 2161 1102 2217; x_wconf 93' lang='lat' dir='ltr'><strong>et</strong></span> <span class='ocrx_word' id='word_1_145' title='bbox 1128 2155 1214 2218; x_wconf 79' lang='lat' dir='ltr'><strong>unde</strong></span> <span class='ocrx_word' id='word_1_146' title='bbox 1240 2154 1327 2219; x_wconf 69' lang='lat' dir='ltr'><strong>idem</strong></span> <span class='ocrx_word' id='word_1_147' title='bbox 1352 2155 1465 2220; x_wconf 67' lang='lat' dir='ltr'><strong>Siffl⁰¹¹</strong></span> 
     </span>
    </p>
   </div>
   <div class='ocr_carea' id='block_1_4' title="bbox 194 2245 1517 4100">
    <p class='ocr_par' dir='ltr' id='par_1_7' title="bbox 194 2245 1466 3172">
     <span class='ocr_line' id='line_1_19' title="bbox 194 2245 1136 2372; baseline -0.007 -45"><span class='ocrx_word' id='word_1_148' title='bbox 194 2245 338 2372; x_wconf 58' lang='lat' dir='ltr'><strong>ffl‘io&#39;dii&#39;</strong></span> <span class='ocrx_word' id='word_1_149' title='bbox 359 2257 507 2344; x_wconf 86' lang='lat' dir='ltr'><strong>queritur</strong></span> <span class='ocrx_word' id='word_1_150' title='bbox 521 2256 607 2341; x_wconf 92' lang='lat' dir='ltr'><strong>quod</strong></span> <span class='ocrx_word' id='word_1_151' title='bbox 621 2277 679 2340; x_wconf 87' lang='lat' dir='ltr'><strong>pro</strong></span> <span class='ocrx_word' id='word_1_152' title='bbox 694 2254 823 2319; x_wconf 84' lang='lat' dir='ltr'><strong>defectu</strong></span> <span class='ocrx_word' id='word_1_153' title='bbox 839 2254 909 2318; x_wconf 92' lang='lat' dir='ltr'><strong>eius</strong></span> <span class='ocrx_word' id='word_1_154' title='bbox 923 2254 1136 2341; x_wconf 86' lang='lat' dir='ltr'><strong>distringitur.</strong></span> 
     </span>
     <span class='ocr_line' id='line_1_20' title="bbox 195 2338 1466 2466; baseline 0.006 -48"><span class='ocrx_word' id='word_1_155' title='bbox 195 2338 341 2466; x_wconf 39' lang='lat' dir='ltr'><strong>ruth}</strong></span> <span class='ocrx_word' id='word_1_156' title='bbox 425 2361 469 2425; x_wconf 88' lang='lat' dir='ltr'><strong>Et</strong></span> <span class='ocrx_word' id='word_1_157' title='bbox 491 2359 625 2425; x_wconf 81' lang='lat' dir='ltr'><strong>Julisna</strong></span> <span class='ocrx_word' id='word_1_158' title='bbox 646 2357 739 2422; x_wconf 92' lang='lat' dir='ltr'><strong>uenit</strong></span> <span class='ocrx_word' id='word_1_159' title='bbox 761 2366 795 2420; x_wconf 91' lang='lat' dir='ltr'><strong>et</strong></span> <span class='ocrx_word' id='word_1_160' title='bbox 817 2357 980 2442; x_wconf 78' lang='lat' dir='ltr'><strong>cognoscit</strong></span> <span class='ocrx_word' id='word_1_161' title='bbox 1002 2357 1088 2442; x_wconf 92' lang='lat' dir='ltr'><strong>quod</strong></span> <span class='ocrx_word' id='word_1_162' title='bbox 1111 2357 1198 2422; x_wconf 88' lang='lat' dir='ltr'><strong>idem</strong></span> <span class='ocrx_word' id='word_1_163' title='bbox 1223 2358 1335 2424; x_wconf 86' lang='lat' dir='ltr'><strong>Simon</strong></span> <span class='ocrx_word' id='word_1_164' title='bbox 1359 2359 1400 2424; x_wconf 89' lang='lat' dir='ltr'><strong>de</strong></span> <span class='ocrx_word' id='word_1_165' title='bbox 1426 2383 1466 2426; x_wconf 78' lang='lat' dir='ltr'><strong>ea</strong></span> 
     </span>
     <span class='ocr_line' id='line_1_21' title="bbox 195 2437 1464 2559; baseline -0.004 -26"><span class='ocrx_word' id='word_1_166' title='bbox 195 2437 314 2559; x_wconf 54' lang='grc' dir='ltr'><strong>ἓξέξξξῑὲ,</strong></span> <span class='ocrx_word' id='word_1_167' title='bbox 358 2467 467 2532; x_wconf 86' lang='lat' dir='ltr'><strong>tenuit</strong></span> <span class='ocrx_word' id='word_1_168' title='bbox 482 2471 706 2531; x_wconf 84' lang='lat' dir='ltr'><strong>tenementum</strong></span> <span class='ocrx_word' id='word_1_169' title='bbox 722 2462 803 2528; x_wconf 89' lang='lat' dir='ltr'><strong>illud</strong></span> <span class='ocrx_word' id='word_1_170' title='bbox 818 2485 876 2548; x_wconf 90' lang='lat' dir='ltr'><strong>per</strong></span> <span class='ocrx_word' id='word_1_171' title='bbox 889 2462 1062 2526; x_wconf 89' lang='lat' dir='ltr'><strong>seruicium</strong></span> <span class='ocrx_word' id='word_1_172' title='bbox 1078 2463 1121 2547; x_wconf 91' lang='lat' dir='ltr'><strong>vj.</strong></span> <span class='ocrx_word' id='word_1_173' title='bbox 1137 2463 1218 2541; x_wconf 86' lang='lat' dir='ltr'><strong>den,</strong></span> <span class='ocrx_word' id='word_1_174' title='bbox 1233 2473 1268 2528; x_wconf 89' lang='lat' dir='ltr'><strong>et</strong></span> <span class='ocrx_word' id='word_1_175' title='bbox 1283 2463 1362 2528; x_wconf 89' lang='lat' dir='ltr'><strong>dicit</strong></span> <span class='ocrx_word' id='word_1_176' title='bbox 1377 2464 1464 2550; x_wconf 94' lang='lat' dir='ltr'><strong>quod</strong></span> 
     </span>
     <span class='ocr_line' id='line_1_22' title="bbox 234 2659 1464 2758; baseline -0.002 -21"><span class='ocrx_word' id='word_1_177' title='bbox 234 2659 249 2698; x_wconf 76' lang='lat'><strong>⁸·</strong></span> <span class='ocrx_word' id='word_1_178' title='bbox 358 2673 444 2758; x_wconf 90' lang='lat' dir='ltr'><strong>quod</strong></span> <span class='ocrx_word' id='word_1_179' title='bbox 459 2673 499 2737; x_wconf 88' lang='lat' dir='ltr'><strong>de</strong></span> <span class='ocrx_word' id='word_1_180' title='bbox 514 2681 621 2737; x_wconf 89' lang='lat' dir='ltr'><strong>cetero</strong></span> <span class='ocrx_word' id='word_1_181' title='bbox 637 2671 680 2735; x_wconf 89' lang='lat' dir='ltr'><strong>sit</strong></span> <span class='ocrx_word' id='word_1_182' title='bbox 697 2669 870 2734; x_wconf 85' lang='lat' dir='ltr'><strong>intendens</strong></span> <span class='ocrx_word' id='word_1_183' title='bbox 890 2669 1084 2754; x_wconf 77' lang='lat' dir='ltr'><strong>capitalibus</strong></span> <span class='ocrx_word' id='word_1_184' title='bbox 1102 2669 1241 2734; x_wconf 89' lang='lat' dir='ltr'><strong>dominis</strong></span> <span class='ocrx_word' id='word_1_185' title='bbox 1261 2679 1296 2734; x_wconf 91' lang='lat' dir='ltr'><strong>et</strong></span> <span class='ocrx_word' id='word_1_186' title='bbox 1315 2670 1464 2755; x_wconf 88' lang='lat' dir='ltr'><strong>quietum</strong></span> 
     </span>
     <span class='ocr_line' id='line_1_23' title="bbox 357 2772 1465 2858; baseline -0.003 -17"><span class='ocrx_word' id='word_1_187' title='bbox 357 2777 476 2841; x_wconf 80' lang='lat' dir='ltr'><strong>clamat</strong></span> <span class='ocrx_word' id='word_1_188' title='bbox 491 2776 596 2840; x_wconf 89' lang='lat' dir='ltr'><strong>eidem</strong></span> <span class='ocrx_word' id='word_1_189' title='bbox 618 2773 743 2840; x_wconf 88' lang='lat' dir='ltr'><strong>Simoni</strong></span> <span class='ocrx_word' id='word_1_190' title='bbox 763 2781 797 2837; x_wconf 89' lang='lat' dir='ltr'><strong>et</strong></span> <span class='ocrx_word' id='word_1_191' title='bbox 817 2772 991 2837; x_wconf 85' lang='lat' dir='ltr'><strong>heredibus</strong></span> <span class='ocrx_word' id='word_1_192' title='bbox 1010 2773 1076 2837; x_wconf 88' lang='lat' dir='ltr'><strong>suis</strong></span> <span class='ocrx_word' id='word_1_193' title='bbox 1099 2795 1156 2858; x_wconf 89' lang='lat' dir='ltr'><strong>pro</strong></span> <span class='ocrx_word' id='word_1_194' title='bbox 1179 2796 1212 2837; x_wconf 91' lang='lat' dir='ltr'><strong>se</strong></span> <span class='ocrx_word' id='word_1_195' title='bbox 1235 2781 1270 2838; x_wconf 90' lang='lat' dir='ltr'><strong>et</strong></span> <span class='ocrx_word' id='word_1_196' title='bbox 1292 2773 1465 2838; x_wconf 88' lang='lat' dir='ltr'><strong>heredibus</strong></span> 
     </span>
     <span class='ocr_line' id='line_1_24' title="bbox 356 2875 1464 2961; baseline -0.004 -17"><span class='ocrx_word' id='word_1_197' title='bbox 356 2879 424 2944; x_wconf 89' lang='lat' dir='ltr'><strong>suis</strong></span> <span class='ocrx_word' id='word_1_198' title='bbox 439 2888 546 2944; x_wconf 90' lang='lat' dir='ltr'><strong>totum</strong></span> <span class='ocrx_word' id='word_1_199' title='bbox 562 2878 692 2943; x_wconf 87' lang='lat' dir='ltr'><strong>feodum</strong></span> <span class='ocrx_word' id='word_1_200' title='bbox 706 2876 788 2942; x_wconf 92' lang='lat' dir='ltr'><strong>illud</strong></span> <span class='ocrx_word' id='word_1_201' title='bbox 804 2885 838 2940; x_wconf 91' lang='lat' dir='ltr'><strong>et</strong></span> <span class='ocrx_word' id='word_1_202' title='bbox 853 2875 1025 2940; x_wconf 86' lang='lat' dir='ltr'><strong>seruieium</strong></span> <span class='ocrx_word' id='word_1_203' title='bbox 1041 2875 1230 2961; x_wconf 88' lang='lat' dir='ltr'><strong>predictum.</strong></span> <span class='ocrx_word' id='word_1_204' title='bbox 1281 2877 1324 2940; x_wconf 85' lang='lat' dir='ltr'><strong>Et</strong></span> <span class='ocrx_word' id='word_1_205' title='bbox 1339 2877 1464 2941; x_wconf 89' lang='lat' dir='ltr'><strong>dictum</strong></span> 
     </span>
     <span class='ocr_line' id='line_1_25' title="bbox 357 2980 1465 3070; baseline -0.003 -21"><span class='ocrx_word' id='word_1_206' title='bbox 357 2994 407 3048; x_wconf 88' lang='lat' dir='ltr'><strong>est</strong></span> <span class='ocrx_word' id='word_1_207' title='bbox 423 2984 548 3049; x_wconf 87' lang='lat' dir='ltr'><strong>Simoni</strong></span> <span class='ocrx_word' id='word_1_208' title='bbox 562 2983 648 3070; x_wconf 91' lang='lat' dir='ltr'><strong>quod</strong></span> <span class='ocrx_word' id='word_1_209' title='bbox 668 2983 708 3047; x_wconf 91' lang='lat' dir='ltr'><strong>de</strong></span> <span class='ocrx_word' id='word_1_210' title='bbox 728 2991 835 3046; x_wconf 90' lang='lat' dir='ltr'><strong>cetero</strong></span> <span class='ocrx_word' id='word_1_211' title='bbox 854 2980 898 3044; x_wconf 86' lang='lat' dir='ltr'><strong>sit</strong></span> <span class='ocrx_word' id='word_1_212' title='bbox 918 2980 1089 3045; x_wconf 87' lang='lat' dir='ltr'><strong>intendens</strong></span> <span class='ocrx_word' id='word_1_213' title='bbox 1109 2981 1304 3066; x_wconf 81' lang='lat' dir='ltr'><strong>capitalibus</strong></span> <span class='ocrx_word' id='word_1_214' title='bbox 1325 2981 1465 3046; x_wconf 88' lang='lat' dir='ltr'><strong>dominis</strong></span> 
     </span>
     <span class='ocr_line' id='line_1_26' title="bbox 357 3085 823 3172; baseline -0.004 -22"><span class='ocrx_word' id='word_1_215' title='bbox 357 3095 389 3150; x_wconf 86' lang='lat' dir='ltr'><strong>et</strong></span> <span class='ocrx_word' id='word_1_216' title='bbox 406 3095 561 3172; x_wconf 82' lang='lat' dir='ltr'><strong>sequetur</strong></span> <span class='ocrx_word' id='word_1_217' title='bbox 575 3085 704 3150; x_wconf 89' lang='lat' dir='ltr'><strong>feodum</strong></span> <span class='ocrx_word' id='word_1_218' title='bbox 719 3107 823 3149; x_wconf 91' lang='lat' dir='ltr'><strong>suum.</strong></span> 
     </span>
    </p>

    <p class='ocr_par' dir='ltr' id='par_1_8' title="bbox 300 3187 1465 3481">
     <span class='ocr_line' id='line_1_27' title="bbox 300 3187 1464 3275; baseline 0.002 -23"><span class='ocrx_word' id='word_1_219' title='bbox 300 3248 307 3262; x_wconf 87' lang='grc'><em>,</em></span> <span class='ocrx_word' id='word_1_220' title='bbox 422 3189 533 3252; x_wconf 83' lang='lat' dir='ltr'><strong>Assiss</strong></span> <span class='ocrx_word' id='word_1_221' title='bbox 547 3188 639 3252; x_wconf 89' lang='lat' dir='ltr'><strong>uenit</strong></span> <span class='ocrx_word' id='word_1_222' title='bbox 654 3187 859 3274; x_wconf 78' lang='lat' dir='ltr'><strong>recognitum</strong></span> <span class='ocrx_word' id='word_1_223' title='bbox 874 3195 932 3251; x_wconf 83' lang='lat' dir='ltr'><strong>etc</strong></span> <span class='ocrx_word' id='word_1_224' title='bbox 948 3187 990 3251; x_wconf 87' lang='lat' dir='ltr'><strong>ed</strong></span> <span class='ocrx_word' id='word_1_225' title='bbox 1006 3187 1172 3252; x_wconf 85' lang='lat' dir='ltr'><strong>ecelesiam</strong></span> <span class='ocrx_word' id='word_1_226' title='bbox 1188 3187 1229 3252; x_wconf 94' lang='lat' dir='ltr'><strong>de</strong></span> <span class='ocrx_word' id='word_1_227' title='bbox 1245 3188 1384 3253; x_wconf 83' lang='lat' dir='ltr'><strong>Mamelc</strong></span> <span class='ocrx_word' id='word_1_228' title='bbox 1400 3211 1464 3275; x_wconf 89' lang='lat' dir='ltr'><strong>que</strong></span> 
     </span>
     <span class='ocr_line' id='line_1_28' title="bbox 356 3291 1465 3358; baseline 0.002 -2"><span class='ocrx_word' id='word_1_229' title='bbox 356 3301 452 3356; x_wconf 78' lang='lat' dir='ltr'><strong>uacat</strong></span> <span class='ocrx_word' id='word_1_230' title='bbox 467 3301 526 3356; x_wconf 87' lang='lat' dir='ltr'><strong>etc</strong></span> <span class='ocrx_word' id='word_1_231' title='bbox 543 3292 635 3356; x_wconf 91' lang='lat' dir='ltr'><strong>cuius</strong></span> <span class='ocrx_word' id='word_1_232' title='bbox 650 3291 898 3356; x_wconf 82' lang='lat' dir='ltr'><strong>oduccacionem</strong></span> <span class='ocrx_word' id='word_1_233' title='bbox 914 3291 1077 3356; x_wconf 87' lang='lat' dir='ltr'><strong>Robertus</strong></span> <span class='ocrx_word' id='word_1_234' title='bbox 1091 3292 1132 3356; x_wconf 87' lang='lat' dir='ltr'><strong>de</strong></span> <span class='ocrx_word' id='word_1_235' title='bbox 1145 3292 1331 3357; x_wconf 81' lang='lat' dir='ltr'><strong>Wudetona</strong></span> <span class='ocrx_word' id='word_1_236' title='bbox 1345 3293 1465 3358; x_wconf 77' lang='lat' dir='ltr'><strong>clamet</strong></span> 
     </span>
     <span class='ocr_line' id='line_1_29' title="bbox 356 3393 1464 3481; baseline 0.001 -22"><span class='ocrx_word' id='word_1_237' title='bbox 356 3417 468 3459; x_wconf 88' lang='lat' dir='ltr'><strong>uersus</strong></span> <span class='ocrx_word' id='word_1_238' title='bbox 497 3395 660 3458; x_wconf 84' lang='lat' dir='ltr'><strong>Abbotem</strong></span> <span class='ocrx_word' id='word_1_239' title='bbox 690 3394 730 3458; x_wconf 95' lang='lat' dir='ltr'><strong>de</strong></span> <span class='ocrx_word' id='word_1_240' title='bbox 761 3393 967 3481; x_wconf 90' lang='lat' dir='ltr'><strong>Wiggemore</strong></span> <span class='ocrx_word' id='word_1_241' title='bbox 997 3403 1031 3458; x_wconf 91' lang='lat' dir='ltr'><strong>et</strong></span> <span class='ocrx_word' id='word_1_242' title='bbox 1062 3393 1149 3458; x_wconf 90' lang='lat' dir='ltr'><strong>unde</strong></span> <span class='ocrx_word' id='word_1_243' title='bbox 1178 3393 1266 3460; x_wconf 90' lang='lat' dir='ltr'><strong>idem</strong></span> <span class='ocrx_word' id='word_1_244' title='bbox 1301 3395 1464 3460; x_wconf 87' lang='lat' dir='ltr'><strong>Robertus</strong></span> 
     </span>
    </p>

    <p class='ocr_par' dir='ltr' id='par_1_9' title="bbox 277 3497 1465 3875">
     <span class='ocr_line' id='line_1_30' title="bbox 277 3497 1465 3586; baseline 0.001 -23"><span class='ocrx_word' id='word_1_245' title='bbox 277 3545 282 3555; x_wconf 85' lang='lat'>-</span> <span class='ocrx_word' id='word_1_246' title='bbox 356 3497 435 3564; x_wconf 86' lang='lat' dir='ltr'><strong>dicit</strong></span> <span class='ocrx_word' id='word_1_247' title='bbox 454 3497 458 3586; x_wconf 75' lang='grc'>1</span> <span class='ocrx_word' id='word_1_248' title='bbox 479 3499 565 3584; x_wconf 92' lang='lat' dir='ltr'><strong>quod</strong></span> <span class='ocrx_word' id='word_1_249' title='bbox 595 3499 727 3585; x_wconf 84' lang='lat' dir='ltr'><strong>quidem</strong></span> <span class='ocrx_word' id='word_1_250' title='bbox 758 3499 840 3584; x_wconf 81' lang='lat' dir='ltr'>Elya</span> <span class='ocrx_word' id='word_1_251' title='bbox 869 3498 910 3562; x_wconf 91' lang='lat' dir='ltr'><strong>de</strong></span> <span class='ocrx_word' id='word_1_252' title='bbox 938 3498 1157 3585; x_wconf 85' lang='lat' dir='ltr'><strong>Huggelegho</strong></span> <span class='ocrx_word' id='word_1_253' title='bbox 1180 3507 1361 3563; x_wconf 70' lang='lat' dir='ltr'><strong>antecessor</strong></span> <span class='ocrx_word' id='word_1_254' title='bbox 1386 3522 1465 3564; x_wconf 86' lang='lat' dir='ltr'><strong>suus</strong></span> 
     </span>
     <span class='ocr_line' id='line_1_31' title="bbox 353 3602 1464 3689; baseline -0.001 -22"><span class='ocrx_word' id='word_1_255' title='bbox 353 3604 555 3689; x_wconf 85' lang='lat' dir='ltr'><strong>presentsuit</strong></span> <span class='ocrx_word' id='word_1_256' title='bbox 585 3603 758 3689; x_wconf 78' lang='lat' dir='ltr'><strong>quemdam</strong></span> <span class='ocrx_word' id='word_1_257' title='bbox 787 3602 988 3667; x_wconf 90' lang='lat' dir='ltr'><strong>Willelmum</strong></span> <span class='ocrx_word' id='word_1_258' title='bbox 1019 3603 1123 3666; x_wconf 89' lang='lat' dir='ltr'><strong>filium</strong></span> <span class='ocrx_word' id='word_1_259' title='bbox 1154 3603 1225 3666; x_wconf 84' lang='lat' dir='ltr'><strong>Elie</strong></span> <span class='ocrx_word' id='word_1_260' title='bbox 1255 3602 1297 3668; x_wconf 83' lang='lat' dir='ltr'><strong>sd</strong></span> <span class='ocrx_word' id='word_1_261' title='bbox 1326 3602 1464 3667; x_wconf 81' lang='lat' dir='ltr'><strong>eandem</strong></span> 
     </span>
     <span class='ocr_line' id='line_1_32' title="bbox 353 3705 1463 3792; baseline -0.002 -22"><span class='ocrx_word' id='word_1_262' title='bbox 353 3707 520 3772; x_wconf 84' lang='lat' dir='ltr'><strong>ecclesiam</strong></span> <span class='ocrx_word' id='word_1_263' title='bbox 543 3706 600 3792; x_wconf 93' lang='lat' dir='ltr'><strong>qui</strong></span> <span class='ocrx_word' id='word_1_264' title='bbox 624 3706 667 3775; x_wconf 81' lang='lat' dir='ltr'><strong>ad</strong></span> <span class='ocrx_word' id='word_1_265' title='bbox 691 3705 968 3792; x_wconf 70' lang='lat' dir='ltr'><strong>presente-cionem</strong></span> <span class='ocrx_word' id='word_1_266' title='bbox 993 3727 1086 3770; x_wconf 82' lang='lat' dir='ltr'><strong>susm</strong></span> <span class='ocrx_word' id='word_1_267' title='bbox 1113 3705 1177 3770; x_wconf 83' lang='lat' dir='ltr'><strong>fuit</strong></span> <span class='ocrx_word' id='word_1_268' title='bbox 1200 3713 1261 3770; x_wconf 92' lang='lat' dir='ltr'><strong>etc.</strong></span> <span class='ocrx_word' id='word_1_269' title='bbox 1287 3713 1322 3769; x_wconf 88' lang='lat' dir='ltr'><strong>et</strong></span> <span class='ocrx_word' id='word_1_270' title='bbox 1345 3705 1463 3769; x_wconf 93' lang='lat' dir='ltr'><strong>ultimo</strong></span> 
     </span>
     <span class='ocr_line' id='line_1_33' title="bbox 352 3819 412 3875; baseline 0.017 -1"><span class='ocrx_word' id='word_1_271' title='bbox 352 3819 412 3875; x_wconf 83' lang='lat' dir='ltr'><strong>etc</strong></span> 
     </span>
    </p>

    <p class='ocr_par' dir='ltr' id='par_1_10' title="bbox 351 3911 1517 4100">
     <span class='ocr_line' id='line_1_34' title="bbox 418 3911 1462 4008; baseline -0.002 -30"><span class='ocrx_word' id='word_1_272' title='bbox 418 3915 461 3978; x_wconf 88' lang='lat' dir='ltr'><strong>Et</strong></span> <span class='ocrx_word' id='word_1_273' title='bbox 475 3914 587 3978; x_wconf 84' lang='lat' dir='ltr'><strong>Abbas</strong></span> <span class='ocrx_word' id='word_1_274' title='bbox 602 3913 694 3978; x_wconf 88' lang='lat' dir='ltr'><strong>uenit</strong></span> <span class='ocrx_word' id='word_1_275' title='bbox 710 3921 744 3977; x_wconf 89' lang='lat' dir='ltr'><strong>et</strong></span> <span class='ocrx_word' id='word_1_276' title='bbox 758 3913 841 3978; x_wconf 88' lang='lat' dir='ltr'><strong>bene</strong></span> <span class='ocrx_word' id='word_1_277' title='bbox 857 3913 1020 4008; x_wconf 89' lang='lat' dir='ltr'><strong>cognoscit</strong></span> <span class='ocrx_word' id='word_1_278' title='bbox 1035 3912 1122 3998; x_wconf 93' lang='lat' dir='ltr'><strong>quod</strong></span> <span class='ocrx_word' id='word_1_279' title='bbox 1137 3911 1317 3998; x_wconf 83' lang='lat' dir='ltr'><strong>predictus⁸</strong></span> <span class='ocrx_word' id='word_1_280' title='bbox 1331 3933 1462 3997; x_wconf 84' lang='lat' dir='ltr'><strong>presen-</strong></span> 
     </span>
     <span class='ocr_line' id='line_1_35' title="bbox 351 4015 1517 4100; baseline -0.001 -20"><span class='ocrx_word' id='word_1_281' title='bbox 351 4017 438 4081; x_wconf 84' lang='lat' dir='ltr'><strong>tauit</strong></span> <span class='ocrx_word' id='word_1_282' title='bbox 453 4016 495 4082; x_wconf 80' lang='lat' dir='ltr'><strong>od</strong></span> <span class='ocrx_word' id='word_1_283' title='bbox 513 4015 679 4084; x_wconf 86' lang='lat' dir='ltr'><strong>ecclesiam</strong></span> <span class='ocrx_word' id='word_1_284' title='bbox 699 4016 789 4080; x_wconf 81' lang='lat' dir='ltr'><strong>illam</strong></span> <span class='ocrx_word' id='word_1_285' title='bbox 809 4016 993 4100; x_wconf 89' lang='lat' dir='ltr'><strong>predictum</strong></span> <span class='ocrx_word' id='word_1_286' title='bbox 1013 4015 1215 4078; x_wconf 88' lang='lat' dir='ltr'><strong>Willelmum</strong></span> <span class='ocrx_word' id='word_1_287' title='bbox 1238 4023 1288 4078; x_wconf 89' lang='lat' dir='ltr'><strong>set</strong></span> <span class='ocrx_word' id='word_1_288' title='bbox 1310 4037 1376 4079; x_wconf 92' lang='lat' dir='ltr'><strong>non</strong></span> <span class='ocrx_word' id='word_1_289' title='bbox 1398 4016 1462 4079; x_wconf 84' lang='lat' dir='ltr'><strong>fuit</strong></span> <span class='ocrx_word' id='word_1_290' title='bbox 1515 4095 1517 4098; x_wconf 16' lang='grc' dir='ltr'>Ι</span> 
     </span>
    </p>
   </div>
   <div class='ocr_carea' id='block_1_5' title="bbox 350 4119 1461 4206">
    <p class='ocr_par' dir='ltr' id='par_1_11' title="bbox 350 4119 1461 4206">
     <span class='ocr_line' id='line_1_36' title="bbox 350 4119 1461 4206; baseline -0.003 -19"><span class='ocrx_word' id='word_1_291' title='bbox 350 4121 510 4188; x_wconf 78' lang='lat' dir='ltr'><strong>admissus</strong></span> <span class='ocrx_word' id='word_1_292' title='bbox 535 4143 671 4206; x_wconf 82' lang='lat' dir='ltr'><strong>persons</strong></span> <span class='ocrx_word' id='word_1_293' title='bbox 693 4121 728 4185; x_wconf 91' lang='lat' dir='ltr'><strong>in</strong></span> <span class='ocrx_word' id='word_1_294' title='bbox 754 4120 876 4198; x_wconf 82' lang='lat' dir='ltr'><strong>eodem,</strong></span> <span class='ocrx_word' id='word_1_295' title='bbox 898 4129 948 4184; x_wconf 89' lang='lat' dir='ltr'><strong>set</strong></span> <span class='ocrx_word' id='word_1_296' title='bbox 974 4127 1047 4206; x_wconf 88' lang='lat' dir='ltr'><strong>post</strong></span> <span class='ocrx_word' id='word_1_297' title='bbox 1072 4119 1348 4204; x_wconf 80' lang='lat' dir='ltr'><strong>presentocionem</strong></span> <span class='ocrx_word' id='word_1_298' title='bbox 1371 4119 1461 4184; x_wconf 78' lang='lat' dir='ltr'><strong>illem</strong></span> 
     </span>
    </p>
   </div>
   <div class='ocr_carea' id='block_1_6' title="bbox 351 4261 1460 4518">
    <p class='ocr_par' dir='ltr' id='par_1_12' title="bbox 351 4261 1460 4518">
     <span class='ocr_line' id='line_1_37' title="bbox 383 4261 1460 4326; baseline -0.003 -13"><span class='ocrx_word' id='word_1_299' title='bbox 383 4263 492 4313; x_wconf 84' lang='lat' dir='ltr'><strong>¹There</strong></span> <span class='ocrx_word' id='word_1_300' title='bbox 509 4263 532 4313; x_wconf 89' lang='lat' dir='ltr'><strong>is</strong></span> <span class='ocrx_word' id='word_1_301' title='bbox 548 4279 578 4313; x_wconf 86' lang='lat' dir='ltr'><strong>or</strong></span> <span class='ocrx_word' id='word_1_302' title='bbox 593 4279 647 4314; x_wconf 77' lang='lat' dir='ltr'><strong>uss</strong></span> <span class='ocrx_word' id='word_1_303' title='bbox 663 4279 679 4314; x_wconf 80' lang='lat' dir='ltr'><strong>a</strong></span> <span class='ocrx_word' id='word_1_304' title='bbox 693 4279 787 4313; x_wconf 76' lang='lat' dir='ltr'><strong>monor</strong></span> <span class='ocrx_word' id='word_1_305' title='bbox 797 4263 879 4313; x_wconf 76' lang='lat' dir='ltr'><strong>called</strong></span> <span class='ocrx_word' id='word_1_306' title='bbox 930 4261 1022 4314; x_wconf 88' lang='lat' dir='ltr'><strong>torned</strong></span> <span class='ocrx_word' id='word_1_307' title='bbox 1050 4267 1086 4314; x_wconf 92' lang='lat' dir='ltr'><strong>to.</strong></span> <span class='ocrx_word' id='word_1_308' title='bbox 1139 4263 1194 4312; x_wconf 86' lang='lat' dir='ltr'><strong>The</strong></span> <span class='ocrx_word' id='word_1_309' title='bbox 1221 4277 1312 4318; x_wconf 74' lang='lat' dir='ltr'><strong>mosne</strong></span> <span class='ocrx_word' id='word_1_310' title='bbox 1342 4261 1460 4326; x_wconf 84' lang='lat' dir='ltr'><strong>lordship</strong></span> 
     </span>
     <span class='ocr_line' id='line_1_38' title="bbox 351 4327 1171 4444; baseline -0.001 -67"><span class='ocrx_word' id='word_1_311' title='bbox 351 4329 564 4443; x_wconf 51' lang='lat' dir='ltr'><strong>{tingigaeundri</strong></span> <span class='ocrx_word' id='word_1_312' title='bbox 596 4330 877 4386; x_wconf 73' lang='lat' dir='ltr'><strong>Morunt&#39;sEscex‚vol.</strong></span> <span class='ocrx_word' id='word_1_313' title='bbox 930 4327 1072 4444; x_wconf 50' lang='lat' dir='ltr'><strong>vaiigiffl&#39;l</strong></span> <span class='ocrx_word' id='word_1_314' title='bbox 1101 4395 1171 4443; x_wconf 60' lang='grc' dir='ltr'><strong>ΕΜ</strong></span> 
     </span>
     <span class='ocr_line' id='line_1_39' title="bbox 369 4408 1180 4518; baseline -0.006 -7"><span class='ocrx_word' id='word_1_315' title='bbox 369 4409 516 4511; x_wconf 45' lang='lat' dir='ltr'><strong>’²p&#39;See&#39;Br.</strong></span> <span class='ocrx_word' id='word_1_316' title='bbox 537 4459 555 4510; x_wconf 80' lang='lat' dir='ltr'><strong>s.</strong></span> <span class='ocrx_word' id='word_1_317' title='bbox 574 4459 648 4518; x_wconf 81' lang='lat' dir='ltr'><strong>23b;</strong></span> <span class='ocrx_word' id='word_1_318' title='bbox 669 4467 820 4516; x_wconf 71' lang='lat' dir='ltr'><strong>adornatur,</strong></span> <span class='ocrx_word' id='word_1_319' title='bbox 839 4463 877 4507; x_wconf 81' lang='lat' dir='ltr'><strong>st·</strong></span> <span class='ocrx_word' id='word_1_320' title='bbox 1028 4408 1089 4456; x_wconf 57' lang='grc' dir='ltr'>Ἠ</span> <span class='ocrx_word' id='word_1_321' title='bbox 1135 4409 1180 4457; x_wconf 69' lang='lat' dir='ltr'><strong>J.</strong></span> 
     </span>
    </p>
   </div>
   <div class='ocr_carea' id='block_1_7' title="bbox 0 0 1684 5236">
    <p class='ocr_par' dir='ltr' id='par_1_13' title="bbox 0 0 1684 5236">
     <span class='ocr_line' id='line_1_40' title="bbox 0 0 1684 5236; baseline 0 1"><span class='ocrx_word' id='word_1_322' title='bbox 0 0 1684 5236; x_wconf 95' lang='lat' dir='ltr'><strong> </strong></span> 
     </span>
    </p>
   </div>
  </div>
 </body>
</html>
