3212 5230
342 406 580 469 mensuruus,
602 407 669 458 nn.
693 395 871 469 11111111
897 396 1032 460 13-14.
1175 397 1238 464 299

151 583 188 648 de
206 581 389 648 Pendemore
411 581 447 646 in
467 581 607 648 liberum
628 581 836 670 maritagium
858 581 993 670 Hugoni
1008 582 1048 648 da
1071 583 1240 648 Moreuioo

151 709 218 752 cum
239 685 304 772 ipsa
323 685 479 762 Alinaet
502 685 589 771 quod
610 685 690 750 uilla
710 685 750 750 de
773 683 971 750 Pendemore
993 685 1120 749 nullum
1142 685 1241 750 debet

152 790 325 856 forinsecum
340 797 373 854 et
388 789 478 875 quod
491 811 659 874 nunquam
674 788 766 852 dedit
780 788 973 854 forinsecum
987 787 1080 874 ponit
1094 809 1128 852 se
1143 811 1241 874 super

153 892 283 978 patum
326 893 369 958 Et
398 899 597 980 cognoscunt
620 892 707 978 quod
730 891 880 956 omnibus
905 890 1058 956 19111991
1084 891 1149 955 1911ι
1176 913 1239 976 que

152 993 208 1079 ipsi
226 995 364 1080 Bogenrs
384 1002 421 1062 et
441 993 543 1058 Alina
563 993 604 1058 de
625 1015 664 1060 eo
691 1001 808 1060 tenent
832 992 953 1058 debent
977 991 1020 1058 ad
1048 1001 1176 1058 scutum
1206 992 1238 1078 ij.

153 1119 294 1162 marnxr.
309 1096 361 1162 sol
378 1096 653 1182 etndplusplus,
669 1096 760 1162 etad
774 1096 883 1161 minus
898 1096 1013 1162 minna

209 1201 247 1266 111
263 1223 360 1287 quum
383 1201 541 1266 Ricardus
561 1223 620 1287 per
640 1209 841 1268 alternatum
863 1223 959 1266 suum
981 1201 1132 1288 eognouit
1154 1201 1241 1287 quod

152 1303 245 1370 dictus
258 1304 412 1370 Ricardus
428 1327 488 1370 nee
503 1313 596 1390 pater
612 1327 690 1370 suus
709 1304 840 1390 aliquod
855 1304 1047 1370 forinsecum
1067 1305 1239 1370 seruicium

151 1417 290 1493 oeperunt
310 1431 467 1494 nmquam
492 1409 533 1474 de
557 1409 637 1474 uilla
659 1409 700 1474 de
727 1409 924 1474 Pendomore
951 1417 986 1474 et
1011 1418 1156 1496 tempore
1184 1409 1240 1476 ani

151 1511 194 1576 sui
213 1511 298 1576 nulla
316 1512 397 1576 uilla
418 1512 465 1576 ibi
487 1512 551 1576 fuit
572 1535 637 1598 quo
659 1512 849 1578 forinsecum
871 1513 986 1578 datum
1007 1513 1070 1578 suit
1091 1522 1130 1578 ut
1152 1513 1239 1578 idem

151 1615 290 1680 Rioardus
311 1615 404 1692 dixit,
420 1615 666 1681 Oonsideratnm
689 1615 845 1702 estquod
867 1616 974 1682 dictus
993 1616 1150 1682 Ricardus
1166 1618 1238 1684 nul-

151 1718 207 1782 lnrn
221 1717 407 1782 forinsecum
422 1717 499 1784 inde
514 1718 643 1805 exigere
658 1727 766 1804 potest
781 1727 816 1786 et
836 1717 909 1784 ideo
924 1719 1070 1806 Rogerus
1091 1729 1126 1785 et
1140 1719 1240 1786 Alina

150 1822 214 1888 inde
226 1823 291 1887 sine
307 1822 361 1888 die
375 1831 410 1887 et
426 1822 584 1888 Ricardus
599 1822 634 1888 in
648 1822 872 1888 misericordie

60 1965 65 1980 ·
90 1971 110 1988 ..
202 1924 307 1990 Abbas
327 1924 368 1990 de
390 1923 475 1990 Hal¹
491 1923 577 2010 petit
597 1947 710 1990 uersus
724 1925 918 2012 Margen'am
941 1924 981 1992 de
997 1926 1138 2012 Ripariis
1152 1928 1238 2014 quod
1279 1951 1376 1992 saroa.

148 2028 278 2114 aquietet
299 2051 376 2094 eum
399 2029 439 2094 de
462 2028 606 2094 seruiciis
629 2036 664 2094 et
685 2027 974 2094 consuetudinibus
995 2052 1058 2115 qne
1084 2030 1238 2116 capitales

147 2129 254 2196 domini
268 2131 406 2219 exigunt
419 2131 461 2196 ab
480 2153 519 2196 99
540 2131 581 2197 de
602 2139 790 2196 tenemento
804 2132 890 2218 quod
912 2131 999 2198 idem
1014 2132 1126 2198 Abbas
1145 2141 1238 2200 tenet

146 2233 179 2300 de
205 2234 314 2300 eadem
345 2234 507 2321 Margeria
535 2233 570 2299 in
600 2234 806 2300 Horeburnia
833 2243 868 2299 et
898 2235 1121 2314 Smethewieo,
1150 2237 1237 2302 unde

146 2337 219 2402 idem
230 2338 341 2404 Abbos
355 2338 503 2424 queritur
516 2337 604 2423 quod
617 2338 801 2402 Alexander
816 2337 993 2424 Episcopus
1009 2338 1238 2406 Oouentrensis

144 2440 296 2528 distringit
332 2441 437 2527 ipsam
467 2440 661 2528 Margeriam
691 2463 750 2526 per
777 2449 1003 2505 tenementum
1034 2441 1120 2527 quod
1150 2441 1237 2508 idem

143 2545 241 2612 Abbas
277 2555 371 2610 tenet
400 2545 440 2610 de
470 2567 510 2610 ea
539 2544 581 2610 ad
611 2545 772 2610 faciendas
801 2553 905 2610 sectas
940 2553 975 2612 et
1004 2545 1046 2612 ed
1074 2545 1239 2612 reddenda

143 2648 275 2734 soutagia
289 2671 349 2735 per
362 2647 448 2734 quod
464 2648 677 2714 deterioratus
691 2656 790 2714 estet
806 2648 983 2734 dampnum
999 2648 1098 2714 habet
1113 2657 1172 2714 eto.

197 2751 239 2816 Et
269 2751 432 2838 Margeria
459 2775 519 2838 per
547 2760 748 2818 attor-natum
778 2775 874 2818 suum
904 2753 997 2819 uenit
1027 2762 1062 2818 et
1092 2755 1238 2821 defendit

35 2893 41 2904 ·
143 2855 276 2938 predicta
305 2855 447 2942 dampna
471 2865 506 2922 et
529 2856 717 2943 dicitquod
738 2879 803 2924 non
826 2865 919 2923 tenet
941 2858 1070 2924 feodum
1092 2858 1174 2923 illud
1196 2859 1236 2924 de

144 2958 288 3046 Episoopo
311 2960 527 3026 Couentrensi
549 2971 599 3028 set
626 2971 717 3028 tenet
743 2963 873 3028 feodum
899 2963 981 3028 illud
1006 2963 1047 3028 de
1073 2963 1238 3030 Willelmo

143 3060 335 3149 Lungespeie
372 3072 407 3128 et
436 3063 559 3128 Idonea
594 3087 692 3130 uxore
722 3065 793 3130 eius
822 3074 857 3130 et
886 3065 961 3130 inde
991 3075 1087 3130 uocat
1112 3089 1166 3132 eos
1195 3067 1237 3134 ad

142 3175 310 3231 warantum
334 3167 411 3252 quia
431 3167 507 3232 inde
529 3166 694 3232 fecerunt¹
717 3168 904 3255 homagium
926 3175 985 3232 etc.
1010 3167 1131 3234 eisdem
1154 3168 1237 3232 Wil-

142 3267 225 3334 lelrno
246 3279 283 3334 et
309 3269 439 3348 Idonee‚
461 3269 581 3334 habeat
602 3292 657 3335 eos
679 3278 738 3336 eto.
761 3279 796 3335 et
818 3271 899 3336 sum'
923 3269 1011 3336 Com'
1035 3270 1147 3336 Berok.
1193 3271 1237 3336 Et

140 3373 321 3438 mandatum
345 3381 395 3438 est
423 3372 607 3438 uiceoomiti
637 3373 810 3438 Staffordie
840 3371 926 3459 quod
955 3371 1087 3436 interim
1117 3372 1235 3438 habere

141 3477 227 3542 faeiat
249 3477 377 3544 Abbati
402 3476 478 3542 inde
503 3499 616 3564 paoem
646 3499 811 3562 quousque
833 3476 955 3542 sciatur
976 3476 1048 3562 quis
1069 3476 1235 3564 aquietare

140 3577 246 3644 debeat
260 3587 322 3644 etc.

55 3703 103 3768 363·
195 3683 254 3748 Ela
292 3682 466 3750 Comitissa
501 3681 669 3748 Sarisbirie
707 3704 765 3768 per
794 3689 995 3746 attornatum
1024 3703 1120 3746 suum
1149 3681 1235 3766 petit
1278 3709 1360 3752 nom.

140 3807 240 3852 uersus
266 3787 469 3852 willelmum
491 3785 646 3852 Briwerre
669 3809 766 3872 quem
789 3785 945 3852 Osbertus
968 3785 1092 3850 Giffnrd
1113 3793 1148 3850 et
1170 3786 1234 3851 Re-

140 3889 279 3978 giualdus
308 3891 348 3955 de
379 3891 480 3954 Moun
503 3897 621 3954 uocant
643 3888 685 3954 ad
707 3897 887 3954 warantum
909 3897 944 3952 et
966 3889 1022 3974 qui
1044 3889 1091 3954 eis
1115 3913 1233 3955 waren-

142 3993 244 4060 tizauit
273 3993 330 4079 iiij.
357 4015 458 4059 carue.
490 4001 575 4059 tene
605 3993 639 4058 in
670 3992 914 4058 Winterbumia
943 3993 1070 4066 Eercles
1099 4003 1235 4081 excepta

140 4097 341 4164 aduooacione
360 4096 365 4184 Ι
385 4097 531 4162 eiusdem
565 4096 644 4162 uille
681 4105 719 4161 ut
754 4096 805 4162 ius
839 4119 934 4162 suum
971 4097 1006 4162 in
1035 4121 1132 4184 quam
1169 4123 1233 4164 non
1286 4122 1352 4172 [111]

141 4198 227 4266 habet
249 4199 431 4288 ingressum
457 4199 520 4264 nisi
541 4222 600 4285 per
621 4199 822 4264 Willelmum
845 4199 1006 4265 Brewerre
1030 4201 1082 4266 cui
1109 4201 1233 4267 Willel·

168 4365 577 4431 11111199·01191111111111911911119.
603 4367 656 4418 Mo·
741 4369 751 4400 ²
768 4367 839 4418 corr.
848 4369 921 4430 fecit.

144 4432 261 4482 11911191.
273 4433 297 4494 t,
311 4446 336 4495 p.
351 4435 407 4484 926.
