<?xml version="1.0" encoding="UTF-8"?>
<!DOCTYPE html PUBLIC "-//W3C//DTD XHTML 1.0 Transitional//EN"
    "http://www.w3.org/TR/xhtml1/DTD/xhtml1-transitional.dtd">
<html xmlns="http://www.w3.org/1999/xhtml" xml:lang="en" lang="en">
 <head>
  <title>
</title>
<meta http-equiv="Content-Type" content="text/html;charset=utf-8" />
  <meta name='ocr-system' content='tesseract 3.04.00' />
  <meta name='ocr-capabilities' content='ocr_page ocr_carea ocr_par ocr_line ocrx_word'/>
</head>
<body>
  <div class='ocr_page' id='page_1' title='image "./bractonsnoteboo04bracgoog_0560.png"; bbox 0 0 3360 5236; ppageno 0'>
   <div class='ocr_carea' id='block_1_1' title="bbox 344 436 1138 510">
    <p class='ocr_par' dir='ltr' id='par_1_1' title="bbox 344 436 1138 510">
     <span class='ocr_line' id='line_1_1' title="bbox 344 436 1138 510; baseline -0.003 -10"><span class='ocrx_word' id='word_1_1' title='bbox 344 437 408 501; x_wconf 77' lang='lat'><strong>552</strong></span> <span class='ocrx_word' id='word_1_2' title='bbox 646 451 796 510; x_wconf 80' lang='lat' dir='ltr'><strong>rruurrr,</strong></span> <span class='ocrx_word' id='word_1_3' title='bbox 819 451 883 498; x_wconf 69' lang='lat' dir='ltr'><strong>an.</strong></span> <span class='ocrx_word' id='word_1_4' title='bbox 909 437 1002 508; x_wconf 77' lang='lat'>1225,</span> <span class='ocrx_word' id='word_1_5' title='bbox 1025 451 1086 497; x_wconf 74' lang='lat' dir='ltr'><strong>nn</strong></span> <span class='ocrx_word' id='word_1_6' title='bbox 1111 436 1138 498; x_wconf 91' lang='lat'><strong>9.</strong></span> 
     </span>
    </p>
   </div>
   <div class='ocr_carea' id='block_1_2' title="bbox 342 622 1455 814">
    <p class='ocr_par' dir='ltr' id='par_1_2' title="bbox 342 622 1455 814">
     <span class='ocr_line' id='line_1_2' title="bbox 343 622 1455 712; baseline -0.006 -18"><span class='ocrx_word' id='word_1_7' title='bbox 343 626 416 694; x_wconf 92' lang='lat' dir='ltr'><strong>ideo</strong></span> <span class='ocrx_word' id='word_1_8' title='bbox 441 623 678 694; x_wconf 89' lang='lat' dir='ltr'><strong>oonsideratum</strong></span> <span class='ocrx_word' id='word_1_9' title='bbox 705 633 755 690; x_wconf 88' lang='lat' dir='ltr'><strong>est</strong></span> <span class='ocrx_word' id='word_1_10' title='bbox 781 622 867 712; x_wconf 91' lang='lat' dir='ltr'><strong>quod</strong></span> <span class='ocrx_word' id='word_1_11' title='bbox 889 623 1001 689; x_wconf 83' lang='lat' dir='ltr'><strong>Abbos</strong></span> <span class='ocrx_word' id='word_1_12' title='bbox 1026 622 1179 710; x_wconf 83' lang='lat' dir='ltr'><strong>procedat</strong></span> <span class='ocrx_word' id='word_1_13' title='bbox 1202 623 1278 690; x_wconf 87' lang='lat' dir='ltr'><strong>inda</strong></span> <span class='ocrx_word' id='word_1_14' title='bbox 1301 624 1337 688; x_wconf 91' lang='lat' dir='ltr'><strong>in</strong></span> <span class='ocrx_word' id='word_1_15' title='bbox 1361 622 1455 688; x_wconf 85' lang='lat' dir='ltr'><strong>euris</strong></span> 
     </span>
     <span class='ocr_line' id='line_1_3' title="bbox 342 724 1455 814; baseline -0.004 -18"><span class='ocrx_word' id='word_1_16' title='bbox 342 729 566 797; x_wconf 74' lang='lat' dir='ltr'><strong>cristianitatis</strong></span> <span class='ocrx_word' id='word_1_17' title='bbox 591 729 619 794; x_wconf 93' lang='lat' dir='ltr'><strong>si</strong></span> <span class='ocrx_word' id='word_1_18' title='bbox 644 727 786 796; x_wconf 88' lang='lat' dir='ltr'><strong>uoluerit</strong></span> <span class='ocrx_word' id='word_1_19' title='bbox 815 735 850 793; x_wconf 85' lang='lat' dir='ltr'><strong>et</strong></span> <span class='ocrx_word' id='word_1_20' title='bbox 878 726 999 793; x_wconf 86' lang='lat' dir='ltr'><strong>habeat</strong></span> <span class='ocrx_word' id='word_1_21' title='bbox 1023 726 1123 793; x_wconf 88' lang='lat' dir='ltr'><strong>breue</strong></span> <span class='ocrx_word' id='word_1_22' title='bbox 1149 725 1191 792; x_wconf 87' lang='lat' dir='ltr'><strong>od</strong></span> <span class='ocrx_word' id='word_1_23' title='bbox 1216 725 1339 792; x_wconf 90' lang='lat' dir='ltr'><strong>iudioes</strong></span> <span class='ocrx_word' id='word_1_24' title='bbox 1365 724 1455 814; x_wconf 91' lang='lat' dir='ltr'><strong>quod</strong></span> 
     </span>
    </p>
   </div>
   <div class='ocr_carea' id='block_1_3' title="bbox 253 830 1454 1132">
    <p class='ocr_par' dir='ltr' id='par_1_3' title="bbox 253 830 1454 1132">
     <span class='ocr_line' id='line_1_4' title="bbox 343 830 1093 925; baseline -0.011 -22"><span class='ocrx_word' id='word_1_25' title='bbox 343 835 518 925; x_wconf 77' lang='lat' dir='ltr'>procedant</span> <span class='ocrx_word' id='word_1_26' title='bbox 533 857 598 900; x_wconf 90' lang='lat' dir='ltr'><strong>non</strong></span> <span class='ocrx_word' id='word_1_27' title='bbox 613 833 763 899; x_wconf 86' lang='lat' dir='ltr'><strong>obstante</strong></span> <span class='ocrx_word' id='word_1_28' title='bbox 778 830 998 918; x_wconf 88' lang='lat' dir='ltr'><strong>prohibicione</strong></span> <span class='ocrx_word' id='word_1_29' title='bbox 1013 831 1093 897; x_wconf 79' lang='lat' dir='ltr'><strong>ete¹</strong></span> 
     </span>
     <span class='ocr_line' id='line_1_5' title="bbox 286 935 1454 1006; baseline -0.002 -4"><span class='ocrx_word' id='word_1_30' title='bbox 286 989 292 1002; x_wconf 94' lang='lat'><em>.</em></span> <span class='ocrx_word' id='word_1_31' title='bbox 408 939 613 1006; x_wconf 78' lang='lat' dir='ltr'><strong>&#39;Willelmus</strong></span> <span class='ocrx_word' id='word_1_32' title='bbox 639 937 679 1004; x_wconf 87' lang='lat' dir='ltr'><strong>de</strong></span> <span class='ocrx_word' id='word_1_33' title='bbox 706 937 833 1003; x_wconf 85' lang='lat' dir='ltr'><strong>Baioeis</strong></span> <span class='ocrx_word' id='word_1_34' title='bbox 859 943 894 1001; x_wconf 89' lang='lat' dir='ltr'><strong>et</strong></span> <span class='ocrx_word' id='word_1_35' title='bbox 917 935 1023 1002; x_wconf 83' lang='lat' dir='ltr'><strong>Adam</strong></span> <span class='ocrx_word' id='word_1_36' title='bbox 1049 935 1091 1002; x_wconf 88' lang='lat' dir='ltr'><strong>de</strong></span> <span class='ocrx_word' id='word_1_37' title='bbox 1113 935 1239 1002; x_wconf 89' lang='lat' dir='ltr'><strong>Baioeis</strong></span> <span class='ocrx_word' id='word_1_38' title='bbox 1261 935 1454 1003; x_wconf 87' lang='lat' dir='ltr'><strong>summoniti</strong></span> 
     </span>
     <span class='ocr_line' id='line_1_6' title="bbox 253 1042 1454 1132; baseline -0.004 -21"><span class='ocrx_word' id='word_1_39' title='bbox 253 1051 283 1081; x_wconf 74' lang='lat'><strong>¹¹⁰·</strong></span> <span class='ocrx_word' id='word_1_40' title='bbox 343 1043 505 1123; x_wconf 83' lang='lat' dir='ltr'><strong>fuerunt⁸,</strong></span> <span class='ocrx_word' id='word_1_41' title='bbox 535 1065 599 1132; x_wconf 92' lang='lat' dir='ltr'><strong>quo</strong></span> <span class='ocrx_word' id='word_1_42' title='bbox 629 1043 699 1109; x_wconf 93' lang='lat' dir='ltr'><strong>iure</strong></span> <span class='ocrx_word' id='word_1_43' title='bbox 728 1043 865 1130; x_wconf 83' lang='lat' dir='ltr'><strong>exigunt</strong></span> <span class='ocrx_word' id='word_1_44' title='bbox 897 1064 1102 1108; x_wconf 90' lang='lat' dir='ltr'><strong>oommunam</strong></span> <span class='ocrx_word' id='word_1_45' title='bbox 1138 1049 1270 1130; x_wconf 82' lang='lat' dir='ltr'><strong>pastore</strong></span> <span class='ocrx_word' id='word_1_46' title='bbox 1299 1042 1334 1108; x_wconf 90' lang='lat' dir='ltr'><strong>in</strong></span> <span class='ocrx_word' id='word_1_47' title='bbox 1363 1051 1454 1107; x_wconf 83' lang='lat' dir='ltr'><strong>terra</strong></span> 
     </span>
    </p>
   </div>
   <div class='ocr_carea' id='block_1_4' title="bbox 202 1145 1452 1234">
    <p class='ocr_par' dir='ltr' id='par_1_4' title="bbox 202 1145 1452 1234">
     <span class='ocr_line' id='line_1_7' title="bbox 202 1145 1452 1234; baseline -0.006 -16"><span class='ocrx_word' id='word_1_48' title='bbox 202 1165 230 1194; x_wconf 84' lang='lat'><strong>¹¹⁰</strong></span> <span class='ocrx_word' id='word_1_49' title='bbox 343 1150 463 1217; x_wconf 89' lang='lat' dir='ltr'><strong>Prioris</strong></span> <span class='ocrx_word' id='word_1_50' title='bbox 492 1149 533 1216; x_wconf 93' lang='lat' dir='ltr'><strong>de</strong></span> <span class='ocrx_word' id='word_1_51' title='bbox 560 1147 649 1215; x_wconf 84' lang='lat' dir='ltr'><strong>Sixle</strong></span> <span class='ocrx_word' id='word_1_52' title='bbox 674 1148 710 1213; x_wconf 89' lang='lat' dir='ltr'><strong>in</strong></span> <span class='ocrx_word' id='word_1_53' title='bbox 735 1146 921 1234; x_wconf 86' lang='lat' dir='ltr'><strong>Lesggesby</strong></span> <span class='ocrx_word' id='word_1_54' title='bbox 946 1145 1072 1212; x_wconf 88' lang='lat' dir='ltr'><strong>desieut</strong></span> <span class='ocrx_word' id='word_1_55' title='bbox 1097 1146 1185 1213; x_wconf 90' lang='lat' dir='ltr'><strong>idem</strong></span> <span class='ocrx_word' id='word_1_56' title='bbox 1210 1146 1302 1212; x_wconf 89' lang='lat' dir='ltr'><strong>Prior</strong></span> <span class='ocrx_word' id='word_1_57' title='bbox 1326 1147 1452 1212; x_wconf 85' lang='lat' dir='ltr'><strong>nullam</strong></span> 
     </span>
    </p>
   </div>
   <div class='ocr_carea' id='block_1_5' title="bbox 343 1251 1454 2380">
    <p class='ocr_par' dir='ltr' id='par_1_5' title="bbox 344 1251 1451 1446">
     <span class='ocr_line' id='line_1_8' title="bbox 344 1251 1451 1340; baseline -0.005 -17"><span class='ocrx_word' id='word_1_58' title='bbox 344 1277 560 1322; x_wconf 85' lang='lat' dir='ltr'><strong>eommumam</strong></span> <span class='ocrx_word' id='word_1_59' title='bbox 582 1253 714 1320; x_wconf 91' lang='lat' dir='ltr'><strong>habet</strong></span> <span class='ocrx_word' id='word_1_60' title='bbox 705 1277 739 1318; x_wconf 93' lang='lat' dir='ltr'><strong>1n</strong></span> <span class='ocrx_word' id='word_1_61' title='bbox 762 1253 880 1318; x_wconf 88' lang='lat' dir='ltr'><strong>terra</strong></span> <span class='ocrx_word' id='word_1_62' title='bbox 870 1275 1013 1340; x_wconf 74' lang='lat' dir='ltr'><strong>ipsorum</strong></span> <span class='ocrx_word' id='word_1_63' title='bbox 1035 1253 1069 1318; x_wconf 93' lang='lat' dir='ltr'><strong>in</strong></span> <span class='ocrx_word' id='word_1_64' title='bbox 1092 1251 1247 1318; x_wconf 87' lang='lat' dir='ltr'><strong>Lindwde</strong></span> <span class='ocrx_word' id='word_1_65' title='bbox 1269 1274 1329 1318; x_wconf 89' lang='lat' dir='ltr'><strong>nee</strong></span> <span class='ocrx_word' id='word_1_66' title='bbox 1348 1252 1451 1318; x_wconf 88' lang='lat' dir='ltr'><strong>serui-</strong></span> 
     </span>
     <span class='ocr_line' id='line_1_9' title="bbox 344 1359 805 1446; baseline -0.004 -20"><span class='ocrx_word' id='word_1_67' title='bbox 344 1360 431 1426; x_wconf 89' lang='lat' dir='ltr'><strong>eium</strong></span> <span class='ocrx_word' id='word_1_68' title='bbox 446 1383 477 1425; x_wconf 89' lang='lat' dir='ltr'><strong>er</strong></span> <span class='ocrx_word' id='word_1_69' title='bbox 466 1359 616 1425; x_wconf 74' lang='lat' dir='ltr'><strong>&#39;faciunt</strong></span> <span class='ocrx_word' id='word_1_70' title='bbox 631 1381 729 1446; x_wconf 89' lang='lat' dir='ltr'><strong>quare</strong></span> <span class='ocrx_word' id='word_1_71' title='bbox 745 1367 805 1424; x_wconf 87' lang='lat' dir='ltr'><strong>ete.</strong></span> 
     </span>
    </p>

    <p class='ocr_par' dir='ltr' id='par_1_6' title="bbox 343 1395 1454 2380">
     <span class='ocr_line' id='line_1_10' title="bbox 409 1395 1453 1548; baseline -0.003 -20"><span class='ocrx_word' id='word_1_72' title='bbox 409 1463 454 1528; x_wconf 86' lang='lat' dir='ltr'><strong>Et</strong></span> <span class='ocrx_word' id='word_1_73' title='bbox 468 1463 654 1528; x_wconf 89' lang='lat' dir='ltr'><strong>Willelmus</strong></span> <span class='ocrx_word' id='word_1_74' title='bbox 669 1470 703 1527; x_wconf 87' lang='lat' dir='ltr'><strong>et</strong></span> <span class='ocrx_word' id='word_1_75' title='bbox 718 1461 825 1527; x_wconf 86' lang='lat' dir='ltr'><strong>Adam</strong></span> <span class='ocrx_word' id='word_1_76' title='bbox 841 1483 899 1547; x_wconf 92' lang='lat' dir='ltr'><strong>per</strong></span> <span class='ocrx_word' id='word_1_77' title='bbox 915 1461 1023 1548; x_wconf 90' lang='lat' dir='ltr'><strong>ipsum</strong></span> <span class='ocrx_word' id='word_1_78' title='bbox 1038 1395 1241 1526; x_wconf 79' lang='lat' dir='ltr'><strong>Wilielmum</strong></span> <span class='ocrx_word' id='word_1_79' title='bbox 1261 1461 1401 1526; x_wconf 91' lang='lat' dir='ltr'><strong>ueniunt</strong></span> <span class='ocrx_word' id='word_1_80' title='bbox 1416 1471 1453 1526; x_wconf 87' lang='lat' dir='ltr'><strong>et</strong></span> 
     </span>
     <span class='ocr_line' id='line_1_11' title="bbox 344 1565 1452 1654; baseline -0.003 -21"><span class='ocrx_word' id='word_1_81' title='bbox 344 1567 458 1634; x_wconf 89' lang='lat' dir='ltr'><strong>dieunt</strong></span> <span class='ocrx_word' id='word_1_82' title='bbox 482 1566 569 1654; x_wconf 92' lang='lat' dir='ltr'><strong>quod</strong></span> <span class='ocrx_word' id='word_1_83' title='bbox 592 1567 677 1633; x_wconf 88' lang='lat' dir='ltr'><strong>iuste</strong></span> <span class='ocrx_word' id='word_1_84' title='bbox 702 1567 941 1633; x_wconf 85' lang='lat' dir='ltr'><strong>eommunieant</strong></span> <span class='ocrx_word' id='word_1_85' title='bbox 963 1567 1041 1654; x_wconf 88' lang='lat' dir='ltr'><strong>quia</strong></span> <span class='ocrx_word' id='word_1_86' title='bbox 1062 1567 1249 1652; x_wconf 84' lang='lat' dir='ltr'><strong>priusquam</strong></span> <span class='ocrx_word' id='word_1_87' title='bbox 1273 1565 1388 1630; x_wconf 87' lang='lat' dir='ltr'><strong>domus</strong></span> <span class='ocrx_word' id='word_1_88' title='bbox 1409 1566 1452 1631; x_wconf 93' lang='lat' dir='ltr'><strong>de</strong></span> 
     </span>
     <span class='ocr_line' id='line_1_12' title="bbox 344 1669 1450 1757; baseline 0.002 -23"><span class='ocrx_word' id='word_1_89' title='bbox 344 1669 433 1735; x_wconf 86' lang='lat' dir='ltr'><strong>Sixle</strong></span> <span class='ocrx_word' id='word_1_90' title='bbox 449 1669 585 1736; x_wconf 88' lang='lat' dir='ltr'><strong>fundata</strong></span> <span class='ocrx_word' id='word_1_91' title='bbox 598 1679 683 1736; x_wconf 86' lang='lat' dir='ltr'><strong>esset</strong></span> <span class='ocrx_word' id='word_1_92' title='bbox 698 1693 756 1757; x_wconf 88' lang='lat' dir='ltr'><strong>per</strong></span> <span class='ocrx_word' id='word_1_93' title='bbox 776 1671 815 1736; x_wconf 85' lang='lat' dir='ltr'><strong>xl.</strong></span> <span class='ocrx_word' id='word_1_94' title='bbox 831 1693 932 1736; x_wconf 84' lang='lat' dir='ltr'><strong>annos</strong></span> <span class='ocrx_word' id='word_1_95' title='bbox 953 1670 1139 1735; x_wconf 88' lang='lat' dir='ltr'><strong>habuerunt</strong></span> <span class='ocrx_word' id='word_1_96' title='bbox 1161 1677 1376 1736; x_wconf 79' lang='lat' dir='ltr'>antecessores</span> <span class='ocrx_word' id='word_1_97' title='bbox 1398 1672 1450 1736; x_wconf 90' lang='lat' dir='ltr'><strong>sui</strong></span> 
     </span>
     <span class='ocr_line' id='line_1_13' title="bbox 343 1774 1451 1862; baseline 0.002 -24"><span class='ocrx_word' id='word_1_98' title='bbox 343 1795 547 1840; x_wconf 89' lang='lat' dir='ltr'><strong>communam</strong></span> <span class='ocrx_word' id='word_1_99' title='bbox 563 1783 694 1862; x_wconf 83' lang='lat' dir='ltr'><strong>pastura</strong></span> <span class='ocrx_word' id='word_1_100' title='bbox 709 1777 744 1841; x_wconf 92' lang='lat' dir='ltr'><strong>in</strong></span> <span class='ocrx_word' id='word_1_101' title='bbox 759 1785 846 1841; x_wconf 82' lang='lat' dir='ltr'><strong>terra</strong></span> <span class='ocrx_word' id='word_1_102' title='bbox 865 1775 905 1841; x_wconf 91' lang='lat' dir='ltr'><strong>de</strong></span> <span class='ocrx_word' id='word_1_103' title='bbox 926 1774 1104 1862; x_wconf 87' lang='lat' dir='ltr'><strong>Leggasby‚</strong></span> <span class='ocrx_word' id='word_1_104' title='bbox 1119 1781 1153 1838; x_wconf 89' lang='lat' dir='ltr'><strong>et</strong></span> <span class='ocrx_word' id='word_1_105' title='bbox 1168 1797 1208 1840; x_wconf 89' lang='lat' dir='ltr'><strong>ea</strong></span> <span class='ocrx_word' id='word_1_106' title='bbox 1221 1774 1348 1840; x_wconf 81' lang='lat' dir='ltr'><strong>racione</strong></span> <span class='ocrx_word' id='word_1_107' title='bbox 1363 1777 1451 1861; x_wconf 92' lang='lat' dir='ltr'><strong>quod</strong></span> 
     </span>
     <span class='ocr_line' id='line_1_14' title="bbox 343 1875 1452 1966; baseline 0.001 -24"><span class='ocrx_word' id='word_1_108' title='bbox 343 1877 378 1942; x_wconf 91' lang='lat' dir='ltr'><strong>in</strong></span> <span class='ocrx_word' id='word_1_109' title='bbox 403 1875 507 1943; x_wconf 81' lang='lat' dir='ltr'><strong>calida</strong></span> <span class='ocrx_word' id='word_1_110' title='bbox 531 1887 635 1946; x_wconf 83' lang='lat' dir='ltr'><strong>estate</strong></span> <span class='ocrx_word' id='word_1_111' title='bbox 662 1889 697 1946; x_wconf 90' lang='lat' dir='ltr'><strong>et</strong></span> <span class='ocrx_word' id='word_1_112' title='bbox 722 1881 806 1946; x_wconf 89' lang='lat' dir='ltr'><strong>sicea</strong></span> <span class='ocrx_word' id='word_1_113' title='bbox 830 1879 1016 1946; x_wconf 90' lang='lat' dir='ltr'><strong>habuerunt</strong></span> <span class='ocrx_word' id='word_1_114' title='bbox 1042 1878 1189 1943; x_wconf 89' lang='lat' dir='ltr'><strong>homines</strong></span> <span class='ocrx_word' id='word_1_115' title='bbox 1214 1878 1255 1944; x_wconf 93' lang='lat' dir='ltr'><strong>de</strong></span> <span class='ocrx_word' id='word_1_116' title='bbox 1281 1879 1452 1966; x_wconf 85' lang='lat' dir='ltr'><strong>Leggesby</strong></span> 
     </span>
     <span class='ocr_line' id='line_1_15' title="bbox 344 1979 1451 2069; baseline -0.001 -23"><span class='ocrx_word' id='word_1_117' title='bbox 344 1979 581 2046; x_wconf 88' lang='lat' dir='ltr'><strong>asiamentum⁴</strong></span> <span class='ocrx_word' id='word_1_118' title='bbox 606 1981 647 2048; x_wconf 91' lang='lat' dir='ltr'><strong>de</strong></span> <span class='ocrx_word' id='word_1_119' title='bbox 676 2005 762 2069; x_wconf 89' lang='lat' dir='ltr'><strong>aqua</strong></span> <span class='ocrx_word' id='word_1_120' title='bbox 790 1983 831 2049; x_wconf 91' lang='lat' dir='ltr'><strong>de</strong></span> <span class='ocrx_word' id='word_1_121' title='bbox 863 1981 990 2048; x_wconf 83' lang='lat' dir='ltr'><strong>Pittes⁸</strong></span> <span class='ocrx_word' id='word_1_122' title='bbox 1018 1982 1053 2048; x_wconf 88' lang='lat' dir='ltr'><strong>in</strong></span> <span class='ocrx_word' id='word_1_123' title='bbox 1083 1979 1250 2046; x_wconf 87' lang='lat' dir='ltr'><strong>Lindwide</strong></span> <span class='ocrx_word' id='word_1_124' title='bbox 1280 1987 1315 2046; x_wconf 88' lang='lat' dir='ltr'><strong>et</strong></span> <span class='ocrx_word' id='word_1_125' title='bbox 1344 1981 1451 2046; x_wconf 86' lang='lat' dir='ltr'><strong>adhue</strong></span> 
     </span>
     <span class='ocr_line' id='line_1_16' title="bbox 343 2083 1454 2172; baseline -0.001 -23"><span class='ocrx_word' id='word_1_126' title='bbox 343 2085 467 2150; x_wconf 88' lang='lat' dir='ltr'><strong>habent</strong></span> <span class='ocrx_word' id='word_1_127' title='bbox 496 2085 625 2171; x_wconf 91' lang='lat' dir='ltr'><strong>quando</strong></span> <span class='ocrx_word' id='word_1_128' title='bbox 654 2087 771 2152; x_wconf 88' lang='lat' dir='ltr'><strong>uolunt</strong></span> <span class='ocrx_word' id='word_1_129' title='bbox 800 2085 882 2150; x_wconf 90' lang='lat' dir='ltr'><strong>illud</strong></span> <span class='ocrx_word' id='word_1_130' title='bbox 908 2085 1133 2162; x_wconf 86' lang='lat' dir='ltr'><strong>asiamentum,</strong></span> <span class='ocrx_word' id='word_1_131' title='bbox 1160 2093 1195 2150; x_wconf 91' lang='lat' dir='ltr'><strong>et</strong></span> <span class='ocrx_word' id='word_1_132' title='bbox 1220 2083 1306 2172; x_wconf 91' lang='lat' dir='ltr'><strong>quod</strong></span> <span class='ocrx_word' id='word_1_133' title='bbox 1332 2083 1381 2149; x_wconf 89' lang='lat' dir='ltr'><strong>ita</strong></span> <span class='ocrx_word' id='word_1_134' title='bbox 1406 2084 1454 2148; x_wconf 86' lang='lat' dir='ltr'><strong>sit</strong></span> 
     </span>
     <span class='ocr_line' id='line_1_17' title="bbox 344 2187 1450 2276; baseline -0.001 -22"><span class='ocrx_word' id='word_1_135' title='bbox 344 2197 470 2275; x_wconf 91' lang='lat' dir='ltr'><strong>ponunt</strong></span> <span class='ocrx_word' id='word_1_136' title='bbox 485 2211 518 2254; x_wconf 90' lang='lat' dir='ltr'><strong>se</strong></span> <span class='ocrx_word' id='word_1_137' title='bbox 534 2189 568 2253; x_wconf 94' lang='lat' dir='ltr'><strong>in</strong></span> <span class='ocrx_word' id='word_1_138' title='bbox 584 2211 735 2276; x_wconf 84' lang='lat' dir='ltr'><strong>magnam</strong></span> <span class='ocrx_word' id='word_1_139' title='bbox 751 2189 883 2254; x_wconf 81' lang='lat' dir='ltr'>assisam</span> <span class='ocrx_word' id='word_1_140' title='bbox 898 2187 991 2252; x_wconf 94' lang='lat' dir='ltr'><strong>Dom.</strong></span> <span class='ocrx_word' id='word_1_141' title='bbox 1009 2187 1108 2275; x_wconf 84' lang='lat' dir='ltr'><strong>Regis</strong></span> <span class='ocrx_word' id='word_1_142' title='bbox 1123 2199 1157 2253; x_wconf 88' lang='lat' dir='ltr'><strong>et</strong></span> <span class='ocrx_word' id='word_1_143' title='bbox 1172 2197 1291 2274; x_wconf 89' lang='lat' dir='ltr'><strong>petunt</strong></span> <span class='ocrx_word' id='word_1_144' title='bbox 1305 2188 1450 2274; x_wconf 80' lang='lat' dir='ltr'><strong>recogni-</strong></span> 
     </span>
     <span class='ocr_line' id='line_1_18' title="bbox 343 2283 1452 2380; baseline 0.001 -22"><span class='ocrx_word' id='word_1_145' title='bbox 343 2283 468 2358; x_wconf 83' lang='lat' dir='ltr'><strong>oionem</strong></span> <span class='ocrx_word' id='word_1_146' title='bbox 490 2293 560 2358; x_wconf 89' lang='lat' dir='ltr'><strong>fieri</strong></span> <span class='ocrx_word' id='word_1_147' title='bbox 584 2301 694 2358; x_wconf 87' lang='lat' dir='ltr'><strong>utrum</strong></span> <span class='ocrx_word' id='word_1_148' title='bbox 721 2294 784 2380; x_wconf 89' lang='lat' dir='ltr'><strong>ipsi</strong></span> <span class='ocrx_word' id='word_1_149' title='bbox 809 2293 914 2358; x_wconf 89' lang='lat' dir='ltr'><strong>maius</strong></span> <span class='ocrx_word' id='word_1_150' title='bbox 939 2293 990 2357; x_wconf 92' lang='lat' dir='ltr'><strong>ius</strong></span> <span class='ocrx_word' id='word_1_151' title='bbox 1014 2292 1157 2358; x_wconf 80' lang='lat' dir='ltr'><strong>habeant</strong></span> <span class='ocrx_word' id='word_1_152' title='bbox 1179 2293 1214 2358; x_wconf 95' lang='lat' dir='ltr'><strong>in</strong></span> <span class='ocrx_word' id='word_1_153' title='bbox 1237 2301 1371 2380; x_wconf 85' lang='lat' dir='ltr'><strong>pastura</strong></span> <span class='ocrx_word' id='word_1_154' title='bbox 1393 2294 1452 2359; x_wconf 88' lang='lat' dir='ltr'><strong>illa</strong></span> 
     </span>
    </p>
   </div>
   <div class='ocr_carea' id='block_1_6' title="bbox 234 2395 1447 2497">
    <p class='ocr_par' dir='ltr' id='par_1_7' title="bbox 234 2395 1447 2497">
     <span class='ocr_line' id='line_1_19' title="bbox 234 2395 1447 2497; baseline 0.001 -36"><span class='ocrx_word' id='word_1_155' title='bbox 234 2485 239 2497; x_wconf 30' lang='grc' dir='ltr'>ι</span> <span class='ocrx_word' id='word_1_156' title='bbox 267 2421 300 2451; x_wconf 75' lang='grc' dir='ltr'><strong>ιι·</strong></span> <span class='ocrx_word' id='word_1_157' title='bbox 343 2397 489 2484; x_wconf 86' lang='lat' dir='ltr'><strong>predicta</strong></span> <span class='ocrx_word' id='word_1_158' title='bbox 512 2397 674 2463; x_wconf 82' lang='lat' dir='ltr'><strong>occasione</strong></span> <span class='ocrx_word' id='word_1_159' title='bbox 701 2421 742 2462; x_wconf 85' lang='lat' dir='ltr'><strong>on</strong></span> <span class='ocrx_word' id='word_1_160' title='bbox 769 2397 855 2464; x_wconf 88' lang='lat' dir='ltr'><strong>idem</strong></span> <span class='ocrx_word' id='word_1_161' title='bbox 882 2396 973 2462; x_wconf 88' lang='lat' dir='ltr'><strong>Prior</strong></span> <span class='ocrx_word' id='word_1_162' title='bbox 998 2395 1132 2461; x_wconf 89' lang='lat' dir='ltr'><strong>tenendi</strong></span> <span class='ocrx_word' id='word_1_163' title='bbox 1162 2404 1328 2482; x_wconf 85' lang='lat' dir='ltr'><strong>pasturam</strong></span> <span class='ocrx_word' id='word_1_164' title='bbox 1357 2398 1447 2462; x_wconf 88' lang='lat' dir='ltr'><strong>illam</strong></span> 
     </span>
    </p>
   </div>
   <div class='ocr_carea' id='block_1_7' title="bbox 281 2500 1450 3109">
    <p class='ocr_par' dir='ltr' id='par_1_8' title="bbox 342 2500 1450 2982">
     <span class='ocr_line' id='line_1_20' title="bbox 343 2500 1450 2588; baseline 0 -22"><span class='ocrx_word' id='word_1_165' title='bbox 343 2502 412 2567; x_wconf 89' lang='lat' dir='ltr'><strong>sine</strong></span> <span class='ocrx_word' id='word_1_166' title='bbox 449 2500 673 2568; x_wconf 86' lang='lat' dir='ltr'><strong>eommunam&#39;</strong></span> <span class='ocrx_word' id='word_1_167' title='bbox 704 2523 800 2588; x_wconf 88' lang='lat' dir='ltr'><strong>quam</strong></span> <span class='ocrx_word' id='word_1_168' title='bbox 835 2501 898 2588; x_wconf 88' lang='lat' dir='ltr'><strong>ipsi</strong></span> <span class='ocrx_word' id='word_1_169' title='bbox 929 2501 1066 2566; x_wconf 89' lang='lat' dir='ltr'><strong>clamare</strong></span> <span class='ocrx_word' id='word_1_170' title='bbox 1097 2511 1239 2588; x_wconf 88' lang='lat' dir='ltr'><strong>possunt.</strong></span> <span class='ocrx_word' id='word_1_171' title='bbox 1299 2502 1342 2565; x_wconf 86' lang='lat' dir='ltr'><strong>Et</strong></span> <span class='ocrx_word' id='word_1_172' title='bbox 1372 2502 1450 2587; x_wconf 89' lang='lat' dir='ltr'><strong>quia</strong></span> 
     </span>
     <span class='ocr_line' id='line_1_21' title="bbox 343 2602 1449 2670; baseline 0.002 -2"><span class='ocrx_word' id='word_1_173' title='bbox 343 2603 509 2669; x_wconf 86' lang='lat' dir='ltr'><strong>Johannes</strong></span> <span class='ocrx_word' id='word_1_174' title='bbox 535 2603 575 2668; x_wconf 93' lang='lat' dir='ltr'><strong>de</strong></span> <span class='ocrx_word' id='word_1_175' title='bbox 602 2603 729 2668; x_wconf 89' lang='lat' dir='ltr'><strong>Baiocis</strong></span> <span class='ocrx_word' id='word_1_176' title='bbox 754 2603 940 2668; x_wconf 88' lang='lat' dir='ltr'><strong>nominatus</strong></span> <span class='ocrx_word' id='word_1_177' title='bbox 965 2602 1000 2670; x_wconf 89' lang='lat' dir='ltr'><strong>in</strong></span> <span class='ocrx_word' id='word_1_178' title='bbox 1024 2603 1116 2669; x_wconf 89' lang='lat' dir='ltr'><strong>breui</strong></span> <span class='ocrx_word' id='word_1_179' title='bbox 1140 2625 1204 2668; x_wconf 90' lang='lat' dir='ltr'><strong>non</strong></span> <span class='ocrx_word' id='word_1_180' title='bbox 1227 2605 1320 2669; x_wconf 88' lang='lat' dir='ltr'><strong>uenit</strong></span> <span class='ocrx_word' id='word_1_181' title='bbox 1341 2615 1392 2670; x_wconf 89' lang='lat' dir='ltr'><strong>set</strong></span> <span class='ocrx_word' id='word_1_182' title='bbox 1414 2629 1449 2670; x_wconf 86' lang='lat' dir='ltr'><strong>se</strong></span> 
     </span>
     <span class='ocr_line' id='line_1_22' title="bbox 343 2695 1448 2774; baseline 0.001 -1"><span class='ocrx_word' id='word_1_183' title='bbox 343 2707 519 2773; x_wconf 88' lang='lat' dir='ltr'><strong>essoniauit</strong></span> <span class='ocrx_word' id='word_1_184' title='bbox 541 2706 638 2772; x_wconf 89' lang='lat' dir='ltr'><strong>datus</strong></span> <span class='ocrx_word' id='word_1_185' title='bbox 661 2715 710 2771; x_wconf 83' lang='lat' dir='ltr'><strong>est</strong></span> <span class='ocrx_word' id='word_1_186' title='bbox 731 2695 777 2772; x_wconf 89' lang='lat' dir='ltr'><strong>eis</strong></span> <span class='ocrx_word' id='word_1_187' title='bbox 798 2706 867 2772; x_wconf 90' lang='lat' dir='ltr'><strong>dies</strong></span> <span class='ocrx_word' id='word_1_188' title='bbox 882 2706 922 2772; x_wconf 93' lang='lat' dir='ltr'><strong>de</strong></span> <span class='ocrx_word' id='word_1_189' title='bbox 938 2706 1098 2772; x_wconf 86' lang='lat' dir='ltr'><strong>audiendo</strong></span> <span class='ocrx_word' id='word_1_190' title='bbox 1113 2707 1233 2772; x_wconf 80' lang='lat' dir='ltr'><strong>iudicio</strong></span> <span class='ocrx_word' id='word_1_191' title='bbox 1247 2731 1305 2772; x_wconf 90' lang='lat' dir='ltr'><strong>suo</strong></span> <span class='ocrx_word' id='word_1_192' title='bbox 1320 2709 1380 2774; x_wconf 85' lang='lat' dir='ltr'><strong>tali</strong></span> <span class='ocrx_word' id='word_1_193' title='bbox 1394 2708 1448 2774; x_wconf 91' lang='lat' dir='ltr'><strong>die</strong></span> 
     </span>
     <span class='ocr_line' id='line_1_23' title="bbox 343 2811 1448 2898; baseline -0.003 -19"><span class='ocrx_word' id='word_1_194' title='bbox 343 2823 403 2881; x_wconf 88' lang='lat' dir='ltr'><strong>ete.</strong></span> <span class='ocrx_word' id='word_1_195' title='bbox 418 2821 457 2878; x_wconf 91' lang='lat' dir='ltr'><strong>ut</strong></span> <span class='ocrx_word' id='word_1_196' title='bbox 478 2821 557 2878; x_wconf 88' lang='lat' dir='ltr'><strong>tune</strong></span> <span class='ocrx_word' id='word_1_197' title='bbox 579 2812 606 2877; x_wconf 87' lang='lat' dir='ltr'><strong>si</strong></span> <span class='ocrx_word' id='word_1_198' title='bbox 628 2812 794 2878; x_wconf 87' lang='lat' dir='ltr'><strong>Johannes</strong></span> <span class='ocrx_word' id='word_1_199' title='bbox 816 2812 865 2877; x_wconf 85' lang='lat' dir='ltr'><strong>ita</strong></span> <span class='ocrx_word' id='word_1_200' title='bbox 886 2811 1078 2898; x_wconf 80' lang='lat' dir='ltr'><strong>respondeat</strong></span> <span class='ocrx_word' id='word_1_201' title='bbox 1102 2811 1187 2876; x_wconf 89' lang='lat' dir='ltr'><strong>siout</strong></span> <span class='ocrx_word' id='word_1_202' title='bbox 1207 2811 1391 2877; x_wconf 87' lang='lat' dir='ltr'><strong>Willelmus</strong></span> <span class='ocrx_word' id='word_1_203' title='bbox 1413 2821 1448 2876; x_wconf 86' lang='lat' dir='ltr'><strong>et</strong></span> 
     </span>
     <span class='ocr_line' id='line_1_24' title="bbox 342 2915 1033 2982; baseline -0.003 0"><span class='ocrx_word' id='word_1_204' title='bbox 342 2916 449 2982; x_wconf 86' lang='lat' dir='ltr'><strong>Adam</strong></span> <span class='ocrx_word' id='word_1_205' title='bbox 464 2915 523 2982; x_wconf 88' lang='lat' dir='ltr'><strong>fiat</strong></span> <span class='ocrx_word' id='word_1_206' title='bbox 537 2915 693 2982; x_wconf 84' lang='lat' dir='ltr'><strong>iudicium</strong></span> <span class='ocrx_word' id='word_1_207' title='bbox 708 2915 806 2981; x_wconf 90' lang='lat' dir='ltr'><strong>simul</strong></span> <span class='ocrx_word' id='word_1_208' title='bbox 820 2915 861 2980; x_wconf 91' lang='lat' dir='ltr'><strong>de</strong></span> <span class='ocrx_word' id='word_1_209' title='bbox 876 2915 1033 2980; x_wconf 89' lang='lat' dir='ltr'><strong>omnibus.</strong></span> 
     </span>
    </p>

    <p class='ocr_par' dir='ltr' id='par_1_9' title="bbox 281 3020 1445 3109">
     <span class='ocr_line' id='line_1_25' title="bbox 281 3020 1445 3109; baseline -0.001 -21"><span class='ocrx_word' id='word_1_210' title='bbox 281 3090 288 3103; x_wconf 67' lang='grc'>,</span> <span class='ocrx_word' id='word_1_211' title='bbox 406 3020 548 3088; x_wconf 78' lang='lat' dir='ltr'><strong>&#39;Oeeilia</strong></span> <span class='ocrx_word' id='word_1_212' title='bbox 563 3043 626 3109; x_wconf 90' lang='lat' dir='ltr'><strong>que</strong></span> <span class='ocrx_word' id='word_1_213' title='bbox 641 3021 705 3086; x_wconf 88' lang='lat' dir='ltr'><strong>fuit</strong></span> <span class='ocrx_word' id='word_1_214' title='bbox 719 3045 800 3086; x_wconf 86' lang='lat' dir='ltr'><strong>uxor</strong></span> <span class='ocrx_word' id='word_1_215' title='bbox 815 3021 967 3087; x_wconf 87' lang='lat' dir='ltr'><strong>Giliberti</strong></span> <span class='ocrx_word' id='word_1_216' title='bbox 979 3020 1019 3086; x_wconf 87' lang='lat' dir='ltr'><strong>de</strong></span> <span class='ocrx_word' id='word_1_217' title='bbox 1035 3020 1214 3109; x_wconf 84' lang='lat' dir='ltr'><strong>Ringstede</strong></span> <span class='ocrx_word' id='word_1_218' title='bbox 1230 3043 1288 3107; x_wconf 90' lang='lat' dir='ltr'><strong>per</strong></span> <span class='ocrx_word' id='word_1_219' title='bbox 1302 3031 1445 3087; x_wconf 88' lang='lat' dir='ltr'><strong>attorna-</strong></span> 
     </span>
    </p>
   </div>
   <div class='ocr_carea' id='block_1_8' title="bbox 244 3123 1445 3213">
    <p class='ocr_par' dir='ltr' id='par_1_10' title="bbox 244 3123 1445 3213">
     <span class='ocr_line' id='line_1_26' title="bbox 244 3123 1445 3213; baseline -0.002 -21"><span class='ocrx_word' id='word_1_220' title='bbox 244 3152 257 3182; x_wconf 86' lang='lat'><strong>0</strong></span> <span class='ocrx_word' id='word_1_221' title='bbox 276 3171 281 3182; x_wconf 88' lang='lat'>·</span> <span class='ocrx_word' id='word_1_222' title='bbox 342 3135 413 3192; x_wconf 90' lang='lat' dir='ltr'><strong>tum</strong></span> <span class='ocrx_word' id='word_1_223' title='bbox 428 3149 524 3192; x_wconf 87' lang='lat' dir='ltr'><strong>suum</strong></span> <span class='ocrx_word' id='word_1_224' title='bbox 539 3125 625 3212; x_wconf 87' lang='lat' dir='ltr'><strong>petit</strong></span> <span class='ocrx_word' id='word_1_225' title='bbox 640 3147 751 3190; x_wconf 88' lang='lat' dir='ltr'><strong>uersus</strong></span> <span class='ocrx_word' id='word_1_226' title='bbox 767 3123 961 3190; x_wconf 88' lang='lat' dir='ltr'><strong>Matillidem</strong></span> <span class='ocrx_word' id='word_1_227' title='bbox 976 3124 1017 3189; x_wconf 88' lang='lat' dir='ltr'><strong>de</strong></span> <span class='ocrx_word' id='word_1_228' title='bbox 1032 3124 1212 3213; x_wconf 84' lang='lat' dir='ltr'><strong>Ringstede</strong></span> <span class='ocrx_word' id='word_1_229' title='bbox 1235 3125 1445 3191; x_wconf 85' lang='lat' dir='ltr'><strong>medietatem</strong></span> 
     </span>
    </p>
   </div>
   <div class='ocr_carea' id='block_1_9' title="bbox 278 3228 1448 4154">
    <p class='ocr_par' dir='ltr' id='par_1_11' title="bbox 342 3228 1448 3423">
     <span class='ocr_line' id='line_1_27' title="bbox 342 3228 1448 3317; baseline 0.002 -23"><span class='ocrx_word' id='word_1_230' title='bbox 342 3231 383 3296; x_wconf 82' lang='lat' dir='ltr'><strong>lx</strong></span> <span class='ocrx_word' id='word_1_231' title='bbox 401 3253 461 3297; x_wconf 87' lang='lat' dir='ltr'><strong>aer.</strong></span> <span class='ocrx_word' id='word_1_232' title='bbox 484 3239 568 3297; x_wconf 88' lang='lat' dir='ltr'><strong>terre</strong></span> <span class='ocrx_word' id='word_1_233' title='bbox 591 3253 664 3296; x_wconf 91' lang='lat' dir='ltr'><strong>eum</strong></span> <span class='ocrx_word' id='word_1_234' title='bbox 687 3231 822 3317; x_wconf 86' lang='lat' dir='ltr'><strong>pertin</strong></span> <span class='ocrx_word' id='word_1_235' title='bbox 849 3228 1056 3295; x_wconf 86' lang='lat' dir='ltr'><strong>Seohefordia</strong></span> <span class='ocrx_word' id='word_1_236' title='bbox 1078 3237 1116 3294; x_wconf 91' lang='lat' dir='ltr'><strong>ut</strong></span> <span class='ocrx_word' id='word_1_237' title='bbox 1139 3230 1249 3296; x_wconf 87' lang='lat' dir='ltr'><strong>dotem</strong></span> <span class='ocrx_word' id='word_1_238' title='bbox 1272 3253 1362 3296; x_wconf 86' lang='lat' dir='ltr'><strong>suam</strong></span> <span class='ocrx_word' id='word_1_239' title='bbox 1385 3239 1448 3296; x_wconf 87' lang='lat' dir='ltr'><strong>ete.</strong></span> 
     </span>
     <span class='ocr_line' id='line_1_28' title="bbox 342 3334 1107 3423; baseline 0 -23"><span class='ocrx_word' id='word_1_240' title='bbox 342 3335 428 3402; x_wconf 89' lang='lat' dir='ltr'><strong>unde</strong></span> <span class='ocrx_word' id='word_1_241' title='bbox 444 3335 608 3423; x_wconf 85' lang='lat' dir='ltr'><strong>predictus</strong></span> <span class='ocrx_word' id='word_1_242' title='bbox 623 3336 801 3402; x_wconf 85' lang='lat' dir='ltr'><strong>Gilibertus</strong></span> <span class='ocrx_word' id='word_1_243' title='bbox 817 3357 889 3400; x_wconf 91' lang='lat' dir='ltr'><strong>eam</strong></span> <span class='ocrx_word' id='word_1_244' title='bbox 904 3334 1033 3400; x_wconf 85' lang='lat' dir='ltr'><strong>dotauit</strong></span> <span class='ocrx_word' id='word_1_245' title='bbox 1047 3343 1107 3400; x_wconf 86' lang='lat' dir='ltr'><strong>ete.</strong></span> 
     </span>
    </p>

    <p class='ocr_par' dir='ltr' id='par_1_12' title="bbox 278 3439 1448 4154">
     <span class='ocr_line' id='line_1_29' title="bbox 408 3439 1447 3526; baseline 0 -21"><span class='ocrx_word' id='word_1_246' title='bbox 408 3441 451 3505; x_wconf 85' lang='lat' dir='ltr'><strong>Et</strong></span> <span class='ocrx_word' id='word_1_247' title='bbox 467 3441 603 3506; x_wconf 87' lang='lat' dir='ltr'><strong>Matillis</strong></span> <span class='ocrx_word' id='word_1_248' title='bbox 618 3441 710 3505; x_wconf 88' lang='lat' dir='ltr'><strong>uenit</strong></span> <span class='ocrx_word' id='word_1_249' title='bbox 725 3449 759 3505; x_wconf 84' lang='lat' dir='ltr'><strong>et</strong></span> <span class='ocrx_word' id='word_1_250' title='bbox 774 3439 920 3505; x_wconf 88' lang='lat' dir='ltr'><strong>defendit</strong></span> <span class='ocrx_word' id='word_1_251' title='bbox 935 3439 1022 3526; x_wconf 89' lang='lat' dir='ltr'><strong>quod</strong></span> <span class='ocrx_word' id='word_1_252' title='bbox 1036 3463 1100 3505; x_wconf 92' lang='lat' dir='ltr'><strong>non</strong></span> <span class='ocrx_word' id='word_1_253' title='bbox 1120 3439 1219 3506; x_wconf 90' lang='lat' dir='ltr'><strong>debet</strong></span> <span class='ocrx_word' id='word_1_254' title='bbox 1239 3439 1315 3505; x_wconf 87' lang='lat' dir='ltr'><strong>inde</strong></span> <span class='ocrx_word' id='word_1_255' title='bbox 1337 3440 1447 3506; x_wconf 86' lang='lat' dir='ltr'><strong>dotem</strong></span> 
     </span>
     <span class='ocr_line' id='line_1_30' title="bbox 342 3543 1447 3632; baseline 0 -22"><span class='ocrx_word' id='word_1_256' title='bbox 342 3544 460 3610; x_wconf 85' lang='lat' dir='ltr'><strong>habere</strong></span> <span class='ocrx_word' id='word_1_257' title='bbox 476 3555 536 3610; x_wconf 86' lang='lat' dir='ltr'><strong>eto.</strong></span> <span class='ocrx_word' id='word_1_258' title='bbox 537 3545 639 3632; x_wconf 87' lang='lat' dir='ltr'><strong>,quia</strong></span> <span class='ocrx_word' id='word_1_259' title='bbox 654 3545 833 3610; x_wconf 85' lang='lat' dir='ltr'><strong>Gilibertus</strong></span> <span class='ocrx_word' id='word_1_260' title='bbox 848 3544 934 3609; x_wconf 85' lang='lat' dir='ltr'><strong>filius</strong></span> <span class='ocrx_word' id='word_1_261' title='bbox 954 3567 1032 3610; x_wconf 89' lang='lat' dir='ltr'><strong>suus</strong></span> <span class='ocrx_word' id='word_1_262' title='bbox 1055 3543 1107 3608; x_wconf 90' lang='lat' dir='ltr'><strong>nir</strong></span> <span class='ocrx_word' id='word_1_263' title='bbox 1128 3544 1229 3631; x_wconf 88' lang='lat' dir='ltr'><strong>ipsius</strong></span> <span class='ocrx_word' id='word_1_264' title='bbox 1252 3544 1371 3610; x_wconf 85' lang='lat' dir='ltr'><strong>Cecilie</strong></span> <span class='ocrx_word' id='word_1_265' title='bbox 1394 3545 1447 3610; x_wconf 91' lang='lat' dir='ltr'><strong>die</strong></span> 
     </span>
     <span class='ocr_line' id='line_1_31' title="bbox 342 3647 1447 3736; baseline 0 -22"><span class='ocrx_word' id='word_1_266' title='bbox 342 3671 408 3736; x_wconf 87' lang='lat' dir='ltr'><strong>qua</strong></span> <span class='ocrx_word' id='word_1_267' title='bbox 422 3671 494 3714; x_wconf 87' lang='lat' dir='ltr'><strong>eam</strong></span> <span class='ocrx_word' id='word_1_268' title='bbox 514 3648 723 3735; x_wconf 87' lang='lat' dir='ltr'><strong>desponsauit</strong></span> <span class='ocrx_word' id='word_1_269' title='bbox 745 3649 867 3713; x_wconf 88' lang='lat' dir='ltr'><strong>nullam</strong></span> <span class='ocrx_word' id='word_1_270' title='bbox 891 3655 1011 3712; x_wconf 86' lang='lat' dir='ltr'><strong>terram</strong></span> <span class='ocrx_word' id='word_1_271' title='bbox 1034 3647 1142 3712; x_wconf 87' lang='lat' dir='ltr'><strong>tenuit</strong></span> <span class='ocrx_word' id='word_1_272' title='bbox 1164 3669 1223 3712; x_wconf 90' lang='lat' dir='ltr'><strong>neo</strong></span> <span class='ocrx_word' id='word_1_273' title='bbox 1245 3648 1348 3733; x_wconf 85' lang='lat' dir='ltr'><strong>ipsam</strong></span> <span class='ocrx_word' id='word_1_274' title='bbox 1371 3649 1447 3714; x_wconf 89' lang='lat' dir='ltr'><strong>inde</strong></span> 
     </span>
     <span class='ocr_line' id='line_1_32' title="bbox 278 3751 1448 3840; baseline -0.003 -21"><span class='ocrx_word' id='word_1_275' title='bbox 278 3780 296 3810; x_wconf 63' lang='lat' dir='ltr'><strong>s</strong></span> <span class='ocrx_word' id='word_1_276' title='bbox 342 3753 453 3819; x_wconf 89' lang='lat' dir='ltr'><strong>dotare</strong></span> <span class='ocrx_word' id='word_1_277' title='bbox 476 3753 585 3840; x_wconf 89' lang='lat' dir='ltr'><strong>potuit</strong></span> <span class='ocrx_word' id='word_1_278' title='bbox 607 3753 684 3839; x_wconf 90' lang='lat' dir='ltr'><strong>quia</strong></span> <span class='ocrx_word' id='word_1_279' title='bbox 705 3751 775 3838; x_wconf 86' lang='lat' dir='ltr'><strong>ipsa</strong></span> <span class='ocrx_word' id='word_1_280' title='bbox 796 3752 931 3818; x_wconf 89' lang='lat' dir='ltr'><strong>Matillis</strong></span> <span class='ocrx_word' id='word_1_281' title='bbox 945 3760 1030 3820; x_wconf 84' lang='lat' dir='ltr'><strong>,tune</strong></span> <span class='ocrx_word' id='word_1_282' title='bbox 1046 3751 1154 3817; x_wconf 89' lang='lat' dir='ltr'><strong>tenuit</strong></span> <span class='ocrx_word' id='word_1_283' title='bbox 1169 3759 1288 3816; x_wconf 89' lang='lat' dir='ltr'><strong>terram</strong></span> <span class='ocrx_word' id='word_1_284' title='bbox 1303 3751 1393 3816; x_wconf 87' lang='lat' dir='ltr'><strong>illam</strong></span> <span class='ocrx_word' id='word_1_285' title='bbox 1409 3761 1448 3816; x_wconf 88' lang='lat' dir='ltr'><strong>ut</strong></span> 
     </span>
     <span class='ocr_line' id='line_1_33' title="bbox 341 3855 1448 3942; baseline -0.005 -17"><span class='ocrx_word' id='word_1_286' title='bbox 341 3859 393 3926; x_wconf 92' lang='lat' dir='ltr'><strong>ius</strong></span> <span class='ocrx_word' id='word_1_287' title='bbox 413 3867 447 3924; x_wconf 88' lang='lat' dir='ltr'><strong>et</strong></span> <span class='ocrx_word' id='word_1_288' title='bbox 469 3859 685 3926; x_wconf 88' lang='lat' dir='ltr'><strong>hereditatem</strong></span> <span class='ocrx_word' id='word_1_289' title='bbox 708 3866 766 3922; x_wconf 87' lang='lat' dir='ltr'><strong>ete.</strong></span> <span class='ocrx_word' id='word_1_290' title='bbox 789 3865 823 3922; x_wconf 90' lang='lat' dir='ltr'><strong>et</strong></span> <span class='ocrx_word' id='word_1_291' title='bbox 845 3857 951 3922; x_wconf 87' lang='lat' dir='ltr'><strong>adhue</strong></span> <span class='ocrx_word' id='word_1_292' title='bbox 974 3865 1066 3922; x_wconf 89' lang='lat' dir='ltr'><strong>tenet</strong></span> <span class='ocrx_word' id='word_1_293' title='bbox 1088 3857 1136 3921; x_wconf 90' lang='lat' dir='ltr'><strong>ita</strong></span> <span class='ocrx_word' id='word_1_294' title='bbox 1160 3855 1246 3942; x_wconf 89' lang='lat' dir='ltr'><strong>quod</strong></span> <span class='ocrx_word' id='word_1_295' title='bbox 1269 3855 1448 3922; x_wconf 77' lang='lat' dir='ltr'><strong>Gilibsrtus</strong></span> 
     </span>
     <span class='ocr_line' id='line_1_34' title="bbox 341 3959 1448 4052; baseline -0.005 -23"><span class='ocrx_word' id='word_1_296' title='bbox 341 3986 508 4052; x_wconf 88' lang='lat' dir='ltr'><strong>nunquam</strong></span> <span class='ocrx_word' id='word_1_297' title='bbox 531 3962 681 4028; x_wconf 87' lang='lat' dir='ltr'><strong>saisinam</strong></span> <span class='ocrx_word' id='word_1_298' title='bbox 704 3961 820 4028; x_wconf 88' lang='lat' dir='ltr'><strong>habuit</strong></span> <span class='ocrx_word' id='word_1_299' title='bbox 842 3961 918 4028; x_wconf 90' lang='lat' dir='ltr'><strong>inde</strong></span> <span class='ocrx_word' id='word_1_300' title='bbox 941 3961 1026 4027; x_wconf 90' lang='lat' dir='ltr'><strong>siout</strong></span> <span class='ocrx_word' id='word_1_301' title='bbox 1045 3961 1086 4027; x_wconf 88' lang='lat' dir='ltr'><strong>de</strong></span> <span class='ocrx_word' id='word_1_302' title='bbox 1107 3959 1199 4026; x_wconf 90' lang='lat' dir='ltr'><strong>feodo</strong></span> <span class='ocrx_word' id='word_1_303' title='bbox 1215 3969 1249 4025; x_wconf 89' lang='lat' dir='ltr'><strong>et</strong></span> <span class='ocrx_word' id='word_1_304' title='bbox 1263 3959 1339 4025; x_wconf 90' lang='lat' dir='ltr'><strong>inde</strong></span> <span class='ocrx_word' id='word_1_305' title='bbox 1355 3959 1448 4046; x_wconf 92' lang='lat' dir='ltr'><strong>ponit</strong></span> 
     </span>
     <span class='ocr_line' id='line_1_35' title="bbox 340 4067 648 4154; baseline 0 -22"><span class='ocrx_word' id='word_1_306' title='bbox 340 4089 375 4132; x_wconf 90' lang='lat' dir='ltr'><strong>se</strong></span> <span class='ocrx_word' id='word_1_307' title='bbox 390 4090 487 4154; x_wconf 89' lang='lat' dir='ltr'><strong>super</strong></span> <span class='ocrx_word' id='word_1_308' title='bbox 501 4067 648 4132; x_wconf 86' lang='lat' dir='ltr'><strong>iuratam.</strong></span> 
     </span>
    </p>
   </div>
   <div class='ocr_carea' id='block_1_10' title="bbox 341 4189 1447 4581">
    <p class='ocr_par' dir='ltr' id='par_1_13' title="bbox 341 4189 1447 4581">
     <span class='ocr_line' id='line_1_36' title="bbox 374 4189 1359 4256; baseline -0.006 -10"><span class='ocrx_word' id='word_1_309' title='bbox 374 4193 817 4255; x_wconf 70' lang='lat' dir='ltr'><strong>1rhisoesouffiu.rrouuei0n,</strong></span> <span class='ocrx_word' id='word_1_310' title='bbox 826 4195 866 4246; x_wconf 76' lang='grc'>15.</span> <span class='ocrx_word' id='word_1_311' title='bbox 950 4192 1109 4254; x_wconf 66' lang='grc' dir='ltr'>’ἀεΡ11111,</span> <span class='ocrx_word' id='word_1_312' title='bbox 1123 4191 1157 4252; x_wconf 76' lang='lat' dir='ltr'><strong>A;</strong></span> <span class='ocrx_word' id='word_1_313' title='bbox 1176 4191 1315 4256; x_wconf 65' lang='lat' dir='ltr'><strong>saputem,</strong></span> <span class='ocrx_word' id='word_1_314' title='bbox 1327 4189 1359 4240; x_wconf 90' lang='lat' dir='ltr'><strong>B.</strong></span> 
     </span>
     <span class='ocr_line' id='line_1_37' title="bbox 372 4256 1446 4322; baseline -0.008 -8"><span class='ocrx_word' id='word_1_315' title='bbox 372 4259 547 4322; x_wconf 33' lang='grc' dir='ltr'><strong>’ΜΛΝ</strong></span> <span class='ocrx_word' id='word_1_316' title='bbox 563 4259 642 4311; x_wconf 89' lang='lat' dir='ltr'><strong>B..m</strong></span> <span class='ocrx_word' id='word_1_317' title='bbox 655 4259 703 4310; x_wconf 80' lang='lat' dir='ltr'><strong>od.</strong></span> <span class='ocrx_word' id='word_1_318' title='bbox 950 4256 1378 4320; x_wconf 64' lang='lat' dir='ltr'><strong>‘GrandsssizeinQquura</strong></span> <span class='ocrx_word' id='word_1_319' title='bbox 1401 4257 1446 4306; x_wconf 87' lang='lat' dir='ltr'><strong>Br.</strong></span> 
     </span>
     <span class='ocr_line' id='line_1_38' title="bbox 373 4297 1032 4402; baseline -0.008 -25"><span class='ocrx_word' id='word_1_320' title='bbox 373 4327 451 4389; x_wconf 67' lang='grc' dir='ltr'><strong>ι811),</strong></span> <span class='ocrx_word' id='word_1_321' title='bbox 473 4325 510 4386; x_wconf 84' lang='grc' dir='ltr'><strong>Δ;</strong></span> <span class='ocrx_word' id='word_1_322' title='bbox 534 4297 583 4376; x_wconf 70' lang='lat' dir='ltr'><strong>ius</strong></span> <span class='ocrx_word' id='word_1_323' title='bbox 603 4325 697 4390; x_wconf 80' lang='lat' dir='ltr'><strong>supply</strong></span> <span class='ocrx_word' id='word_1_324' title='bbox 715 4327 750 4374; x_wconf 79' lang='lat' dir='ltr'><strong>ed</strong></span> <span class='ocrx_word' id='word_1_325' title='bbox 768 4340 866 4402; x_wconf 77' lang='lat' dir='ltr'><strong>respon-</strong></span> <span class='ocrx_word' id='word_1_326' title='bbox 918 4323 1032 4374; x_wconf 78' lang='grc'>11801).</span> 
     </span>
     <span class='ocr_line' id='line_1_39' title="bbox 341 4387 1285 4449; baseline -0.007 -6"><span class='ocrx_word' id='word_1_327' title='bbox 341 4394 448 4444; x_wconf 65' lang='lat' dir='ltr'><strong>dandum</strong></span> <span class='ocrx_word' id='word_1_328' title='bbox 461 4392 548 4441; x_wconf 79' lang='lat' dir='ltr'><strong>Priori</strong></span> <span class='ocrx_word' id='word_1_329' title='bbox 563 4393 593 4441; x_wconf 77' lang='lat' dir='ltr'><strong>do</strong></span> <span class='ocrx_word' id='word_1_330' title='bbox 611 4393 692 4449; x_wconf 67' lang='lat' dir='ltr'><strong>Siste,</strong></span> <span class='ocrx_word' id='word_1_331' title='bbox 708 4389 739 4440; x_wconf 90' lang='lat' dir='ltr'><strong>B.</strong></span> <span class='ocrx_word' id='word_1_332' title='bbox 759 4390 867 4440; x_wconf 79' lang='lat' dir='ltr'><strong>flixhills</strong></span> <span class='ocrx_word' id='word_1_333' title='bbox 949 4390 960 4422; x_wconf 96' lang='lat'>⁷</span> <span class='ocrx_word' id='word_1_334' title='bbox 977 4389 1048 4438; x_wconf 83' lang='lat' dir='ltr'><strong>Gorr.</strong></span> <span class='ocrx_word' id='word_1_335' title='bbox 1061 4403 1198 4438; x_wconf 73' lang='lat' dir='ltr'><strong>commuue.</strong></span> <span class='ocrx_word' id='word_1_336' title='bbox 1210 4387 1240 4438; x_wconf 70' lang='grc' dir='ltr'><strong>Δ.</strong></span> <span class='ocrx_word' id='word_1_337' title='bbox 1254 4387 1285 4436; x_wconf 94' lang='grc' dir='ltr'><strong>Β.</strong></span> 
     </span>
     <span class='ocr_line' id='line_1_40' title="bbox 341 4451 1447 4512; baseline -0.005 -2"><span class='ocrx_word' id='word_1_338' title='bbox 341 4455 621 4510; x_wconf 83' lang='lat' dir='ltr'><strong>neerarkstRason.</strong></span> <span class='ocrx_word' id='word_1_339' title='bbox 949 4453 1096 4512; x_wconf 71' lang='grc' dir='ltr'><strong>8Δ.ιι).11;</strong></span> <span class='ocrx_word' id='word_1_340' title='bbox 1119 4453 1150 4502; x_wconf 88' lang='lat' dir='ltr'><strong>B.</strong></span> <span class='ocrx_word' id='word_1_341' title='bbox 1165 4467 1201 4502; x_wconf 89' lang='lat' dir='ltr'><strong>m.</strong></span> <span class='ocrx_word' id='word_1_342' title='bbox 1219 4451 1272 4506; x_wconf 81' lang='lat' dir='ltr'><strong>sd.</strong></span> <span class='ocrx_word' id='word_1_343' title='bbox 1307 4451 1371 4502; x_wconf 81' lang='lat' dir='ltr'><strong>Thia</strong></span> <span class='ocrx_word' id='word_1_344' title='bbox 1388 4467 1447 4505; x_wconf 79' lang='lat' dir='ltr'><strong>oasa</strong></span> 
     </span>
     <span class='ocr_line' id='line_1_41' title="bbox 373 4519 1200 4581; baseline -0.006 -7"><span class='ocrx_word' id='word_1_345' title='bbox 373 4523 384 4556; x_wconf 90' lang='lat'><strong>⁴</strong></span> <span class='ocrx_word' id='word_1_346' title='bbox 399 4523 441 4574; x_wconf 75' lang='lat' dir='ltr'><strong>An</strong></span> <span class='ocrx_word' id='word_1_347' title='bbox 451 4526 589 4574; x_wconf 80' lang='lat' dir='ltr'><strong>aasament.</strong></span> <span class='ocrx_word' id='word_1_348' title='bbox 917 4519 940 4570; x_wconf 88' lang='lat' dir='ltr'><strong>is</strong></span> <span class='ocrx_word' id='word_1_349' title='bbox 951 4519 1017 4571; x_wconf 81' lang='lat' dir='ltr'><strong>Fitz.</strong></span> <span class='ocrx_word' id='word_1_350' title='bbox 1033 4520 1130 4581; x_wconf 85' lang='lat' dir='ltr'><strong>Douer,</strong></span> <span class='ocrx_word' id='word_1_351' title='bbox 1146 4519 1200 4570; x_wconf 82' lang='lat'>190.</span> 
     </span>
    </p>
   </div>
   <div class='ocr_carea' id='block_1_11' title="bbox 0 0 1684 5236">
    <p class='ocr_par' dir='ltr' id='par_1_14' title="bbox 0 0 1684 5236">
     <span class='ocr_line' id='line_1_42' title="bbox 0 0 1684 5236; baseline 0 0"><span class='ocrx_word' id='word_1_352' title='bbox 0 0 1684 5236; x_wconf 95' lang='lat' dir='ltr'><strong> </strong></span> 
     </span>
    </p>
   </div>
  </div>
 </body>
</html>
