3308 5226
380 463 635 524 monimum,
657 461 722 511 nn.
748 449 842 526 1233,
863 463 926 513 nn
952 447 1088 517 17-18.
1233 451 1295 514 629

187 637 332 723 pertinet
361 636 460 701 simul
488 658 563 700 eum
585 633 800 700 aduoeeeione
822 643 999 723 antequam
1021 638 1152 726 aliquod
1173 637 1295 704 donum

188 739 307 806 faceret
323 739 429 804 eidem
444 739 569 804 Abbati
584 747 618 804 et
634 738 746 804 domui
760 762 827 818 sue,
843 748 877 806 et
892 740 979 806 unde
1000 740 1080 806 dicit
1099 741 1186 828 qued
1205 741 1296 806 nulla

187 853 277 910 certe
305 866 366 908 nee
396 842 547 929 Episcopi
576 864 636 908 nee
665 843 801 908 alterius
831 867 894 930 que
921 844 1104 932 dependeat
1134 844 1175 910 de
1207 853 1296 910 certa

187 947 325 1012 Alnsthi
339 945 449 1011 uslere
464 944 563 1010 debet
578 944 619 1010 de
634 945 718 1010 dono
734 947 819 1011 fecte
831 937 897 1032 ipsi
913 947 1038 1012 Abbati
1053 957 1087 1012 et
1102 947 1213 1012 domui
1228 971 1294 1012 sue.

187 1051 265 1114 Post
287 1049 380 1114 uenit
402 1047 561 1114 Ricardus
583 1057 617 1113 et
640 1049 725 1134 petit
748 1033 916 1142 lieeneiam
939 1050 1110 1116 recedendi
1132 1051 1173 1116 de
1203 1052 1296 1116 breui

187 1177 245 1218 suo
260 1162 295 1222 et
310 1154 419 1231 hebet,
434 1161 468 1218 et
483 1153 556 1218 ideo
571 1153 647 1218 inde
663 1154 732 1219 sine
747 1151 801 1219 die
816 1163 875 1220 ete.

128 1307 134 1318 .
253 1257 435 1324 ¹J0hannes
450 1257 490 1323 de
506 1259 663 1323 Wattona
678 1267 785 1324 eustos
799 1260 967 1334 hundredi
985 1260 1025 1325 de
1042 1259 1194 1325 Shemele
1209 1283 1294 1324 sum·
1373 1281 1398 1312 θη

188 1363 331 1428 monitus
354 1362 481 1427 suited
503 1362 764 1448 respondendum
786 1361 917 1428 J'ollano
946 1364 986 1428 de
1017 1363 1172 1444 Neouiila
1196 1387 1295 1450 quere

188 1468 266 1532 fecit
291 1465 438 1532 bellinus
455 1488 529 1530 suos
555 1465 596 1530 de
620 1465 734 1531 eodem
760 1466 935 1546 hundredo=
953 1461 1079 1552 ingredi
1109 1467 1294 1547 libertatem

188 1572 291 1658 ipsius
316 1571 447 1637 Jollnni'
468 1571 509 1636 de
539 1570 703 1636 Shemes'·
722 1579 757 1635 et
783 1571 944 1657 prisonem
972 1593 1063 1636 suem
1090 1571 1237 1658 frangere
1261 1579 1296 1634 et

188 1699 301 1763 cepere
331 1675 453 1742 ibidem
476 1676 657 1740 Jordanum
680 1676 854 1740 Textorem
877 1675 934 1760 qui
955 1697 1014 1760 per
1034 1675 1172 1739 belliuos
1193 1675 1295 1760 ipsius

187 1779 309 1844 Jolleni
323 1787 439 1865 eaptus
454 1779 518 1843 fuit
538 1779 622 1843 infre
644 1779 832 1842 libertatem
850 1777 1095 1863 ipsius'Jollani
1117 1799 1176 1863 pro·
1198 1778 1294 1842 latro-

188 1884 271 1967 cinio
290 1882 295 1970 Ι
316 1891 350 1948 et
365 1883 441 1948 inde
462 1882 621 1948 abducere
642 1905 745 1969 usque
765 1882 899 1948 Strodes
921 1883 1005 1946 infre
1028 1882 1232 1947 hundredum
1253 1881 1293 1945 de

189 1987 358 2052 Schamele
387 1981 422 2051 et
451 2009 527 2051 eum
557 1985 604 2052 ibi
633 1985 787 2072 suspendi
823 1994 935 2051 eontra
972 1986 1156 2051 libertatem
1192 1986 1293 2072 ipsius

187 2091 310 2155 Jolleni
332 2097 401 2166 ete,
420 2098 454 2154 et
476 2089 564 2155 unde
587 2089 674 2155 idem
697 2090 846 2155 Jnllenus
868 2090 948 2156 dicit
970 2085 1056 2176 quod
1078 2113 1152 2155 cum
1174 2089 1294 2154 hebeat

189 2195 369 2259 manerium
390 2195 430 2258 de
452 2194 604 2259 Shemes⁸
618 2218 693 2259 cum
708 2203 789 2280 pert.
806 2196 846 2260 de
862 2195 945 2260 dono
965 2195 1066 2281 Regis
1086 2193 1217 2259 Rienrdi
1237 2215 1295 2279 per

189 2307 310 2364 eertum
327 2322 418 2364 suam
434 2299 614 2364 tenendum
632 2300 681 2365 its‘
700 2301 801 2366 iibere
821 2301 905 2366 sieut
925 2302 1018 2366 Dum.
1043 2299 1199 2366 Ricardus
1222 2299 1293 2363 Rex

189 2403 270 2468 illud
285 2403 403 2468 babuit
418 2403 548 2489 quando
563 2405 628 2470 fuit
642 2405 677 2469 in
697 2427 797 2470 manu
817 2427 885 2483 sue,
901 2414 935 2470 et
957 2429 1031 2470 cum
1053 2405 1194 2470 balliuus
1216 2427 1294 2468 suus

189 2509 326 2594 cepisset
340 2507 524 2594 predictum
538 2509 563 2574 J
563 2508 720 2573 ordanum
740 2532 815 2573 cum
835 2509 962 2574 duabus
976 2509 1165 2574 bidentibus
1180 2507 1294 2572 ferretis

188 2635 246 2699 per
260 2621 381 2678 sectam
397 2612 537 2700 Agnetis
552 2622 587 2678 et
599 2614 759 2700 Murgerie
772 2613 811 2678 de
824 2613 1021 2678 Ludesdune
1029 2613 1116 2678 idem
1128 2613 1151 2677 J
1152 2613 1294 2677 ohannes

189 2717 277 2781 misit
300 2716 348 2780 ibi
373 2715 511 2781 bellinus
537 2739 611 2781 suos
636 2717 701 2781 scil.
733 2717 913 2782 Robertum
940 2717 979 2781 de
1010 2717 1112 2780 Hales
1140 2715 1293 2781 clericum

187 2843 292 2899 suum,
310 2808 506 2886 ¹Johennem
536 2821 577 2886 de
608 2821 817 2898 Oheunterel,
854 2821 1036 2903 Gelfridum
1074 2821 1224 2906 Screppe,
1259 2827 1293 2884 et

189 2922 363 3008 Symonem
393 2921 434 2988 de
465 2922 671 3010 Moresleghs
706 2923 803 2988 simul
840 2947 913 2988 eum
951 2923 1030 2999 aliis,
1061 2929 1095 2986 et
1127 2923 1293 3008 fregerunt

188 3026 349 3112 prisonem
371 3026 406 3090 in
424 3049 490 3113 qus
510 3027 597 3091 idem
618 3027 641 3092 J
642 3026 781 3092 ordanus
802 3028 874 3104 fuit,
891 3035 925 3092 et
944 3027 1050 3113 ipsum
1074 3026 1150 3090 inde
1170 3025 1292 3090 abdux-

1344 1900 1386 1949 [119
1394 1900 1421 1949 bl

188 3139 284 3195 erunt
310 3153 412 3218 usque
437 3131 581 3208 Strodes,
606 3139 640 3196 et
664 3131 711 3196 ibi
737 3155 813 3196 eum
839 3130 993 3216 suspendi
1015 3131 1161 3194 fecerunt
1182 3137 1294 3194 contra
1405 3153 1409 3158 ’

188 3232 373 3297 libertatem
396 3231 520 3296 domini
541 3232 602 3310 sui,
624 3232 712 3298 unde
735 3233 950 3298 deterioretus
972 3241 1022 3297 est
1052 3240 1087 3297 et
1116 3232 1293 3318 dampnum

190 3437 319 3511 Ricmdi
344 3461 407 3524 que
435 3446 577 3502 testetur
600 3438 687 3525 quod
712 3439 782 3525 ipse
806 3439 899 3504 dedit
924 3439 1053 3504 Jolleno
1079 3439 1119 3503 de
1143 3439 1297 3505 Neouille

188 3543 274 3628 petn’
288 3542 428 3628 predicti
442 3543 465 3608 J
466 3544 566 3608 olleni
581 3544 763 3627 manerium
779 3545 861 3609 illud
876 3567 951 3609 eum
967 3545 1118 3621 omnibus
1131 3554 1213 3631 pert.
1229 3546 1297 3610 suis
1337 3536 1338 3540 ¹

189 3655 223 3711 et
260 3670 335 3712 eum
373 3647 523 3712 omnibus
553 3649 761 3714 libertatibus
790 3651 857 3714 suis
886 3651 935 3714 ite
963 3650 1090 3738 integre
1120 3650 1205 3716 sicut
1241 3651 1296 3715 ille

189 3752 370 3817 manerium
385 3752 468 3818 illud
483 3754 593 3818 tenuit
609 3755 643 3818 in
660 3777 759 3820 manu
774 3778 840 3820 sue
1232 3831 1233 3834 Ἴ
1268 3741 1269 3746 ¹

255 3857 299 3921 Et
313 3859 336 3923 J
337 3857 481 3922 ohannes
496 3859 589 3923 uenit
605 3867 639 3924 et
654 3859 801 3924 defendit
816 3859 884 3923 uim
905 3867 940 3923 et
955 3858 1107 3924 iniuriam
1130 3867 1164 3923 et
1183 3857 1295 3944 demp-

190 3984 269 4026 num
295 3969 330 4026 et
352 3969 476 4041 totum‚·
492 3971 527 4028 et
549 3963 630 4029 dieit
652 3963 738 4050 quud
760 3964 926 4050 predictus
951 3963 1115 4029 Jordenus
1138 3985 1203 4028 non
1233 3964 1296 4028 fuit

190 4070 304 4148 eaptus
326 4063 411 4129 infra
436 4065 622 4132 libertatem
647 4066 748 4152 ipsius
773 4066 905 4144 «Iollam,
930 4066 1007 4152 quie
1030 4087 1144 4130 reuera,
1169 4064 1297 4152 quando

191 4168 261 4232 Rex
306 4169 464 4236 Rieurdus
507 4171 599 4237 dedit
640 4171 821 4237 manerium
861 4171 944 4236 illud
987 4171 1132 4257 predicto
1168 4170 1297 4236 Jolleno

224 4367 327 4420 ¹A.m.
342 4367 410 4422 sstd.
447 4369 686 4434 Dnmsgedbyfire.
769 4369 816 4422 See
832 4369 958 4422 Hexted's
975 4371 1051 4428 Kent,
1068 4368 1119 4418 vol.
1138 4368 1161 4428 1,
1178 4381 1221 4432 pp.
1237 4369 1294 4430 474,

223 4433 403 4492 'storacem
424 4434 717 4486 Themunorisshorne
768 4437 826 4488 507.

192 4498 243 4549 snd
252 4499 296 4548 the
302 4498 420 4550 hundred
429 4500 716 4552 ShumelorShsmwell.
800 4501 811 4533 ³
828 4501 942 4560 Stoma,
957 4499 987 4550 A.
