3212 5230
426 465 570 527 armar,
592 464 655 513 nn.
681 451 774 525 1230,
796 461 858 512 nn
884 450 931 513 14.
1161 452 1221 514 321

132 641 273 708 saisinam
301 641 341 706 de
370 639 486 706 eadem
513 659 684 704 commune
704 637 784 702 dum
806 637 901 714 uixit,
923 645 957 702 et
978 633 1118 702 Thomas
1139 637 1225 702 filius

132 747 251 814 Ricardi
280 747 336 834 qui
360 754 412 812 est
437 751 600 811 warantus
625 729 703 808 suus
732 741 773 807 de
796 739 873 806 dote
896 763 955 806 sua
978 749 1028 807 est
1050 741 1135 806 infra
1158 749 1225 806 eta-

132 855 199 928 tem,
220 857 256 916 et
279 873 343 915 non
366 849 443 913 uult
467 847 536 912 sine
563 869 601 912 eo
629 843 820 932 respondere
845 844 908 910 nisi
934 845 1023 910 curia
1047 843 1225 910 considera·

132 953 213 1018 uerit
533 1013 537 1022 .

187 1059 229 1124 Et
251 1057 410 1124 Ricardus
431 1055 526 1121 uenit
556 1063 590 1120 ct
619 1054 700 1120 dicit
729 1053 815 1141 quod
844 1076 972 1142 semper
999 1077 1020 1120 a
1047 1063 1224 1142 conquestu

132 1161 239 1249 Anglic
266 1161 589 1227 communicauerunt
614 1167 829 1224 antecessores
858 1158 909 1223 sui.
937 1158 972 1223 in
1001 1158 1095 1223 terris
1124 1158 1225 1244 ipsius

132 1263 278 1330 Willelmi
302 1272 337 1330 ct
365 1272 605 1329 antecessorum
630 1285 761 1327 suorum
791 1269 826 1327 et
855 1261 942 1326 idem
972 1261 1155 1327 Willelmus
1183 1263 1224 1328 si-

132 1369 242 1434 militer
262 1377 296 1434 ct
315 1377 534 1434 antecessores
556 1367 607 1432 sui
630 1367 665 1431 in
687 1365 782 1431 terris
803 1365 905 1451 ipsius
925 1366 1056 1432 Ricardi
1078 1375 1113 1432 et
1134 1377 1224 1433 ante-

131 1493 280 1537 ccaorum
294 1493 427 1536 suorum
442 1470 514 1535 uice
529 1491 625 1534 uersa
638 1477 673 1534 et
693 1468 799 1534 adhuc
814 1468 939 1533 faciunt
959 1469 1106 1535 homines
1124 1470 1225 1556 ipsius

132 1575 250 1640 Ricardi
266 1573 307 1640 dc
322 1573 486 1661 Wylegha
499 1572 672 1638 seruicium
687 1570 794 1637 eidem
806 1571 969 1636 Willelmo
983 1595 1041 1659 pro
1055 1595 1227 1640 commune

131 1679 179 1744 illa
191 1687 223 1745 et
238 1701 302 1744 cua
316 1677 396 1744 dant
412 1685 447 1742 et
460 1677 598 1765 gallinas
613 1681 647 1740 et
662 1673 764 1740 eciam
781 1673 840 1740 hoc
855 1697 940 1740 anno
955 1675 1037 1741 illud
1052 1676 1225 1743 seruicium

132 1783 157 1848 ci
169 1784 319 1850 feecnmt

187 1890 229 1955 Et
237 1887 423 1954 Willelmus
433 1885 514 1953 dicit
523 1885 608 1973 quod
619 1885 703 1951 bene
714 1893 823 1972 potest
834 1907 902 1951 esse
914 1884 1000 1972 quod
1011 1894 1226 1954 antecessores

132 1995 175 2060 sui
197 1991 372 2080 aliquando
397 1989 721 2058 communicauerunt
746 2013 820 2056 cum
846 1991 1100 2058 antecessoribus
1124 1994 1226 2080 ipsius

132 2097 253 2164 Ricardi
275 2105 309 2162 et
335 2096 404 2182 ipse
434 2093 592 2172 similiter,
614 2102 664 2160 set
689 2094 758 2180 ipse
788 2094 945 2160 Ricardus
974 2118 1061 2162 nunc
1089 2097 1227 2162 includit

132 2209 288 2288 pasturam
317 2199 408 2264 illam
438 2206 474 2264 et
495 2220 567 2263 cam
589 2197 712 2263 errauit
734 2197 826 2263 etin
848 2198 1009 2264 culturam
1031 2199 1158 2286 redegit
1179 2200 1228 2267 ita

134 2303 210 2391 quod
224 2325 283 2369 nec
302 2302 373 2388 ipse
393 2323 453 2366 nec
475 2299 622 2365 homines
643 2299 695 2365 sui
716 2299 859 2388 aliquam
881 2322 1086 2368 communem
1108 2303 1227 2371 habere

134 2415 260 2494 pomunt
273 2406 309 2471 in
324 2413 411 2470 terra
424 2403 528 2490 ipsius
543 2401 680 2468 Ricardi

191 2511 234 2575 Et
263 2510 341 2597 quia
368 2507 553 2574 Willclmus
586 2507 749 2596 cognoscit
778 2507 865 2594 quod
893 2507 993 2574 habet
1022 2533 1226 2577 communem
1255 2549 1261 2560 ·

134 2621 421 2700 quantamcumque
443 2611 520 2677 licet
537 2635 672 2698 paruam
692 2611 930 2678 consideratum
950 2621 1000 2678 est
1020 2614 1107 2700 quod
1126 2615 1226 2681 nichil

132 2717 229 2803 capiat
243 2739 301 2803 per
315 2715 416 2780 breue
431 2714 520 2780 istud
535 2723 569 2780 et
584 2715 677 2780 sitin
692 2714 909 2780 misericordia
922 2737 980 2801 pro
995 2715 1074 2782 falso
1089 2718 1226 2784 clamore

132 2831 162 2886 et
174 2820 337 2908 perquirat
351 2817 415 2884 sibi
429 2841 488 2904 per
501 2817 591 2884 aliud
606 2818 706 2885 breue
721 2819 806 2884 sicut
821 2841 879 2906 per
893 2819 992 2886 breue
1008 2821 1093 2908 quod
1112 2823 1226 2890 reddat

133 2928 159 2992 ci
173 2935 295 2992 tantam
309 2933 478 3011 pasturam
493 2933 552 2990 etc.
572 2923 577 3013 Ι

41 3035 94 3100 393
191 3029 365 3096 ¹Ranuifns
377 3029 494 3096 Comes
506 3028 631 3096 Oestrie
643 3039 677 3095 et
692 3029 858 3096 Lincolnic
873 3031 959 3117 petit
974 3053 1086 3097 uersus
1101 3032 1226 3098 Willel-

134 3157 216 3199 mum
230 3133 371 3199 Priorem
386 3132 428 3198 de
439 3131 545 3197 Pratis
555 3155 583 3198 v.
596 3132 689 3199 hidas
704 3141 789 3199 terre
804 3156 878 3199 cum
893 3143 973 3221 pert.
987 3135 1022 3200 in
1038 3135 1226 3204 Stiuintona

134 3247 167 3302 ut
180 3237 230 3303 ius
242 3259 338 3303 suum
353 3243 415 3302 etc.
426 3233 513 3300 unde
526 3233 641 3302 Oomes
655 3237 816 3302 Rannlfus
830 3259 912 3302 auus
926 3261 1004 3302 suus
1019 3239 1083 3303 fuit
1097 3239 1226 3307 scisitus

134 3342 164 3406 in
177 3342 331 3407 dominico
346 3362 406 3405 suo
421 3347 460 3403 ut
475 3337 515 3403 de
530 3339 622 3404 feodo
637 3347 696 3406 etc.
709 3347 744 3405 et
758 3339 828 3405 iure
844 3347 989 3427 tempore
1001 3342 1043 3407 H.
1056 3341 1156 3430 Regis
1171 3345 1226 3410 aui

134 3447 220 3512 Dom
229 3447 326 3535 Regis
340 3444 498 3532 capiendo
513 3444 588 3509 inde
604 3451 673 3524 etc,
685 3453 719 3510 et
733 3445 774 3510 de
789 3445 933 3532 predicto
944 3447 1085 3512 Ranulfo
1096 3447 1227 3514 descen·

134 3551 244 3618 ditius
262 3561 348 3618 terre
367 3551 456 3617 illius
477 3551 611 3638 Hugoni
630 3551 697 3616 filio
716 3573 774 3616 suo
796 3559 830 3616 et
851 3551 962 3618 heredi
978 3552 1067 3618 etde
1082 3555 1228 3640 predicto

135 3657 308 3745 Hugnone'
330 3657 388 3724 isti
408 3657 549 3722 Ranulfo
571 3666 610 3721 ut
625 3655 692 3721 filio
712 3665 746 3721 et
766 3655 878 3722 heredi
895 3679 960 3735 suo,
976 3665 1010 3722 et
1029 3659 1116 3724 unde
1140 3659 1227 3724 idem

134 3761 283 3828 Ranulfus
297 3761 380 3827 dicit
395 3760 481 3847 quod
496 3770 641 3847 tempore
657 3783 720 3848 quo
735 3761 835 3849 Hugo
855 3769 948 3848 pater
969 3783 1047 3827 suus
1062 3763 1125 3828 fuit
1144 3750 1229 3829 infra

135 3873 247 3932 etatem
268 3875 303 3933 et
325 3866 361 3930 in
383 3864 531 3930 custodia
551 3863 651 3952 Regis
674 3863 809 3930 chrici
830 3887 904 3930 cum
930 3866 1020 3932 terris
1045 3867 1113 3932 suis
1142 3867 1228 3933 unde

136 3967 284 4036 Ranulfus
306 3978 401 4057 pater
423 3991 501 4034 suus
524 3968 605 4034 obiit
627 3967 756 4033 saisitus
778 3969 910 4034 fuerunt
932 3969 1076 4056 predicte
1098 3993 1124 4034 v.
1144 3971 1229 4058 hyde

135 4071 264 4140 alienate
293 4073 420 4140 desicut
441 4071 529 4154 idem
552 4071 712 4137 Ranulfirs
737 4079 831 4158 pater
852 4071 953 4159 ipsius
976 4073 1126 4160 Hugonis
1148 4075 1230 4140 obiit

136 4171 255 4239 seisitus
275 4173 315 4240 de
341 4182 426 4238 terra
447 4171 505 4237 illa
525 4171 611 4237 sicut
632 4179 667 4236 et
688 4170 730 4236 de
751 4171 824 4237 aliis
846 4181 880 4237 et
900 4173 986 4259 quod
1005 4173 1054 4238 ita
1072 4174 1116 4238 sit
1136 4175 1230 4240 offert

138 4276 225 4342 Dom
238 4279 317 4368 Regi
331 4303 382 4345 xx.
399 4299 495 4345 marc.
510 4299 568 4365 pro
583 4277 733 4344 habenda
746 4277 823 4344 inde
837 4278 1048 4365 inquisicione
1068 4287 1103 4345 et
1123 4280 1150 4346 si
1170 4281 1230 4346 hoc

166 4513 338 4572 ¹An.24d.
372 4516 1052 4583 ffisraudhmnesuyooounen,soecuesrs.
1118 4519 1196 4571 ’Sia

223 4632 251 4682 n
1103 4623 1141 4684 21
