3212 5230
331 431 652 494 mensunusum
676 417 770 492 1230,
792 429 856 480 sn
881 416 1017 480 14-15.
1161 413 1225 483 377

139 607 247 673 dictum
268 606 443 672 terminum
465 603 627 679 1616116,
649 607 684 665 et
706 599 809 664 eciam
831 597 859 663 si
880 591 1046 683 predictus
1068 597 1226 664 Ricardus

139 709 262 794 diquem
285 706 432 772 feoffauit
455 704 496 770 dc
519 703 627 790 aliquo
653 701 740 788 quod
765 693 881 788 tengat
904 699 1004 764 linem
1029 699 1123 764 illum
1152 707 1226 786 post

137 811 223 876 finem
236 812 355 875 fectum
369 809 425 874 ucl
440 830 505 873 non
519 807 597 894 quia
611 804 695 871 tam¹
711 813 770 870 etc
787 812 822 870 61
846 803 1093 890 inquisicionem
1113 803 1225 869 uenire

138 915 221 980 facist
234 922 291 978 etc
306 935 365 998 per
379 912 492 977 literas
506 918 567 975 etc
582 918 617 976 61
630 932 690 996 per
703 909 785 974 duos
799 917 859 975 etc

49 1021 100 1088 lll.
190 1015 357 1081 'Ricardus
386 1015 474 1079 filius
503 1015 609 1079 Mosse
638 1011 689 1079 et⁸
717 1013 775 1078 alii
803 1012 995 1078 summoniti
1021 1013 1154 1078 fuerunt
1183 1012 1225 1079 sd
1261 1021 1358 1064 ΝΜ

137 1117 376 1204 respondendum
400 1115 565 1180 Willelmo
590 1115 725 1200 Wymer
754 1137 852 1201 quare
881 1114 945 1200 ipsi
970 1113 1161 1179 iurauerunt
1190 1122 1225 1180 et

136 1222 227 1286 iurare
245 1221 391 1284 feocumt
411 1219 557 1283 homines
577 1217 617 1282 de
637 1217 778 1284 Stafford
800 1217 886 1304 quod
909 1217 949 1282 de
972 1225 1079 1282 cetero
1100 1217 1224 1282 nullum

136 1333 241 1390 sectum
254 1325 397 1388 facerent
412 1321 455 1387 ad
468 1320 653 1386 molendina
667 1319 781 1385 suade
797 1320 973 1387 Staffordis
986 1327 1098 1386 contre
1112 1343 1224 1407 paoem

137 1429 216 1493 Dorn
244 1427 342 1514 Regis
368 1435 405 1492 et
430 1449 528 1512 quare
558 1426 696 1491 clamere
726 1426 872 1491 lecerunt
894 1433 1007 1491 contra
1028 1447 1140 1511 pacem
1164 1432 1223 1490 etc.
1236 1437 1358 1487 Nouruod

136 1532 237 1596 inloro
250 1531 289 1597 de
305 1529 483 1597 Steffordie
496 1529 626 1595 nomine
640 1529 735 1594 Dom.
750 1531 850 1618 Regis
870 1531 957 1616 quod
972 1530 1000 1596 si
1015 1530 1088 1616 quis
1102 1538 1223 1596 sectam
1235 1485 1380 1618 {igfflffl

136 1637 239 1701 fuceret
253 1635 294 1701 ad
307 1634 495 1700 molendina
508 1634 610 1720 ipsius
628 1633 786 1699 Willelmi
805 1634 959 1721 predicta,
979 1635 1088 1699 omnia
1107 1635 1224 1700 6616116
1235 1624 1381 1720 1111·ξέὥῦ

135 1740 261 1826 ipsorum
290 1739 332 1804 sd
362 1761 444 1824 opus
473 1737 566 1804 Dom
598 1737 698 1825 Regis
731 1745 885 1824 caperent
919 1745 954 1803 61
994 1737 1223 1803 nichilominus
1235 1699 1386 1814 iiiidffl

135 1865 252 1929 corpore
264 1865 323 1908 sus
336 1843 372 1908 in
386 1842 517 1927 prisone
530 1839 743 1906 detruderent
758 1847 817 1906 etc
834 1847 869 1906 et
883 1847 1005 1906 sectum
1025 1838 1224 1926 producunt‘

134 1955 178 2012 set·
190 1947 291 2011 minus
304 1943 544 2012 sufficientem⁸.

192 2049 231 2112 Et
258 2047 415 2113 Ricardus
439 2054 474 2112 et
499 2069 610 2112 omnes
635 2046 692 2112 alii
717 2045 857 2111 ueniunt
882 2055 917 2111 et
938 2047 1021 2112 bene
1043 2045 1224 2112 defendunt

135 2150 211 2236 quod
233 2173 399 2238 nunquam
421 2157 534 2214 contra
554 2171 667 2236 pacem
690 2148 785 2216 Dom.
807 2149 908 2237 Regis
929 2149 1035 2214 iurare
1062 2151 1224 2216 fecerunt⁸

134 2275 187 2319 nec
212 2255 340 2319 clamari
369 2254 515 2320 lecerunt
543 2275 585 2319 ne
614 2253 761 2340 predicta
789 2262 878 2320 secta
913 2255 1007 2320 fieret
1043 2263 1078 2320 et
1114 2263 1222 2320 totum

134 2356 306 2423 defendunt

191 2462 231 2526 Et
244 2461 321 2548 quia
340 2461 506 2547 predictus
521 2460 703 2527 Willelmus
717 2461 841 2526 nullam
856 2469 976 2527 sectam
991 2461 1140 2548 producit
1158 2483 1221 2548 que

134 2565 258 2630 sufficiat
272 2564 360 2651 quod
373 2565 423 2629 116
436 2564 480 2629 sit
497 2565 582 2630 sicut
605 2565 674 2651 ipse
697 2565 777 2630 dicit
798 2565 1046 2632 Consideratum
1066 2574 1116 2631 est
1136 2565 1222 2652 quod

134 2669 275 2734 lerdus
289 2677 325 2734 et
344 2669 402 2734 alii
420 2669 497 2734 inde
516 2669 586 2734 sine
606 2669 660 2734 die
679 2679 713 2734 61
733 2670 918 2736 Willelmus
939 2671 975 2736 in
994 2670 1220 2736 misericordia.

134 2769 170 2834 Et
187 2770 367 2834 willelmus
389 2768 509 2835 habeat
529 2769 629 2835 breue
649 2769 834 2836 uieecomiti
857 2770 1030 2837 Staffordie
1051 2771 1137 2858 quod
1156 2794 1221 2836 non

134 2873 269 2937 obstante
287 2871 381 2936 clnm’
406 2871 434 2936 si
452 2870 536 2957 qual
557 2873 643 2936 facte
662 2872 726 2936 fuit
746 2873 826 2959 quin
848 2895 959 2938 omnes
980 2874 1037 2961 qui
1058 2873 1222 2939 noluerint

134 2983 296 3062 sequentur
308 2975 352 3040 ed
366 2975 512 3062 predicta
526 2975 717 3040 molendina

54 3083 99 3145 lto.
187 3081 310 3146 ‘Asina
330 3081 425 3146 uenit
446 3080 652 3168 recognitum
673 3079 745 3166 quis
766 3079 944 3146 aduocatus
965 3088 1110 3168 tempore
1132 3081 1221 3168 pacis
1346 3132 1353 3145 .

136 3184 320 3269 presentsuit
334 3183 485 3248 ultimum
500 3205 669 3269 personum
683 3183 725 3248 od
740 3184 906 3249 eeclesiam
921 3184 961 3249 de
974 3185 1147 3250 Elkeduna
1157 3208 1220 3272 que

136 3295 225 3364 uuest,
238 3287 331 3352 cuius
344 3285 592 3351 aduocationem
607 3285 706 3373 Hugo
726 3287 813 3351 filius
833 3287 965 3352 Rodulfi
986 3289 1104 3353 clamat
1123 3289 1167 3354 ad
1185 3311 1220 3354 se

136 3389 279 3473 pertinere
308 3389 438 3454 racione
467 3397 553 3455 terre
575 3396 610 3454 et
631 3389 760 3455 heredis
781 3389 921 3476 Agnetis
942 3390 1009 3455 filie
1031 3390 1163 3456 Radulfi
1185 3391 1221 3456 in

136 3513 302 3557 munusue
328 3490 499 3556 existentis
527 3513 640 3556 uersus
669 3491 813 3556 Priorem
837 3491 877 3556 de
907 3491 1142 3580 Bridlingtons,
1164 3495 1222 3581 qui

137 3593 215 3658 uenit
234 3617 291 3681 per
311 3601 515 3659 ottornctum
537 3616 633 3659 suum
655 3601 690 3658 61
711 3595 864 3682 cognouit
885 3594 972 3682 quod
994 3595 1156 3662 Robertus
1179 3596 1221 3664 de

137 3694 335 3785 Muschnump
371 3721 452 3763 suus
486 3699 632 3785 predicte
662 3699 802 3786 Agnetis
830 3701 1034 3786 presentauit
1070 3702 1221 3768 ultimam

138 3819 288 3882 personam
323 3799 366 3865 sd
402 3800 540 3866 eandem
577 3800 743 3866 ecclesium
780 3801 905 3867 scilicet
941 3801 1143 3868 Willelmum
1179 3803 1220 3869 de

138 3901 317 3969 1116611111
342 3904 616 3970 Amhidinconum
645 3907 795 3992 Derebye
824 3906 882 3993 qui
903 3907 1020 3972 ultimo
1042 3907 1117 3972 inde
1139 3907 1221 3973 obiit

139 4025 264 4090 persono,
277 4016 327 4073 set
342 4008 520 4094 postillam
539 4009 815 4095 presentacionem
834 4009 926 4076 dedit
947 4009 1036 4076 idem
1059 4011 1221 4080 Robertus

166 4183 175 4216 ¹
189 4184 292 4237 Beesuss
308 4186 373 4238 both
394 4187 491 4250 parties
512 4187 578 4240 1616
595 4193 644 4254 put
726 4190 737 4223 ⁶
752 4189 793 4240 No
804 4191 905 4241 further
916 4191 1069 4255 particulare
1080 4192 1108 4242 in
1119 4193 1150 4243 A.

141 4247 275 4301 themselves
285 4251 487 4316 oncninquest.
726 4253 839 4306 ‘iurare
845 4257 962 4321 jecerunt
973 4257 1071 4309 altered
1082 4257 1139 4310 into
1150 4261 1220 4310 turc·

168 4313 215 4410 :A
228 4331 261 4392 m.
694 4327 792 4396 uerunt,
806 4321 837 4370 A.
