3276 5234
346 421 407 488 254
575 435 809 500 monastriae,
833 433 898 489 an.
923 419 1015 498 1220,
1037 439 1099 486 nn
1123 421 1217 486 4-5.

343 611 477 676 clericus
498 611 588 678 illam
610 611 753 698 possedit
774 635 848 676 xxx.
870 611 964 677 annis
986 609 1164 676 transactis.
1210 609 1270 675 Set
1285 607 1362 695 quia
1382 606 1448 672 De·

343 737 441 780 canus
461 715 550 802 prius
570 716 630 782 hoc
650 716 737 782 idem
759 715 895 794 dixerat,
910 724 945 781 et
963 715 1125 781 Henricus
1146 715 1263 780 Ruffirs
1284 711 1451 800 respondit

343 819 429 905 quod
452 819 635 886 Willelmus
657 829 751 907 pater
779 821 881 908 ipsius
910 821 1031 908 Rogeri
1059 820 1142 886 obiit
1171 820 1231 885 hoc
1260 840 1344 884 anno
1373 815 1450 882 inde

343 943 486 1007 persona,
501 923 738 990 consideratum
759 924 823 990 fuit
842 924 929 1011 quod
950 923 1051 989 assisa
1071 921 1232 1010 procedat,
1246 929 1298 988 set
1319 921 1451 1008 ponitur

342 1025 378 1090 in
399 1035 582 1112 respectum
612 1050 716 1114 usque
745 1027 780 1092 in
810 1036 876 1092 tres
905 1027 1032 1114 septim.
1056 1033 1130 1113 post
1158 1027 1279 1091 festum
1306 1025 1337 1090 S,
1361 1023 1449 1108 Hyn

343 1151 400 1214 pro
414 1129 543 1195 defectu
558 1129 796 1218 recognitorum
812 1129 890 1216 quia
904 1137 1035 1196 tantum
1050 1138 1117 1195 tres
1137 1136 1299 1195 uenerunt
1319 1135 1354 1192 et
1375 1149 1450 1192 eum

342 1233 461 1320 quibus
490 1243 548 1300 ete
573 1243 608 1300 et
635 1235 804 1300 Johannes
832 1257 868 1300 se
894 1233 1089 1300 essoniauit¹
1119 1242 1179 1301 etc
1210 1241 1244 1300 et
1273 1233 1452 1300 uiceoomes

342 1336 462 1402 habeat
476 1359 607 1423 corpora
620 1337 757 1403 aliorum
773 1346 807 1403 et
822 1338 890 1404 loco
906 1338 1041 1404 Henrioi
1055 1339 1096 1404 de
1112 1337 1303 1426 Penebrigg’
1316 1335 1452 1402 Hendei

342 1440 384 1507 de
400 1441 518 1507 Safeid'
535 1451 593 1508 etc

287 1611 293 1626 ,
406 1543 538 1610 'Amisa
558 1545 652 1611 uenit
673 1546 881 1634 recognitum
900 1547 972 1634 quis
995 1546 1175 1612 aduocatus
1196 1554 1342 1632 tempore
1364 1542 1452 1631 pacis

284 1691 289 1702 -
343 1649 544 1733 presentauit
562 1651 712 1716 ultimam
732 1674 981 1738 personamque
1003 1659 1133 1716 mortua
1153 1658 1204 1716 est
1225 1649 1268 1715 ad
1284 1648 1452 1714 eeclesiam

343 1754 384 1820 de
414 1755 537 1842 Tunge,
557 1754 562 1842 Ι
581 1779 644 1842 que
674 1765 771 1824 uacat
801 1765 870 1835 etc,
900 1755 993 1822 cuius
1029 1755 1277 1822 aduocacionem
1306 1753 1453 1840 Rogems

343 1855 384 1921 de
400 1856 432 1921 la
447 1857 554 1922 Suche
569 1858 688 1924 clamat
703 1881 817 1924 uersus
828 1859 995 1924 Abbatem
1011 1857 1233 1944 Salopesbirie.
1278 1855 1345 1936 Qui
1359 1853 1454 1920 uenit

344 1968 378 2025 et
400 1960 480 2026 dicit
502 1960 588 2048 quod
609 1961 709 2027 assisa
730 1983 795 2027 non
817 1961 916 2027 debet
938 1961 1015 2026 inde
1038 1961 1109 2026 fieri
1130 1960 1208 2047 quia
1232 1959 1367 2025 ecclesia
1387 1981 1453 2022 non

344 2073 449 2143 uacat,
466 2064 566 2130 immo
588 2066 750 2132 Robertus
771 2065 812 2132 de
836 2065 1046 2132 Shurefordie
1067 2073 1118 2130 est
1139 2065 1216 2130 inde
1238 2085 1374 2150 persona
1395 2062 1453 2148 qui

344 2190 475 2255 presens
497 2178 547 2234 est
569 2177 603 2235 et
625 2170 686 2236 hoc
707 2171 794 2236 idem
816 2169 897 2236 dicit
927 2179 962 2236 et
990 2171 1113 2256 profert
1142 2177 1265 2236 cartam
1295 2167 1454 2232 Willelmi

345 2259 597 2340 Conuentrcnsis
618 2274 771 2361 Episcopi
780 2273 801 2352 ⁸,
822 2297 900 2362 que¹
917 2281 1059 2340 testatur
1083 2273 1170 2361 quod
1198 2272 1268 2359 ipse
1297 2271 1389 2336 dedit
1418 2278 1455 2336 et

344 2378 500 2444 concessit
528 2378 695 2444 ecclesiam
717 2379 757 2445 de
780 2379 894 2466 Tunge
925 2401 1000 2443 cum
1029 2377 1179 2442 omnibus
1207 2383 1287 2463 pert
1311 2375 1454 2440 Roberto

344 2481 385 2546 de
401 2481 587 2547 Surefordia
600 2481 714 2548 clerico
728 2481 770 2548 ad
785 2481 1061 2568 presentaeionem
1072 2480 1213 2546 Abbatis
1228 2489 1262 2546 et
1273 2487 1454 2546 conuentus

347 2587 552 2673 Salopesbiry
568 2587 660 2652 salua
677 2595 788 2654 tamen
811 2587 846 2652 in
866 2586 980 2652 eadem
1000 2585 1135 2652 ecelesia
1154 2585 1276 2650 uicaria
1293 2583 1454 2671 Emulphi

345 2690 452 2756 clerici
466 2691 524 2778 qui
537 2690 625 2756 dicto
645 2692 788 2758 Roberto
809 2691 885 2758 dim.
902 2715 996 2757 marc.
1018 2691 1117 2756 soluit
1141 2689 1271 2756 nomine
1291 2688 1455 2775 pensionis

345 2801 380 2858 et
394 2793 501 2879 ipsum
517 2793 697 2859 Bobertum
712 2794 747 2859 in
764 2793 878 2859 eadem
898 2793 1050 2860 canonice
1069 2793 1216 2858 instituit
1238 2800 1297 2858 etc
1342 2791 1455 2858 abbas

346 2897 447 2962 eciam
462 2898 584 2984 profert
603 2899 746 2964 cartam⁴
767 2899 887 2986 Rogeri
907 2899 1044 2966 Comitis
1068 2897 1284 2985 Salopesbiric
1306 2920 1369 2983 que
1389 2905 1453 2961 tes-

346 3008 436 3066 tatur
457 3001 544 3088 quod
572 3001 660 3067 idem
682 3003 828 3090 Rogerus
850 3001 943 3068 dedit
965 3002 1012 3068 eis
1034 3003 1143 3089 plures
1165 3010 1268 3067 terras
1290 3009 1324 3066 et
1346 3000 1455 3087 plures

346 3103 494 3170 eeclesias
522 3104 609 3169 inter
638 3127 718 3192 ques
740 3105 887 3170 nominat
910 3105 1078 3172 eeclesiam
1100 3105 1141 3170 de
1164 3105 1282 3191 Tonge.
1328 3104 1455 3168 Profert

346 3207 448 3273 eciam
477 3216 599 3273 cartam
629 3209 730 3296 Regis
759 3208 894 3274 Hemici
923 3209 979 3274 aui
1004 3209 1098 3274 Dom.
1121 3209 1221 3296 Regis
1247 3231 1311 3294 que
1332 3208 1454 3274 donum

345 3310 428 3376 illud
443 3311 490 3376 eis
504 3311 672 3376 confirmat
688 3319 722 3377 et
736 3319 860 3377 cartam
875 3313 968 3378 Dom.
985 3313 1074 3398 Papa
1089 3334 1152 3398 que
1168 3311 1319 3376 similiter
1333 3310 1454 3375 donum

344 3413 428 3479 illud
442 3414 488 3479 cis
503 3414 679 3479 confirmat
719 3415 887 3480 Predictus
902 3415 1004 3480 eciam
1019 3414 1182 3480 Robertus
1196 3415 1318 3501 profert
1332 3421 1454 3478 cartam

347 3519 449 3605 ipsius
463 3519 605 3584 Abbatis
627 3527 661 3584 et
683 3527 865 3585 conuentus
887 3519 1112 3606 Sadopesbirie,
1127 3541 1190 3605 que
1213 3525 1354 3582 testatur
1368 3516 1455 3604 quod

346 3622 410 3711 ipsi
433 3633 659 3690 concesserunt
681 3624 787 3690 eidem
809 3625 952 3690 Roberto
974 3625 1049 3690 dim
1074 3645 1167 3688 marc.
1191 3622 1320 3710 argenti
1341 3622 1381 3687 de
1404 3645 1454 3686 ec-

347 3730 444 3796 clesia
479 3730 520 3795 de
550 3729 670 3816 Tonge‚
700 3729 790 3795 illam
823 3730 947 3796 scilicet
977 3752 1075 3816 quam
1105 3728 1293 3815 Ernulphus
1321 3727 1456 3793 clericus

347 3833 518 3898 canonicus
537 3832 579 3898 de
599 3831 798 3920 Mohcfcldic
819 3834 860 3898 de
883 3832 997 3898 emam
1019 3832 1154 3898 ecelesia
1312 3831 1324 3863 ⁶
1345 3853 1455 3896 mona-

346 3937 415 4002 chis
444 3935 614 4001 annuatim
650 3935 804 4002 reddere⁶
833 3937 963 4002 nomine
999 3937 1164 4023 pensionis
1200 3935 1383 4001 habendam
1419 3945 1455 4002 et

347 4039 587 4128 percipiendam
624 4063 645 4104 a
680 4039 768 4106 dicto
805 4041 973 4127 Emulpho
1003 4039 1121 4127 quam'
1150 4039 1237 4105 idem
1268 4040 1456 4127 Ernulphus

348 4143 478 4224 uixerit,
507 4143 556 4208 ita
585 4143 671 4230 quod
699 4152 774 4230 post
802 4144 969 4210 decessum
998 4144 1101 4231 ipsius
1131 4143 1292 4230 Emulphi
1322 4143 1457 4229 [eisdem

380 4281 391 4314 1
422 4281 453 4342 tj
473 4277 841 4393 [11111111111111111111111,Δ,Β.
959 4279 1197 4344 “Asmoeislefn
1213 4278 1457 4331 theomittodword

380 4296 437 4394 ²i.
449 4314 485 4392 in.
498 4345 529 4393 15
564 4342 620 4402 ;Β.
632 4358 668 4394 m.
680 4345 713 4393 1(
725 4343 750 4394 1.
927 4345 950 4396 i
961 4347 1062 4405 cuam,
1074 4347 1106 4395 Δ.

380 4411 391 4444 ³
406 4424 456 4460 nn·
470 4409 607 4458 1214-23·
959 4411 970 4444 ⁶
987 4411 1087 4475 Supply
1098 4412 1236 4470 commod,
1247 4411 1278 4471 Δ,
1289 4411 1321 4461 Β.

381 4476 521 4525 ⁴Monast.
534 4475 584 4524 vol.
597 4475 621 4534 3,
633 4489 659 4538 p.
671 4475 728 4527 519.
959 4477 970 4510 ⁷
986 4479 1115 4541 quaudiu,
1132 4477 1164 4527 Δ.
