3260 5218
361 391 403 453 34
545 403 673 452 nasrsa
695 401 768 452 aaa
789 402 938 464 rmnrrr,
962 401 1026 452 an.
1051 389 1144 464 1219,
1168 403 1229 452 aa
1253 389 1282 452 3.

360 573 562 661 presentauit
584 573 735 638 ultimam
757 595 926 658 personam
947 593 1010 658 qne
1030 581 1159 637 mortua
1176 571 1286 638 estad
1301 571 1476 637 ecclesiam

360 676 402 741 de
426 676 614 762 Kyneburle
637 697 701 762 qne
723 683 820 740 uacat
841 674 933 740 cuius
955 674 1202 741 aduocacionem
1224 675 1403 741 Nicholaus
1429 673 1476 738 de

361 780 541 846 Stuteuilla
558 803 617 866 per
636 786 837 844 attornatum
858 801 953 842 suum
974 779 1096 844 scilicet
1114 779 1297 844 Johannem
1312 777 1353 842 de
1368 777 1474 842 Wan-

361 892 439 950 tcna
467 885 587 950 clamat
611 905 725 948 uersus
749 881 915 948 Abbatem
940 881 981 948 de
1009 882 1205 950 Walemund
1230 883 1287 970 qui
1312 881 1407 948 uenit
1437 889 1476 945 et

359 983 550 1070 dicitquod
572 983 673 1048 assisa
693 1005 758 1048 non
780 982 879 1048 debet
901 982 976 1048 inde
999 983 1079 1062 fieri,
1099 985 1177 1070 quia
1199 985 1250 1050 ius
1271 983 1358 1070 quod
1380 983 1473 1048 idem

362 1085 540 1150 Nicholaus
554 1085 673 1150 habere
689 1083 822 1148 deberet
837 1084 872 1149 in
886 1084 1098 1150 aduocacione
1116 1086 1204 1151 illins
1224 1085 1356 1151 ecclesie
1370 1084 1475 1149 debet

362 1189 431 1274 ipse
461 1189 580 1254 habere
610 1211 649 1254 ex
679 1188 764 1253 dono
794 1187 945 1254 Nicholai
974 1189 1015 1254 de
1046 1189 1213 1255 Stiteuilla
1240 1189 1342 1276 patris
1367 1188 1474 1274 ipsius

363 1293 395 1358 N
398 1293 514 1358 icholai
528 1301 564 1358 et
578 1291 683 1358 Eidm’
698 1291 807 1356 uxoris
821 1291 891 1356 eius
905 1313 964 1377 per
977 1299 1099 1356 cartam
1114 1315 1206 1356 suam
1220 1313 1319 1378 quam
1338 1291 1473 1377 profert,

361 1405 396 1460 et
411 1417 474 1482 que
490 1405 630 1460 testatur
644 1395 731 1482 quod
745 1395 807 1482 ipsi
822 1395 982 1461 dederunt
996 1395 1031 1460 in
1049 1403 1240 1482 perpetuam
1260 1394 1472 1460 elemosinam

361 1497 422 1562 deo
444 1505 479 1562 et
501 1497 646 1564 Abbacie
669 1498 700 1562 S.
723 1496 825 1562 Marie
845 1496 887 1561 de
909 1497 1106 1564 Oualemunt
1120 1497 1287 1562 ecclesiam
1301 1496 1342 1562 de
1358 1497 1472 1582 Kyne-

362 1600 454 1665 burle
469 1621 543 1664 cum
558 1599 708 1664 omnibus
727 1599 935 1684 pertinenciis
955 1599 1029 1664 suia
1074 1600 1200 1664 Profert
1221 1599 1324 1664 eciam
1345 1607 1471 1664 cartam

360 1701 384 1766 ,J
385 1701 521 1766 ohannis
536 1701 750 1766 Norwicensis
764 1701 916 1786 Episcopi
931 1723 994 1787 que
1009 1701 1177 1766 confirmat
1192 1701 1239 1766 eis
1258 1701 1471 1766 donacionem

361 1827 459 1890 quam
475 1805 652 1870 Nicholaus
667 1805 707 1869 de
724 1805 891 1871 Stiteuilla
905 1813 940 1870 et
955 1805 1025 1870 Eid’
1042 1827 1122 1870 uxor
1143 1805 1213 1870 eius
1232 1804 1393 1870 dederunt
1407 1805 1471 1870 deo

361 1917 396 1973 et
418 1909 550 1973 ecclesie
572 1908 613 1974 de
636 1910 837 1974 Gualemunt
859 1918 893 1974 et
915 1909 1080 1974 monachis
1099 1919 1158 1974 etc
1178 1931 1275 1995 super
1293 1917 1470 1994 patronatu

360 2013 493 2078 ecclesie
513 2013 554 2078 de
572 2013 761 2098 Kyneburle
779 2013 864 2078 sicut
884 2022 974 2078 carta
994 2035 1105 2078 eorum
1127 2035 1225 2098 quarn
1247 2012 1370 2076 habent
1392 2011 1470 2076 inde

360 2118 599 2184 racionabiliter
620 2127 761 2182 testatur
782 2127 817 2182 et
839 2117 911 2182 ideo
934 2117 1066 2182 uidetur
1086 2117 1118 2182 ei
1140 2117 1226 2203 quod
1247 2117 1347 2182 assisa
1371 2137 1471 2202 super

360 2221 420 2286 hoc
435 2244 499 2286 non
513 2221 612 2286 debet
626 2220 804 2307 procedere.

426 2327 471 2390 Et
492 2325 669 2390 Nicholaus
690 2325 783 2388 uenit
802 2333 837 2388 et
854 2323 934 2388 dicit
949 2323 1035 2410 qnod
1049 2331 1137 2388 carte
1152 2324 1207 2388 ille
1221 2347 1287 2388 non
1301 2323 1423 2390 debent
1438 2325 1471 2388 ei

361 2447 474 2490 nocere
496 2425 577 2511 quin
598 2425 698 2490 assisa
717 2425 879 2510 procedat,
894 2426 972 2510 quia
991 2427 1019 2490 si
1038 2434 1127 2490 carte
1141 2425 1197 2490 ille
1212 2448 1367 2512 umquam
1383 2427 1469 2490 facte

360 2529 501 2606 fuerant,
516 2535 629 2614 postea
648 2528 850 2614 presentauit
869 2528 1020 2593 dominus
1039 2529 1205 2594 Johannes
1225 2529 1296 2594 Rex
1315 2529 1470 2594 clericum

359 2631 402 2696 ad
416 2631 584 2696 ecclesiam
598 2630 688 2694 illam
703 2630 829 2696 racione
845 2638 929 2695 terre
944 2630 1046 2716 ipsius
1061 2631 1212 2695 Nicholai
1232 2653 1295 2716 que
1310 2639 1391 2696 tnnc
1405 2631 1471 2694 fuit

358 2735 395 2812 in
410 2733 557 2799 custodia
571 2755 631 2799 sua
644 2741 679 2797 et
694 2733 769 2798 inde
784 2735 905 2819 profert
920 2743 1043 2799 cartam
1057 2734 1181 2799 domini
1195 2735 1295 2821 Regis
1309 2734 1471 2800 Johanm's

361 2858 425 2921 que
440 2843 582 2900 testatur
596 2835 682 2921 quod
697 2836 766 2920 ipse
780 2857 838 2921 pro
852 2835 913 2900 deo
933 2836 1025 2901 dedit
1040 2837 1203 2902 Willelmo
1222 2837 1263 2900 de
1279 2837 1485 2922 Kyneburle'

362 2939 513 3004 vicariam
542 2939 674 3004 ecclesie
703 2939 744 3004 de
775 2940 954 3004 Kineburle
981 2963 1044 3026 qus
1070 2949 1121 3006 est
1146 2941 1186 3006 de
1210 2941 1385 3008 donacione
1410 2965 1471 3007 sua

360 3041 487 3106 racione
516 3041 661 3108 custodie
691 3049 776 3107 terre
803 3042 954 3106 Nicholai
980 3042 1021 3107 de
1046 3043 1241 3108 Sturteuilla
1265 3066 1329 3129 que
1354 3051 1405 3110 est
1434 3045 1469 3110 in

361 3169 460 3212 manu
483 3169 550 3224 sua,
572 3170 610 3212 eo
636 3146 721 3232 quod
747 3146 816 3232 ipse
841 3155 891 3210 est
915 3154 1027 3210 contra
1049 3145 1217 3210 dominum
1243 3147 1368 3233 Regem
1393 3169 1470 3212 cum

360 3249 499 3314 inimicis
513 3250 586 3314 suis
632 3249 757 3314 Profert
775 3248 876 3313 eciam
899 3258 1021 3314 cartam
1041 3249 1071 3314 J.
1089 3249 1303 3314 Norwicensis
1317 3249 1469 3335 Episcopi

361 3373 424 3436 que
440 3357 580 3416 testatur
594 3349 680 3435 quod
695 3373 769 3414 cum
785 3359 871 3414 tona
885 3349 1036 3414 Nicholai
1051 3349 1189 3436 predicti
1207 3359 1293 3414 esset
1313 3351 1348 3416 in
1368 3371 1468 3416 manu

361 3453 484 3519 domini
512 3453 671 3519 Johannis
700 3453 801 3540 Regis
829 3476 868 3518 eo
897 3453 982 3539 quod
1019 3454 1088 3540 ipse
1118 3453 1296 3520 Nicholaus
1332 3455 1397 3519 fuit
1433 3455 1468 3519 in

361 3555 561 3621 Normannia
574 3579 648 3620 cum
664 3556 754 3642 Rege
776 3556 919 3632 Francia,
934 3557 1002 3642 ipse
1022 3556 1064 3621 ad
1084 3558 1360 3642 presenlacionem
1382 3557 1466 3622 eius

360 3658 435 3722 dem
456 3659 555 3744 Regis
575 3659 730 3723 concessit
750 3667 785 3722 et
806 3658 898 3723 dedit
919 3659 1063 3723 Johanni
1084 3658 1318 3724 Archidiacono
1341 3659 1467 3746 Wigcr-

360 3762 465 3826 niensi
479 3761 646 3826 ecclesiam
660 3760 701 3826 de
718 3761 906 3846 Kyneburle
921 3783 994 3826 cum
1013 3761 1230 3846 pertinenciis,
1245 3769 1280 3825 et
1302 3761 1410 3846 ipsum
1432 3762 1467 3826 in

361 3887 400 3929 ea
418 3865 569 3929 canonice
588 3885 756 3950 personam
775 3861 930 3938 instituit,
949 3862 1041 3928 salua
1062 3871 1222 3947 perpetua
1242 3862 1365 3928 uicaria
1386 3863 1468 3930 Wil-

360 3963 449 4028 lelmi
471 3962 511 4027 de
534 3962 722 4048 Kyneburle
745 3961 851 4026 clerici
873 3969 932 4026 etc
978 3961 1104 4025 Profert
1124 3960 1226 4024 eciam
1245 3970 1368 4026 cartam
1383 3961 1467 4028 eius-

359 4065 434 4130 dem
450 4066 591 4152 episcopi
605 4064 849 4130 confirmantem
864 4063 970 4127 eidem
985 4063 1035 4126 W.
1052 4063 1165 4126 clerico
1180 4063 1335 4128 uicariam
1350 4073 1409 4129 etc
1426 4065 1468 4129 ad

359 4169 634 4256 presentacionem
660 4167 783 4232 domini
809 4167 908 4253 Regis
934 4174 993 4230 etc
1020 4165 1105 4230 sicut
1134 4166 1318 4252 predictum
1348 4177 1407 4245 est,
1433 4177 1468 4233 et

357 4271 484 4337 desicut
513 4272 663 4337 dominus
688 4269 759 4334 Rex
785 4268 951 4334 Johannes
977 4267 1093 4332 ultimo
1115 4269 1318 4353 presentauit
1340 4271 1468 4336 racione

357 4376 459 4461 ipsius
469 4375 627 4450 Nicholai,
637 4373 720 4459 petit
731 4372 880 4436 saisinam
891 4371 979 4435 illam
990 4371 1246 4456 quemdominus
1258 4373 1328 4438 Rex
1342 4374 1466 4440 habuit.
