3360 5236
345 454 407 520 532
648 461 786 522 sssrsn,
808 459 871 508 nn.
897 444 991 518 1232,
1014 456 1076 506 aa
1102 445 1151 507 16.

346 659 410 703 non
436 634 634 722 permittunt
660 653 736 698 eum
762 638 948 716 presentare
974 629 1125 696 idoneam
1149 651 1319 715 personam
1342 629 1384 695 ad
1407 649 1458 694 ec·

345 740 476 806 clesiam
498 739 532 806 S.
549 737 653 803 Mario
672 736 713 802 de
734 734 1011 800 Audemanebiria
1030 756 1093 821 que
1114 742 1211 799 uacat
1232 742 1302 812 etc,
1317 742 1352 800 et
1372 732 1461 798 unde

346 843 427 910 dicit
449 841 535 929 quod
557 841 682 906 Alanus
704 839 744 904 de
766 837 1043 903 Audemanebiria
1070 845 1165 923 pater
1185 837 1288 924 ipsius
1310 836 1461 904 Gemasii

346 946 549 1036 presentauit
584 943 746 1032 quendam
780 943 983 1008 Willelmum
1017 941 1058 1007 de
1092 941 1370 1007 Audemanebiria
1403 939 1462 1026 qui

348 1053 466 1118 ultimo
487 1051 579 1136 obiit
591 1071 728 1136 persona
748 1047 784 1111 in
804 1045 919 1112 eadem
938 1045 1072 1111 ecclesia
1086 1046 1217 1131 xxxviij.
1234 1046 1329 1112 aunis
1344 1045 1463 1131 elapsis

349 1163 385 1222 et
400 1153 486 1242 quod
501 1152 635 1218 ecclesia
649 1152 707 1216 illa
721 1172 849 1236 semper
868 1157 982 1235 postea
1001 1149 1141 1216 uacauit.
1187 1149 1232 1214 Et
1254 1149 1405 1214 Decanus
1427 1155 1463 1212 et

351 1257 542 1344 Capitulum
566 1255 706 1320 ueniunt
728 1261 762 1319 et
784 1253 899 1319 dicunt
926 1251 1012 1338 quod
1036 1251 1171 1316 ccclesia
1195 1251 1253 1316 illa
1275 1273 1340 1316 non
1367 1259 1464 1316 uacat

187 1379 309 1429 sonuum
352 1361 431 1448 quia
457 1359 590 1446 quidam
617 1357 775 1444 Magister
800 1355 980 1420 Nioholaus
1006 1354 1093 1420 lilius
1119 1355 1227 1420 Joscei
1253 1363 1304 1420 est
1329 1377 1467 1441 persona

188 1430 243 1469 radlt
251 1429 315 1466 breue

189 1484 334 1572 fflffiu
353 1461 498 1528 eiusdem
514 1459 646 1526 ecclesie
662 1467 696 1524 et
711 1459 884 1523 institutus
899 1479 957 1544 per
976 1457 1172 1544 episcopum.
1216 1457 1341 1523 Dicunt
1362 1457 1465 1522 eciam

189 1577 333 1698 ggffffffl·
353 1565 440 1654 quod
460 1573 633 1652 postquam
654 1562 819 1650 predictus
833 1562 1019 1627 Willelmus
1039 1562 1079 1628 de
1100 1562 1365 1628 Aldemanebiria
1384 1562 1467 1627 obiit

189 1661 319 1755 millet*
354 1667 502 1734 instituti
538 1673 616 1732 suut
652 1665 687 1729 in
724 1664 838 1732 eadem
875 1664 1010 1730 ecclesia
1046 1665 1207 1751 quinque'
1235 1688 1370 1752 persone
1399 1665 1466 1730 scil.

190 1753 289 1842 2¹32?st
355 1770 488 1858 quidam
510 1769 676 1835 Johannes
698 1767 738 1832 de
762 1768 793 1832 S.
818 1767 996 1832 Laurencio
1022 1775 1057 1831 et
1083 1767 1217 1853 quidam
1239 1767 1403 1832 Jordanus
1424 1766 1466 1832 de

355 1874 559 1942 Gloucestria
573 1881 607 1938 et
622 1880 735 1959 postea
749 1871 882 1958 quidam
897 1873 920 1937 ,J
921 1871 1064 1936 ohannes
1079 1871 1120 1936 de
1137 1872 1168 1938 S.
1185 1873 1282 1938 Petro
1298 1881 1332 1938 et
1352 1880 1468 1958 postea

354 1976 522 2064 predictus
548 1975 727 2040 Nicholaus
748 1973 810 2060 ¹qui
835 1995 967 2059 presens
997 1981 1047 2038 est
1077 1981 1112 2038 et
1141 1974 1305 2062 cognoscit
1334 1997 1369 2039 se
1398 1994 1468 2039 esse

355 2101 535 2167 personam.

421 2185 539 2250 Postea
567 2182 661 2247 uenit
691 2181 866 2247 Geruasius
895 2189 930 2246 et
959 2181 1113 2269 cognouit
1142 2181 1229 2268 quod
1261 2179 1469 2267 inplacitauit

355 2289 524 2354 Decanum
547 2295 581 2352 et
605 2285 795 2372 Capitulum
817 2285 858 2350 de
880 2284 1027 2371 predicta
1046 2285 1260 2352 aduocacione
1280 2287 1354 2373 per⁸
1367 2287 1468 2352 breue

356 2393 397 2458 de
412 2399 509 2468 rect0,
524 2399 558 2455 et
573 2389 646 2454 ideo
662 2389 909 2456 Consideratum
925 2396 976 2453 est
991 2389 1076 2474 quod
1092 2389 1193 2454 nichil
1208 2390 1316 2477 capiat
1331 2413 1390 2478 per
1403 2391 1470 2456 ‘hoo

358 2495 458 2562 breue
481 2501 515 2558 et
538 2492 624 2579 quod
646 2491 797 2557 Decanus
819 2500 854 2556 et
877 2491 1068 2577 Capitulum
1089 2501 1166 2557 eant
1187 2493 1263 2558 indo
1281 2493 1350 2558 sine
1366 2493 1419 2558 die
1435 2501 1471 2558 et

359 2597 536 2664 Geniasius
550 2596 586 2660 in
600 2595 819 2660 misericordia
833 2604 867 2660 et
882 2595 1050 2681 perquirat
1069 2618 1104 2660 se
1124 2618 1183 2682 per
1201 2597 1302 2662 breue
1322 2596 1363 2662 de
1383 2605 1472 2662 recto

359 2698 550 2766 siuoluerit

238 2807 310 2871 693.
425 2801 587 2868 Hanricus
602 2799 643 2866 de
658 2801 827 2887 Draytona
841 2801 927 2886 petit
942 2823 1056 2866 uersus
1071 2801 1265 2867 Geruasium
1286 2803 1327 2868 de
1342 2803 1472 2888 Isleppe

222 2907 326 2948 Nm·
360 2905 607 2972 aduooacionem
623 2905 746 2991 capello
760 2904 801 2970 de
817 2905 924 2991 Islepe
939 2913 978 2970 ut
993 2906 1044 2971 ius
1059 2929 1155 2970 suum
1175 2906 1263 2972 unde
1283 2905 1364 2972 dicit
1385 2905 1473 2992 quod

361 3011 430 3096 ipse
446 3009 510 3074 luit
524 3008 599 3074 inde
614 3009 649 3073 in
664 3009 782 3076 saisina
796 3017 835 3073 ut
850 3008 891 3074 de
906 3009 999 3075 feodo
1020 3017 1055 3074 ct
1074 3011 1145 3076 iure
1166 3017 1311 3097 tempore
1326 3012 1356 3076 J.
1373 3010 1475 3096 Regis

362 3121 422 3178 etc.
442 3112 491 3176 ita
507 3111 594 3198 quod
614 3111 817 3197 presentauit
836 3111 999 3197 quendam
1020 3113 1255 3178 Baudewinum
1275 3113 1316 3179 ad
1336 3112 1475 3178 eandem

362 3215 529 3281 eeclesiam
544 3215 602 3300 qui
615 3213 657 3278 ad
672 3214 948 3300 presentacionom
963 3237 1056 3280 suam
1071 3215 1135 3280 fuit
1150 3215 1309 3282 admissus
1329 3224 1364 3281 et
1384 3215 1475 3301 cepit

199 3335 219 3376 N
234 3333 321 3383 aquas
363 3320 439 3386 inde
455 3320 585 3406 expleta
599 3319 641 3383 ad
655 3319 837 3384 ualenciam
852 3327 911 3384 etc
927 3319 1016 3384 utin
1032 3320 1286 3385 obuenoionibus
1304 3328 1338 3385 ct
1352 3319 1425 3384 aliis
1439 3323 1476 3385 et
1493 3333 1496 3338 '

199 3347 254 3422 aire
263 3383 326 3420 traua

199 3427 352 3514 gggffl*
363 3423 423 3488 hoc
438 3423 532 3487 offert
547 3429 607 3488 etc.

200 3522 353 3608 ffliffiffl
430 3526 474 3590 Et
498 3525 674 3591 Geruasius
698 3525 791 3590 uenit
815 3533 849 3590 et
875 3525 1022 3590 defendit
1045 3526 1097 3591 ius
1122 3529 1219 3591 s'uum
1243 3550 1330 3592 nunc
1355 3535 1415 3592 etc.
1440 3534 1477 3591 et

200 3614 346 3746 ffissffigg
364 3630 545 3718 dicitquod
561 3629 630 3716 ipse
646 3638 696 3694 est
711 3630 888 3696 aduocatus
904 3631 1048 3695 matricis
1063 3631 1195 3696 ecclesie
1216 3629 1257 3696 do
1280 3633 1409 3716 leleppe
1432 3629 1475 3695 ad

186 3753 354 3847 popm&-
366 3757 463 3821 quam
478 3734 592 3802 eadem
606 3735 730 3820 capella
744 3735 888 3820 pertinet
902 3735 952 3800 ita
966 3735 1052 3821 quod
1067 3735 1156 3800 nulle
1171 3735 1296 3800 decime
1307 3735 1475 3821 pertinent

201 3847 347 3932 lffflffiffi,
366 3838 408 3904 ad
431 3837 568 3903 eandem
590 3837 758 3902 ecclesiam
780 3859 885 3922 neque
908 3837 1045 3902 maiores
1071 3850 1177 3924 neque
1204 3838 1344 3902 minores
1368 3859 1476 3923 neque

202 3951 259 4035 ἔξω
268 3939 329 4034 „¹234
366 3941 414 4008 ibi
435 3949 485 4006 est
507 3941 676 4027 sepultura
697 3963 757 4006 nec
782 3940 907 4026 aliquid
933 3940 1020 4026 quod
1045 3940 1088 4005 ad
1114 3941 1283 4006 matricem
1309 3941 1477 4006 ecclesiam

202 4033 347 4119 lfflass'sa
367 4045 511 4132 pertinet
540 4053 575 4109 et
604 4067 669 4109 non
699 4045 773 4108 uult
803 4045 834 4108 ei
864 4045 1057 4130 respondere
1088 4045 1151 4110 nisi
1179 4045 1270 4110 curia
1298 4045 1479 4110 considera-

200 4126 273 4204 ’Ψ
368 4149 461 4215 uerit
510 4149 555 4214 Et
581 4148 744 4215 Henricus
773 4171 838 4214 non
868 4159 977 4236 potest
1002 4149 1063 4215 hoc
1088 4149 1246 4228 dedicere,
1268 4149 1341 4215 ideo
1365 4151 1480 4217 Consi·
1579 4234 1583 4244 ι

402 4339 410 4372 ¹
428 4339 485 4390 One
501 4355 562 4403 may
579 4313 626 4390 not
642 4340 753 4391 desoerm
769 4341 837 4391 from
854 4342 898 4391 tho
981 4341 992 4373 ¹
1009 4341 1078 4404 Only
1089 4341 1147 4390 lour
1158 4355 1201 4391 aro
1212 4339 1314 4391 named.

243 4439 249 4452 .
369 4405 428 4454 vrit
439 4406 467 4454 ol
482 4405 552 4469 right
568 4409 596 4456 to
613 4406 658 4456 the
676 4408 759 4469 Quare
777 4423 826 4457 raon
840 4421 896 4470 per·
980 4405 991 4437 ³
1005 4422 1052 4469 per
1062 4406 1190 4468 repeated.

368 4473 455 4521 mittit.
980 4472 991 4504 ⁴
1007 4473 1043 4521 As
1055 4475 1082 4521 to
1092 4471 1198 4535 chapels
1210 4485 1252 4522 see
1263 4471 1306 4524 Br.
1322 4473 1340 4524 l.
1353 4474 1402 4522 241
1414 4474 1441 4522 b.
