3314 5238
481 479 630 540 rarum,
652 478 716 528 sn.
742 465 834 539 1231,
857 479 919 528 aa
945 467 992 528 15.
1222 465 1284 532 467

176 651 217 717 de
232 651 485 716 Trocmaretona
502 651 542 716 de
564 651 684 737 placito
706 660 790 716 terre
812 651 898 718 unde
921 674 955 717 se
977 652 1152 718 essoniauit
1174 673 1285 718 uersus

176 779 252 821 eum
267 755 310 821 de
324 757 413 821 malo
428 756 512 822 lecti
557 756 603 821 Et
616 756 724 822 Adam
741 755 917 842 requisitus
931 756 989 822 ubi
1008 757 1051 821 sit
1068 756 1167 822 breue
1189 777 1284 821 suum

177 859 219 924 de
239 867 329 926 recto
349 858 533 945 dicitquod
554 881 619 923 non
641 859 742 925 habet
763 859 846 924 illud
867 859 909 924 ad
931 882 1064 924 manum
1085 881 1145 924 nec
1166 859 1285 924 habere

177 971 286 1050 potest
314 963 402 1028 infre
423 970 575 1049 quartum
604 962 698 1028 diem
745 963 788 1027 Et
810 962 888 1050 quia
909 963 1070 1028 cssonium
1091 985 1156 1028 non
1177 970 1286 1050 potest

177 1067 315 1132 iudicari
332 1067 402 1131 sine
417 1066 511 1131 breui
531 1066 572 1131 de
590 1075 688 1143 recto,
703 1065 950 1132 consideratum
973 1067 1124 1154 estquod
1146 1067 1285 1132 essonia-

178 1180 265 1236 tores
279 1171 357 1236 inde
372 1171 442 1236 sine
457 1170 510 1236 die
525 1177 560 1235 et
574 1169 649 1236 Ada
662 1170 697 1234 in
712 1171 929 1236 misericordia
943 1180 977 1236 et
991 1171 1156 1259 perquirat
1173 1194 1207 1237 se
1228 1195 1286 1258 per

179 1275 270 1340 aliud
284 1276 385 1340 breue
400 1273 428 1339 si
443 1273 585 1338 uoluerit
593 1272 611 1338 ¹.

123 1437 131 1450 ,
245 1377 426 1443 'Ricardus
441 1377 625 1463 capellanus
639 1375 681 1441 de
692 1376 876 1447 lidefordia
890 1385 925 1443 et
935 1399 1074 1470 persona¹
1080 1378 1286 1444 athachiatus
1359 1397 1401 1427 ¹¹¹2

179 1481 244 1545 fuit
263 1480 306 1545 ad
325 1478 583 1566 respondendum
598 1478 721 1544 Thome
740 1478 782 1545 de
805 1479 956 1567 Reingny
969 1503 1068 1566 quare
1088 1481 1188 1546 traxit
1209 1503 1285 1546 eum

178 1583 215 1647 in
237 1581 394 1669 placitum
417 1581 453 1646 in
476 1581 566 1646 curia
587 1581 811 1647 cristianitatis
832 1583 873 1649 de
899 1606 1070 1650 commune
1094 1593 1225 1670 pastura
1251 1585 1286 1649 in

179 1685 366 1750 Lidefordia
393 1693 507 1750 contra
534 1685 798 1770 prohibicionem.
843 1685 1036 1752 Concordati
1061 1695 1138 1752 sunt
1160 1695 1194 1754 et
1216 1687 1302 1753 θεῖ’·

180 1791 267 1868 talis,
296 1789 384 1877 quod
420 1789 577 1854 Ricardus
612 1789 698 1854 sicut
734 1813 870 1876 persona
905 1791 1031 1856 remisit
1067 1800 1101 1856 et
1137 1791 1285 1878 quietum

180 1892 340 1957 clamauit
368 1891 474 1956 eidem
497 1891 619 1956 Thoms
648 1892 831 1957 totum-ius
852 1893 939 1978 quod
960 1891 1076 1958 habuit
1097 1894 1132 1958 in
1153 1902 1287 1980 pastura

180 1993 239 2058 illa
265 2015 364 2080 quam
388 1992 543 2058 clamauit
571 1993 606 2057 in
635 1993 725 2059 curia
753 1994 977 2061 cristianitatis
1005 2018 1118 2061 uersus
1146 2019 1221 2062 eum
1251 2007 1286 2063 et

179 2119 238 2184 pro
259 2119 294 2162 se
312 2105 348 2161 et
365 2119 424 2182 pro
443 2097 676 2163 successoribus
695 2098 771 2176 suis,
786 2107 820 2163 et
833 2120 892 2184 pro
906 2099 966 2164 hac
981 2099 1091 2185 quieta
1111 2101 1287 2166 clamantia

179 2203 346 2289 predictus
368 2203 508 2267 Thomas
530 2203 678 2268 concedit
700 2203 805 2268 eidem
828 2203 966 2269 Ricardo
989 2213 1060 2269 tota
1084 2205 1156 2270 uita
1184 2205 1285 2292 ipsius

182 2307 318 2372 Ricardi
339 2307 526 2394 pasturam⁴
546 2307 589 2372 ad
610 2307 667 2394 iiij.
690 2307 790 2373 boues
812 2315 847 2372 et
868 2307 900 2394 ij
923 2331 1037 2374 uaccas
1059 2317 1094 2374 et
1115 2309 1157 2375 ad
1182 2331 1284 2374 unum

179 2413 330 2479 auerium
356 2413 391 2477 in
417 2412 578 2478 dominica
598 2421 732 2502 pastura
752 2413 854 2500 ipsius
876 2413 999 2478 Thome
1021 2437 1096 2478 curn
1118 2414 1285 2479 dominicis

179 2517 299 2584 aueriis
318 2515 429 2604 ipsius,
443 2517 508 2582 scil.
524 2517 559 2581 in
577 2515 717 2602 quadam
737 2525 870 2602 pastura
889 2539 952 2602 que
974 2525 1111 2582 uocatur
1132 2517 1164 2582 la
1185 2519 1285 2597 Mare,

179 2631 215 2686 et
236 2630 330 2686 extra
354 2628 520 2707 pasturam
549 2621 639 2686 illam
669 2620 793 2686 nullam
822 2642 1026 2686 communam
1050 2621 1184 2686 habebit
1209 2643 1283 2686 cum

178 2724 298 2789 aueriis
317 2723 420 2810 ipsius
440 2723 571 2800 Thome,
586 2731 620 2788 et
637 2731 711 2809 post
733 2721 899 2788 decessum
921 2723 1022 2809 ipsius
1043 2723 1174 2789 Ricardi
1196 2723 1283 2790 idem

178 2827 320 2892 'ihomas
340 2833 375 2892 et
394 2827 528 2892 heredes
545 2827 597 2892 sui
611 2826 716 2913 quieti
735 2827 821 2892 erint
841 2826 882 2892 de
904 2836 1037 2914 pastura
1057 2828 1115 2893 illa
1135 2829 1184 2893 ita
1198 2830 1284 2916 quod

178 2954 375 2998 successores
404 2933 505 3019 ipsius
532 2932 665 2998 Ricardi
687 2933 787 2998 nichil
812 2931 891 2998 iuris
913 2933 1051 2998 clamare
1073 2941 1228 3019 poterunt
1249 2935 1284 2999 in

177 3047 314 3125 pmtura
327 3037 385 3102 illa
403 3037 529 3104 racione
543 3037 750 3124 possessionis
769 3037 871 3123 ipsius
885 3037 1022 3103 Ricardi.
1068 3039 1111 3102 Et
1131 3038 1190 3104 hec
1210 3061 1283 3104 con-

179 3141 289 3208 ooniia
303 3148 362 3206 etc.

117 3317 125 3330 ι
244 3243 413 3308 ‘Hawisia
440 3265 503 3330 que
536 3243 601 3308 fuit
637 3265 717 3307 uxor
754 3241 888 3308 Henrioi
926 3241 985 3307 filii
1014 3243 1171 3310 Willelmi
1200 3245 1285 3331 petit
1389 3271 1405 3300 α

178 3367 294 3411 uersus
323 3345 474 3411 Auiciam
501 3345 602 3411 filiam
626 3345 783 3410 Willelmi
808 3343 849 3410 de
875 3345 1034 3412 Bedeford
1056 3348 1190 3413 terciam
1213 3370 1285 3434 par·

179 3459 249 3515 tem
272 3449 371 3514 tercie
385 3449 488 3535 partis
505 3447 529 3534 j.
546 3471 648 3514 carue.
663 3457 749 3512 terre
772 3469 846 3512 cum
869 3455 949 3533 part.
964 3447 1000 3513 in
1022 3449 1100 3514 Bed’
1116 3457 1154 3514 ut
1175 3449 1285 3516 dotem

179 3575 281 3618 suam.
655 3618 658 3626 ,

247 3657 292 3721 Et
314 3655 433 3721 Auicia
453 3657 547 3721 uenit
569 3667 603 3721 et
625 3656 705 3721 dicit
727 3655 813 3742 quod
835 3679 899 3722 non
921 3656 1020 3722 debet
1042 3656 1073 3723 ei
1095 3657 1285 3744 respondero

180 3760 259 3848 quia
279 3761 351 3847 ipsa
372 3761 472 3827 habet
495 3761 602 3826 uirum
624 3769 659 3825 et
681 3783 834 3847 sponsum
855 3762 1056 3827 Willelmum
1079 3763 1208 3828 nomine
1230 3761 1287 3849 qui

180 3887 247 3931 non
261 3865 450 3931 nominatur
463 3867 498 3930 in
511 3865 625 3930 breui⁸
639 3888 704 3930 non
719 3873 827 3952 potest
842 3865 1033 3952 respondere
1048 3867 1117 3933 sine
1138 3869 1208 3934 uiro
1229 3891 1287 3933 suo

180 3977 217 4034 et
236 3969 322 4056 petit
343 3969 508 4034 iudicium.
554 3969 598 4034 Et
612 3969 797 4034 Willelmus
818 3991 949 4056 presens
971 3977 1021 4034 est
1044 3978 1078 4034 et
1099 3970 1179 4036 dicit
1201 3969 1287 4057 quod

181 4073 287 4138 multo
309 4081 455 4160 tempore
476 4081 639 4138 transacto
657 4095 730 4138 eam
745 4072 960 4158 desponsauit
1005 4073 1050 4136 Et
1065 4073 1190 4138 desicut
1205 4073 1287 4138 Wil-

182 4177 298 4242 lelmus
313 4201 378 4243 non
393 4177 579 4243 nominatur
593 4179 628 4242 iu
642 4177 735 4242 breui
750 4177 820 4263 ipsa
834 4177 920 4262 petit
942 4177 1106 4242 iudicium.
1152 4177 1195 4241 Et
1210 4176 1287 4262 quia

215 4309 225 4341 ¹
242 4309 364 4369 Braoton,
379 4310 397 4358 t.
409 4311 456 4359 351
464 4309 488 4368 b,
503 4309 567 4359 citas
578 4309 631 4360 this
641 4325 707 4360 cass.
793 4309 804 4341 ³
821 4309 919 4371 Supply
931 4309 1071 4358 concordia.

184 4373 209 4422 lt
219 4373 243 4423 is
253 4375 322 4424 Fitz.
334 4378 437 4432 Essene,
451 4373 507 4424 193.
792 4375 803 4404 ⁴
815 4381 948 4438 pasturum
959 4374 1085 4436 repeated.

215 4440 225 4468 ¹
241 4439 293 4488 For
307 4439 400 4489 earlier
415 4439 579 4502 proceedings
593 4453 634 4490 sss
645 4439 710 4489 Cass
792 4439 803 4470 ⁶
820 4439 851 4487 B.
864 4453 900 4487 m.
914 4440 953 4488 14.

184 4503 239 4555 547.
792 4503 803 4536 ⁸
821 4503 920 4566 Supply
931 4511 963 4561 et,
975 4503 1006 4552 B.

1094 4607 1200 4668 :so-2
