3212 5230
373 448 435 512 368
582 462 814 520 nronruuuss,
838 462 901 510 so.
927 447 1020 520 1230,
1042 461 1104 510 nn.
1131 451 1264 510 14--15.

371 635 448 722 quic
476 635 640 722 predictus
669 633 830 700 Radulfus
859 642 1041 700 antecessor
1070 635 1172 721 ipsius
1198 635 1357 700 Willelmi
1381 633 1483 699 dedit

370 746 489 802 tenum
507 737 596 802 illam
617 737 757 802 Rodulfo
777 736 863 822 petri
883 736 978 801 istius
1001 737 1138 802 Wolteri
1160 760 1218 824 per
1239 746 1364 802 cartam
1386 759 1482 800 suam

370 862 467 926 quarn
497 840 618 925 profert
647 847 682 903 et
711 861 774 924 que
805 838 864 903 hoc
887 847 1037 904 testatur.
1082 839 1207 904 Profert
1229 839 1332 904 eciem
1354 847 1481 904 curtem

370 943 501 1008 Ricerdi
516 944 575 1008 lilii
589 944 727 1030 predicti
742 943 872 1008 Redulfi
890 967 952 1030 que
968 943 1090 1009 donum
1106 944 1188 1009 illud
1202 943 1379 1020 confirmat,
1391 942 1482 1008 unde

370 1047 449 1112 dicit
465 1047 550 1133 quod
565 1047 592 1111 si
607 1047 690 1112 elius
704 1047 746 1112 ab
764 1069 802 1111 eo
823 1069 899 1112 eum
920 1047 1126 1132 inplacituret
1148 1048 1234 1134 quod
1255 1048 1323 1135 ipse
1344 1047 1483 1112 deberet

371 1150 401 1214 ei
416 1151 622 1216 warentizare
630 1150 649 1228 ¹,
665 1159 699 1216 et
715 1173 812 1236 super
827 1151 887 1215 hoc
902 1151 987 1236 petit
1003 1150 1167 1216 iudicium.

206 1251 354 1386 {fflfflffi
437 1253 480 1317 Et
495 1253 679 1318 Willelmus
694 1253 787 1318 uenit
807 1261 841 1317 et
856 1253 936 1318 dicit
952 1253 1037 1340 quod
1056 1263 1145 1320 carte
1164 1255 1222 1319 ille
1242 1278 1307 1320 non
1327 1255 1428 1320 debet
1449 1255 1482 1319 ei

288 1355 327 1385 one

207 1393 329 1434 mh«,
370 1374 494 1428 nocere,
517 1351 595 1438 quia
616 1352 701 1416 idem
726 1352 886 1418 Rodull'us
908 1375 1076 1438 nunquam
1099 1353 1189 1439 illam
1210 1353 1241 1418 ei
1263 1354 1340 1419 fecit
1360 1363 1396 1420 et
1419 1355 1482 1420 hoc
1590 1413 1591 1420 ,

208 1441 351 1527 ltstttll„
370 1457 453 1521 bene
469 1465 561 1542 patet
576 1457 653 1543 quio
667 1456 754 1522 idem
770 1457 929 1522 Redulfus
943 1457 1019 1522 inde
1035 1458 1116 1523 obiit
1135 1458 1273 1524 scisitus.
1317 1460 1369 1525 De
1389 1470 1483 1526 curta

208 1533 352 1578 mremlcro
600 1559 606 1572 .
715 1559 722 1572 .
746 1560 751 1572 .
1113 1561 1119 1574 .
1313 1563 1320 1576 .

208 1580 330 1676 gfflffi‘
371 1559 412 1624 de
427 1559 670 1624 confirmacrone
690 1559 771 1624 dicrt
790 1560 877 1645 quod
897 1583 962 1624 non
978 1560 1076 1626 debet
1091 1584 1122 1625 er
1137 1584 1251 1626 nocere
1266 1585 1344 1648 quia
1358 1587 1399 1630 ex
1415 1586 1482 1650 quo
1590 1619 1591 1626 ,

208 1675 340 1760 ffinmuffigg
371 1672 460 1728 certe
474 1663 660 1749 principalis
674 1687 739 1728 non
754 1665 844 1728 uolet
859 1687 918 1730 neo
933 1665 1136 1732 confirmacio
1151 1667 1281 1732 ualebit,

208 1777 333 1853 fflffi
438 1769 481 1832 Et
510 1791 612 1854 quum
641 1768 805 1854 predictus
827 1769 1012 1835 Willelmus
1034 1779 1157 1835 cartem
1187 1771 1325 1858 primam
1355 1771 1481 1858 precise
1590 1793 1591 1796 ’

208 1860 359 1992 ffisseffi'ffi
371 1895 435 1937 non
470 1871 605 1948 dedixit,
634 1880 668 1936 et
701 1871 778 1957 quia
807 1873 834 1936 si
863 1872 933 1958 ipsa
962 1873 997 1937 in
1027 1873 1157 1938 efficar⁸
1186 1885 1279 1952 esset,
1313 1875 1481 1961 predictus
1590 1961 1591 1964 Ἴ

207 1953 340 2074 {illinere⁰
371 1975 528 2042 Ricardus
557 1976 644 2041 filius
672 1975 774 2062 ipsius
796 1976 926 2040 Rodulli
950 1977 1071 2042 donum
1094 1977 1176 2042 illud
1205 1979 1421 2056 confirmauit,
1444 1989 1479 2044 et

208 2049 334 2088 'mm'
370 2087 478 2144 ratum
508 2079 633 2158 habuit,
656 2079 903 2144 Considerctum
934 2080 1093 2166 estquod
1119 2081 1285 2146 Walterus
1307 2091 1420 2148 teneat
1443 2085 1479 2148 in

371 2205 449 2270 paee
465 2183 574 2269 quiete
590 2183 630 2248 de
645 2183 715 2269 ipso
731 2183 894 2249 Willelmo
910 2193 944 2250 et
959 2185 1131 2251 heredibus
1151 2188 1217 2252 suis
1237 2189 1480 2275 inperpetuum,

372 2297 405 2352 et
420 2288 604 2353 Willelmus
618 2289 651 2352 in
668 2289 891 2354 misericordia

238 2485 325 2526 Μ’
371 2493 423 2558 die
439 2515 551 2558 uersus
566 2495 589 2559 J
589 2493 745 2558 ordsnum
762 2493 802 2558 de
817 2495 1019 2561 Wakeruilla
1033 2496 1074 2561 de
1089 2498 1208 2583 placito
1223 2499 1310 2585 quod
1330 2501 1429 2566 faciat
1448 2502 1480 2566 ei

371 2597 620 2663 consuetudines
641 2605 676 2662 et
698 2606 787 2662 rectu
807 2598 944 2664 seruicia
966 2621 1029 2684 que
1052 2600 1094 2664 ab
1115 2623 1154 2666 eo
1176 2601 1280 2688 exigit
1305 2603 1346 2668 de
1376 2603 1480 2670 libero
1559 2639 1563 2644 v

371 2709 559 2766 tenemento
573 2723 631 2764 suo
646 2701 732 2785 quod
747 2700 787 2764 de
803 2723 840 2764 eo
852 2709 944 2766 tenet
955 2702 989 2766 in
1003 2703 1186 2769 Subertona
1197 2714 1255 2770 eto.
1268 2715 1303 2772 et
1315 2706 1338 2771 J
1338 2707 1480 2773 ordonus

206 2813 346 2908 mg&
370 2827 435 2869 non
455 2805 548 2870 uenit
568 2813 603 2870 et
623 2805 731 2891 plures
751 2806 828 2870 fecit
848 2806 984 2871 defaltas
1007 2807 1055 2872 its
1077 2808 1163 2894 quod
1185 2811 1265 2875 elius
1286 2821 1479 2899 preceptum

206 2911 357 3002 w&
371 2909 434 2973 fuit
450 2908 632 2974 uicecomiti
647 2909 732 2994 quod
747 2908 955 2996 distringeret
970 2934 1046 2975 eum
1062 2933 1120 2997 per
1135 2921 1237 2978 terras
1252 2924 1286 2978 et
1301 2917 1429 2994 catello,
1445 2927 1479 2982 et
1590 2981 1591 2990 ἦ

206 3001 254 3041 ludo
262 3011 345 3049 rospon-

206 3047 352 3088 dmm,
371 3013 549 3078 uicecomes
563 3012 643 3076 elias
663 3013 831 3078 mandauit
852 3015 937 3100 quod
952 3015 1118 3081 distrinxit
1138 3041 1214 3082 eum
1235 3042 1293 3105 per
1312 3021 1478 3086 redditum
1590 3035 1591 3100 j

207 3095 248 3134 etri
321 3095 328 3133 l

207 3105 357 3228 sgffilpg,
371 3139 466 3180 suum
482 3139 578 3202 quem
594 3116 763 3180 annuatim
783 3118 907 3182 solebat
927 3120 1091 3206 percipere
1108 3121 1149 3186 de
1170 3122 1301 3188 Abbate
1324 3125 1364 3189 de
1385 3125 1479 3190 Bello

207 3235 350 3322 mugl-
372 3219 470 3284 Loco⁵
492 3219 532 3283 de
554 3228 741 3284 tenemento
761 3221 848 3306 quod
868 3221 908 3285 de
929 3244 967 3286 eo
990 3231 1088 3288 tenet.
1137 3225 1180 3288 Et
1202 3225 1245 3290 ad
1267 3226 1367 3291 alium
1390 3227 1478 3292 diem

206 3328 357 3416 gffitgffl*
371 3347 435 3388 non
458 3325 558 3401 uenit,
574 3324 622 3388 ita
641 3323 727 3410 quod
747 3333 937 3410 preceptum
958 3326 1021 3390 luit
1041 3327 1225 3394 uicecomiti
1245 3331 1332 3416 quod
1346 3343 1478 3418 caperet

369 3429 552 3515 predictum
563 3429 727 3493 redditum
739 3429 773 3493 in
785 3451 917 3494 monum
930 3430 1023 3496 Dom.
1040 3432 1140 3519 Regis
1152 3442 1186 3497 et
1197 3435 1288 3500 saluo
1300 3437 1478 3502 custodiret

370 3532 418 3596 ite
447 3532 533 3618 quod
558 3555 691 3596 monum
714 3555 779 3596 non
801 3543 985 3619 opponeret,
1009 3543 1043 3600 et
1072 3537 1159 3622 quod
1187 3538 1353 3604 redditum
1381 3541 1477 3606 illum

370 3635 505 3700 haberet
519 3657 625 3700 coram
641 3634 827 3700 iusticiariis
842 3645 901 3702 etc.
917 3637 958 3701 ad
979 3637 1163 3704 faciendum
1184 3640 1260 3706 inde
1282 3643 1367 3729 quod
1387 3647 1479 3711 curia

370 3739 592 3805 consideraret.
639 3741 682 3804 Et
712 3740 890 3806 uicecomes
912 3741 1011 3807 nichil
1033 3743 1110 3809 inde
1132 3745 1218 3822 fecit,
1241 3755 1275 3812 et
1297 3747 1370 3814 ideo
1392 3751 1478 3816 sicut
1590 3739 1591 3742 Ἴ

370 3843 459 3928 prius
489 3842 597 3928 capiat
625 3841 790 3908 redditum
820 3853 855 3908 et
880 3843 973 3908 illum
996 3845 1116 3911 habeat
1138 3857 1198 3914 eto.
1222 3850 1264 3916 ad
1284 3851 1477 3919 'faciendum

370 3946 446 4011 inde
476 3947 560 4011 sicut
587 3947 676 4012 curia
698 3947 958 4028 considerouerit,
982 3958 1016 4014 et
1038 3952 1217 4018 uiceoomes
1239 3955 1283 4019 sit
1304 3956 1477 4025 auditurus

403 4153 456 4203 ¹11
470 4168 540 4204 some
552 4168 601 4204 ono
613 4153 688 4204 other
698 4153 765 4204 then
781 4169 833 4218 you
844 4155 897 4206 hod
948 4155 1074 4207 dmocndr
1086 4161 1114 4209 to
1131 4157 1197 4210 him.
1232 4161 1479 4228 Soconthirpoint

370 4219 514 4282 impleodod
525 4234 574 4276 me,
586 4233 638 4282 you
653 4219 738 4270 would
752 4219 818 4272 hove
833 4221 896 4272 been
947 4221 992 4272 Br.
1004 4223 1023 4271 f.
1036 4224 1068 4274 ts
1077 4223 1101 4274 b.

369 4285 679 4337 boundtowcrrcntmc.
979 4287 1080 4338 ’Corn
1093 4291 1213 4354 inefficax,
1225 4291 1255 4344 Α.

402 4350 509 4402 ’Some
531 4349 591 4400 verb
611 4349 635 4400 is
654 4350 755 4401 wanted
775 4351 842 4402 oltcr
863 4354 898 4402 cd
980 4352 1037 4404 4Δ.
1050 4369 1086 4404 m.
1100 4356 1131 4406 19
1143 4355 1168 4406 d.

370 4433 434 4467 cum.
468 4415 523 4465 The
540 4413 619 4464 hoir’s
636 4416 818 4468 confirmation
836 4417 899 4468 isof
980 4419 990 4449 ³
1007 4419 1145 4480 Beculiou„

370 4497 406 4533 no
425 4481 494 4533 avril
512 4481 535 4530 if
554 4479 630 4532 made
652 4481 737 4532 beloto
760 4481 805 4532 the
826 4483 897 4547 right
