3360 5236
308 407 370 469 526
612 415 749 476 merse,
772 415 836 463 nn.
862 399 954 474 1232,
979 414 1041 462 nn.
1066 401 1114 462 16.

307 595 461 658 Gunnore
483 592 643 678 quondam
669 591 777 654 uxoris
800 589 901 675 ipsius
924 589 1082 653 Willelmi
1104 612 1162 675 per
1184 591 1301 676 qnem¹
1328 589 1414 654 idern

308 697 490 761 Willelmus
516 695 633 760 habuit
657 695 792 758 eandem
818 693 998 758 custodiam
1022 693 1104 757 obiit
1130 693 1222 758 cuius
1245 693 1338 758 heres
1364 703 1415 758 est

307 800 392 864 infra
406 806 529 863 etatem
545 806 579 862 et
595 806 715 862 torrem
736 796 825 859 illam
846 795 887 859 de
910 795 957 858 eis
980 803 1090 859 tenere
1113 795 1212 860 debet
1234 817 1293 881 per
1314 795 1415 860 serui·
1530 812 1534 818 “

307 904 394 968 cium
409 903 551 966 militare
567 909 605 964 ut
620 900 682 985 ipsi
698 901 720 964 J
721 901 864 964 ohannes
880 907 914 963 et
930 899 1074 964 Hawisie
1088 899 1209 964 dicunt.

374 1007 417 1070 Et
433 1006 616 1070 Willelmus
629 1005 721 1068 uenit
733 1013 767 1068 et
779 1004 859 1068 dicit
871 1003 956 1089 quod
969 1027 1033 1068 non
1048 1004 1147 1069 debet
1162 1004 1209 1069 eis
1224 1003 1415 1089 respondere

308 1110 350 1174 ad
366 1110 425 1174 hoc
440 1111 539 1174 breue
557 1109 683 1174 desicut
704 1109 790 1194 petit
811 1108 1022 1172 medietatem
1047 1108 1125 1172 uille
1150 1109 1190 1173 de
1214 1109 1417 1172 Hemertone

310 1237 382 1279 cum
406 1214 615 1299 pertinenciis
638 1223 672 1276 et
694 1236 759 1277 non
782 1212 902 1297 excipit
925 1211 1049 1296 aliquid
1069 1211 1109 1275 de
1128 1211 1336 1296 pertinenciis
1350 1211 1417 1275 scil.

311 1317 522 1381 medietatem
551 1317 774 1382 aduoeecionis
800 1315 933 1380 ecclesie
960 1337 1059 1400 quem
1086 1315 1198 1378 Abbes
1222 1315 1416 1380 Colecestrie

147 1432 299 1519 metuimu-
312 1428 403 1484 tenet
426 1421 552 1507 integre
575 1421 661 1485 unde
684 1421 752 1506 ipse
775 1421 874 1484 nichil
898 1420 1006 1495 habet,
1022 1428 1056 1483 et
1074 1429 1222 1504 preterea
1236 1419 1316 1483 dicit
1331 1419 1418 1505 quod

147 1492 298 1565 nulum
312 1545 376 1586 non
399 1531 490 1587 tenet
513 1523 723 1586 medietatem
747 1523 850 1586 tocius
871 1523 1007 1585 manerii
1028 1523 1157 1585 nomine
1173 1522 1326 1600 custodie,
1342 1521 1419 1606 quie

147 1573 290 1704 filllgifflliss
313 1628 377 1691 Oto
400 1627 487 1692 filius
509 1627 666 1690 Willelmi
689 1636 780 1691 tenet
803 1627 878 1691 inde
901 1627 981 1690 dues
1004 1649 1064 1690 ecr.
1088 1634 1122 1690 et
1142 1625 1218 1689 dim.
1239 1625 1326 1690 unde
1349 1625 1418 1710 ipse

149 1711 231 1752 Μ’·
311 1731 411 1796 nichil
427 1731 536 1808 hebet,
551 1740 585 1795 et
600 1731 673 1795 ideo
695 1753 758 1794 non
778 1732 852 1794 uult
874 1731 916 1794 ud
938 1731 998 1794 hoc
1021 1731 1120 1794 breue
1142 1730 1333 1814 respondere
1355 1730 1420 1794 nisi

311 1835 401 1899 curia
415 1835 673 1900 considerauerit.
1371 1843 1374 1848 '

378 1938 422 2001 Et
442 1937 608 2002 «lohannes
628 1945 662 2000 et
684 1937 828 2001 Hawisia
850 1959 908 2022 per
929 1945 1131 2001 ettometum
1153 1937 1255 2022 ipsius
1277 1936 1420 2001 Hewisie

313 2041 452 2106 ueniunt
467 2051 501 2105 et
521 2042 635 2106 dicunt
658 2041 743 2127 quod
768 2042 939 2106 aduocacio
965 2043 1097 2107 ecclesie
1119 2065 1185 2107 non
1208 2043 1325 2107 accidit
1349 2043 1420 2107 siue

313 2145 428 2209 incidit
458 2145 492 2209 in
522 2145 701 2209 custodiam
731 2152 770 2208 ut
805 2145 971 2230 pertinens
1007 2145 1049 2208 ed
1085 2145 1295 2209 medietatem
1333 2145 1421 2208 illius

314 2248 458 2325 manerii,
474 2257 508 2312 et
523 2248 637 2311 dicunt
653 2248 739 2333 quod
758 2247 923 2332 predictus
939 2247 1004 2312 Oto
1019 2256 1111 2312 tenet
1126 2247 1198 2311 illas
1213 2247 1294 2310 duas
1309 2269 1369 2311 ecr.
1386 2255 1421 2310 et

313 2353 389 2417 dim.
406 2353 441 2417 in
456 2351 653 2416 escambium
668 2351 796 2438 capitel’
812 2353 889 2416 mes'
902 2361 962 2417 etc.
1008 2353 1085 2416 Post
1101 2352 1239 2416 ueniunt
1254 2354 1422 2420 Johannes

315 2465 349 2520 et
373 2457 518 2520 Hawisia
543 2466 577 2520 et
600 2465 719 2542 petunt
741 2457 908 2521 licenciam
931 2456 1102 2520 recedendi
1124 2456 1165 2520 de
1187 2457 1280 2521 breui
1302 2481 1360 2522 suo
1387 2468 1422 2521 et

217 2591 219 2596 ·
316 2563 447 2638 habent,
465 2569 499 2626 et
521 2561 593 2626 ideo
613 2563 688 2626 inde
709 2562 778 2625 sine
803 2562 864 2639 die,
887 2570 921 2624 et-
943 2561 1126 2626 Willelmus
1150 2561 1311 2647 cognoscit
1336 2561 1423 2648 quod

314 2673 407 2728 tenet
434 2674 540 2729 totum
563 2664 729 2728 residuum
754 2664 858 2727 tocius
880 2663 1024 2748 predicte
1048 2671 1219 2749 terreque
1243 2665 1348 2749 petite
1372 2674 1424 2728 cst

316 2789 427 2832 uersus
443 2790 525 2831 eum.

380 2871 403 2935 J
404 2871 546 2934 ohannes
561 2869 601 2933 de
618 2870 727 2956 Burgo
743 2877 777 2932 et
793 2867 938 2932 Helvisie
953 2889 1034 2932 uxor
1053 2869 1124 2932 eius
1144 2891 1201 2954 per
1221 2877 1422 2957 attomatum

262 3059 264 3062 Ι
316 2975 417 3060 ipsius
441 2973 584 3037 Hewisie
610 2967 730 3058 petunt
754 2993 867 3035 uersus
889 2970 1091 3034 Willelmnm
1114 2971 1155 3034 de
1182 2971 1273 3035 Bello
1300 2971 1423 3056 Campo

316 3077 496 3142 manerium
512 3077 552 3140 de
568 3077 766 3162 Brumlegha
780 3099 854 3140 cum
870 3083 950 3161 pert.
968 3075 1054 3161 quod
1069 3075 1211 3139 clamant
1232 3097 1300 3138 esse
1320 3075 1371 3139 ius
1389 3083 1425 3138 et

316 3181 532 3246 hereditatem
548 3181 650 3266 ipsius
666 3180 809 3245 Hawisie
825 3188 858 3244 et
874 3181 908 3244 in
927 3180 1012 3265 quod
1034 3203 1098 3244 non
1121 3180 1221 3244 hebet
1244 3180 1423 3266 ingressum

316 3286 379 3350 nisi
402 3309 461 3372 per
483 3287 670 3351 Gunnorem
693 3285 733 3349 de
755 3285 922 3371 Lanualuy
937 3285 1100 3371 quondam
1116 3307 1249 3349 uxorem
1264 3307 1355 3350 suem
1371 3285 1426 3349 cui

316 3389 461 3452 Hawisia
479 3388 519 3452 de
540 3387 717 3472 Lamnalay
733 3387 896 3472 quondam
919 3409 1000 3450 uxor
1014 3386 1172 3451 Willelmi
1194 3387 1235 3451 de
1259 3387 1427 3472 Lenualey
1521 3453 1525 3460 ,

316 3491 398 3557 illud
412 3491 537 3556 dimisit
552 3513 614 3576 que
631 3513 695 3554 non
711 3491 772 3554 nisi
788 3491 898 3554 dotem
918 3491 994 3555 inde
1015 3491 1132 3556 hebuit
1155 3492 1194 3556 de
1218 3491 1301 3556 dono
1323 3491 1426 3576 ipsius

316 3595 472 3660 Willelmi
499 3595 660 3681 quondam
687 3594 825 3658 ui1isui
851 3603 885 3657 et
911 3593 1006 3658 auic’
1030 3593 1134 3680 ipsius
1155 3595 1303 3660 Huwisie
1332 3596 1426 3659 cuius

316 3701 409 3765 heres
423 3700 494 3785 ipsa
508 3707 558 3763 est
573 3707 632 3764 etc.

383 3805 425 3868 Et
446 3803 629 3868 Willelmus
654 3803 746 3867 uenit
770 3811 804 3866 et
827 3803 912 3887 petit
936 3802 1011 3866 inde
1033 3802 1149 3879 uisum,
1171 3803 1291 3868 hebeat
1311 3813 1369 3869 etc.
1390 3813 1424 3868 et

317 3907 448 3972 interim
464 3916 523 3971 etc.

197 4019 268 4080 683.
383 4013 415 4076 N
419 4011 561 4076 icholeus
576 4011 662 4075 lilius
678 4011 791 4074 Seheri
807 4010 1014 4075 athechietus
1030 4011 1093 4075 fnit
1108 4011 1150 4075 nd
1165 4011 1423 4096 respondendum

198 4101 266 4211 ¹2⁰5]
320 4115 453 4201 Hugoni
469 4114 542 4178 Dod
558 4137 655 4200 quere
671 4123 802 4178 secutus
818 4122 867 4178 est
883 4115 1039 4200 placitum
1052 4114 1187 4180 incuria
1205 4113 1210 4201 Ι
1231 4114 1423 4179 cristianita-

352 4317 544 4379 ¹Corr.qunm.
929 4315 1029 4368 ⁸corr.
1058 4319 1112 4367 aui.
1155 4315 1270 4366 Hewisiu
1298 4319 1368 4365 must
1395 4317 1424 4366 he

352 4383 363 4414 ‘³
378 4383 428 4430 For
436 4382 480 4430 the
487 4383 545 4443 ples
553 4382 581 4430 ol'
587 4381 681 4445 pertiul
690 4385 846 4432 non-tenure
899 4384 1034 4431 William’s
1045 4382 1110 4434 heir.
1146 4383 1190 4430 Br.
1207 4382 1225 4430 ἰ.
1238 4385 1287 4431 323
1295 4383 1364 4442 gives
1371 4383 1427 4444 just·

320 4463 360 4496 see
372 4447 415 4495 Br.
429 4447 445 4496 f.
460 4446 542 4494 4321).
898 4447 951 4497 this
963 4447 1019 4496 writ
1031 4448 1077 4496 but
1089 4447 1199 4496 without
1210 4447 1319 4508 naming
1327 4462 1423 4496 names.
