3308 5226
407 449 642 512 prosumnus,
664 451 729 500 ao.
754 437 847 509 1232,
869 451 931 502 aa.
956 436 1091 505 lfa—17.
1238 434 1299 506 679

195 620 346 686 similiter
360 620 444 706 petit
459 621 545 707 quod
560 644 670 686 omnes
685 623 871 709 parochiani
891 623 931 688 de
954 624 1146 711 Tappecroft
1166 623 1301 690 redeant

195 725 238 790 sd
252 725 419 790 ecclesiam
434 747 526 790 suam
541 725 581 792 de
597 726 821 814 Bedingeham
836 751 909 793 cum
922 729 1072 793 omnibus
1083 727 1215 796 decimis
1226 727 1300 804 suis,

196 841 246 898 aet
260 833 360 899 nichil
375 834 461 920 petit
476 835 516 900 de
528 835 750 902 aduocacione.

260 939 304 1004 Et
326 940 437 1005 Abbas
455 941 496 1006 do
519 941 728 1028 Langelegha
743 941 856 1006 eodem
872 941 968 1007 modo
982 941 1188 1006 athachiatus
1202 963 1301 1027 quare

193 1043 302 1108 tenuit
331 1044 488 1130 placitum
516 1045 599 1110 illud
628 1055 741 1110 contra
764 1053 823 1110 eto
847 1052 882 1110 et
903 1042 980 1108 inde
1001 1044 1150 1130 producit
1172 1053 1301 1112 sectam.

194 1147 238 1212 Et
252 1147 364 1213 Abbas
378 1149 471 1214 uenit
486 1157 521 1214 et
535 1149 681 1216 defendit
693 1149 778 1236 quod
790 1171 956 1236 nunquam
966 1157 1039 1235 post
1050 1149 1302 1235 prohibicionem

194 1251 302 1316 tenuit
318 1251 473 1336 placitum
488 1252 578 1329 illud,
601 1261 636 1318 et
657 1253 730 1318 ideo
752 1253 864 1318 usdiet
886 1253 992 1339 legem
1014 1274 1048 1318 ae
1069 1252 1123 1338 xij.
1146 1274 1245 1317 manu
1268 1260 1303 1318 et

195 1354 353 1442 Magister
374 1354 568 1420 Vinconcius
590 1355 742 1421 similiter
770 1377 804 1420 se
834 1355 888 1441 xij.
919 1378 1027 1421 manu.
1056 1354 1199 1422 Veniant
1227 1377 1303 1420 cum

196 1459 269 1545 lege
284 1457 362 1524 etc.¹

120 1573 143 1633 '.
260 1560 416 1626 'Thomas
428 1560 468 1626 de
480 1561 660 1628 Blakeham
672 1561 793 1648 optulit
802 1584 836 1626 se
848 1561 920 1648 iiijr‘
934 1561 988 1626 die
1003 1584 1116 1628 uersus
1130 1560 1301 1628 Matheum
1381 1583 1395 1614 u

194 1664 234 1730 de
250 1664 377 1730 Lunam
393 1664 433 1730 de
447 1665 567 1750 placito
582 1665 669 1752 quod
683 1665 770 1732 idem
786 1665 939 1730 Matheus
954 1666 1073 1730 faceret
1088 1665 1194 1750 legem
1209 1687 1300 1730 suam

194 1791 292 1854 quam
322 1767 470 1834 uadiauit
500 1769 586 1855 quod
615 1793 680 1834 non
709 1770 774 1835 fuit
802 1777 933 1834 secutus
962 1769 1120 1855 placitum
1148 1767 1184 1834 in
1213 1767 1303 1836 curia

194 1871 417 1938 cristianitatis
432 1872 473 1937 de
488 1873 614 1938 catallis
628 1895 692 1959 que
708 1896 773 1938 non
788 1883 865 1938 sunt
880 1881 940 1939 etc.
956 1883 1068 1939 contra
1082 1881 1151 1950 etc,
1165 1881 1200 1938 et
1215 1873 1301 1938 unde

194 1984 328 2062 questus
351 1975 415 2040 fuit
437 1975 524 2061 quod
546 1975 699 2062 exigebat
721 1977 763 2042 ab
785 1999 824 2041 eo
846 1999 896 2041 xv.
921 1999 1044 2042 marcas
1067 1975 1196 2040 nomine
1218 1999 1301 2062 pene

194 2080 280 2145 unde
295 2080 473 2166 dampnum
489 2079 605 2144 habuit
621 2087 681 2146 etc.
726 2080 770 2145 Et
786 2080 939 2146 Matheus
954 2102 1018 2144 non
1035 2079 1126 2144 uenit
1141 2087 1174 2144 et
1186 2079 1302 2146 habuit

193 2184 280 2250 diem
301 2206 360 2270 per
381 2184 610 2249 essoniatorem
632 2205 728 2248 suum
750 2191 922 2269 postquam
945 2183 1051 2267 legem
1081 2183 1237 2259 satiauit,
1267 2191 1302 2247 et
1333 2235 1334 2240 ,

192 2287 265 2354 ideo
280 2287 527 2354 consideratum
542 2295 591 2352 est
606 2287 693 2374 quod
708 2286 848 2352 Thomas
862 2286 1067 2373 recuperauit
1082 2287 1224 2372 dampna
1242 2310 1303 2352 sua

192 2402 227 2458 et
241 2391 301 2458 sic·
317 2393 352 2458 in
367 2391 586 2457 misericordia
600 2401 635 2456 et
650 2391 751 2478 plegii
766 2391 824 2456 sui

135 2553 141 2566 .
256 2496 319 2562 ‘Et
334 2497 507 2583 Wymerus
521 2496 614 2561 uenit
629 2504 664 2561 et
679 2495 841 2583 cognoscit
855 2495 896 2560 de
912 2495 1017 2560 tribus
1027 2495 1109 2560 acris
1119 2495 1301 2583 ingressum

193 2602 371 2688 peripsum
387 2600 587 2666 Randulfum
603 2607 637 2666 et
653 2608 748 2665 uocat
766 2600 843 2665 inde
859 2599 901 2664 ad
924 2607 1104 2664 warantum
1125 2600 1300 2666 Ricardum

192 2705 297 2770 filium
313 2714 347 2770 et
362 2702 514 2768 heredem
531 2703 685 2768 Randulfi
702 2703 823 2790 Starky
838 2703 895 2788 qui
910 2711 1021 2768 manet
1036 2703 1124 2789 apud
1136 2703 1300 2770 Oestresir'

193 2817 227 2874 et
241 2807 365 2872 nullam
380 2807 481 2872 habet
495 2815 615 2872 terram
631 2807 666 2870 in
680 2807 824 2893 Anglia⁶‚
839 2814 874 2872 et
888 2807 962 2872 ideo
983 2807 1230 2873 Consideratum
1250 2817 1301 2874 est

193 2909 279 2996 quod
301 2910 404 2974 Elena
425 2909 631 2995 recuperauit
652 2909 804 2976 saisinam
825 2933 918 2975 suam
936 2911 977 2975 de
992 2911 1097 2976 tribus
1111 2911 1192 2976 acris
1207 2921 1300 2989 terre,

192 3023 323 3080 etcum
345 3015 511 3101 predictus
533 3015 626 3080 heres
647 3023 767 3080 terram
790 3015 942 3080 habuerit
963 3015 999 3080 in
1021 3023 1184 3101 potestate
1206 3016 1299 3081 Dom.

192 3118 291 3206 Regis
305 3126 461 3204 aequatur
475 3118 647 3204 Wymerus
661 3139 774 3182 uorsus
789 3139 865 3182 eum
880 3118 920 3182 de
936 3117 1100 3182 warancia

135 3289 141 3302 ,
254 3221 361 3287 'Prior
382 3222 422 3286 de
445 3220 617 3287 Oarsuilla'
639 3221 845 3287 athachiatus
875 3223 938 3287 fuit
967 3223 1009 3289 ad
1038 3222 1298 3308 respondendum

191 3327 329 3392 Ricardo
357 3326 398 3390 de
428 3326 607 3390 Hauntona
628 3349 727 3411 quare
749 3335 879 3392 secutus
901 3336 951 3391 est
972 3327 1130 3412 placitum
1152 3328 1299 3394 incuria

190 3429 413 3496 cristianitatis
427 3429 468 3494 de
483 3429 608 3494 catallis
623 3451 685 3514 que
700 3451 766 3493 non
780 3439 858 3494 sunt
872 3439 931 3495 etc.
948 3439 1060 3495 contra
1074 3439 1144 3509 etc,
1159 3439 1194 3496 et
1209 3431 1297 3497 unde

190 3533 337 3619 queritur
351 3531 437 3616 quod
450 3531 536 3616 petit
551 3531 592 3595 ab
607 3554 645 3596 eo
659 3532 694 3596 in
709 3531 799 3598 curia
813 3532 1037 3598 cristianitatis
1056 3533 1110 3620 xij.
1133 3535 1297 3620 quarteria

190 3637 230 3702 de
245 3636 327 3702 duro
341 3634 437 3700 bledo
453 3643 487 3699 et
500 3635 555 3721 xij.
568 3635 608 3701 de
623 3659 730 3702 auena
743 3646 778 3702 et
793 3637 921 3725 dragge.

255 3741 300 3806 Et
322 3738 414 3804 Prior
434 3738 527 3824 uenit
549 3747 584 3804 et
613 3740 759 3806 defendit
788 3741 874 3828 quod
903 3751 1015 3808 contra
1043 3743 1295 3829 prohibicionem

190 3868 254 3910 non
277 3851 328 3908 est
351 3851 541 3928 prosecutus
562 3843 682 3910 iniuste
705 3854 774 3924 etc,
797 3854 831 3911 et
852 3869 967 3912 uerum
989 3848 1063 3912 uult
1084 3847 1190 3912 dicere
1212 3849 1298 3934 quod

223 4019 232 4051 ¹
249 4018 300 4068 For
316 4018 383 4068 later
398 4015 564 4080 proceedings
575 4031 616 4067 see
627 4017 714 4081 above,
768 4022 827 4082 part
838 4021 867 4070 of
881 4021 1009 4083 England
1022 4021 1074 4070 and
1085 4021 1130 4070 the
1141 4021 1226 4083 king's
1238 4023 1296 4072 writ

191 4085 323 4136 Ossam·
771 4083 833 4134 does
854 4089 902 4136 not
923 4101 973 4134 run
996 4086 1075 4136 there.
1108 4087 1130 4136 B
1152 4085 1201 4136 has
1227 4090 1296 4150 opud

223 4149 234 4181 ³
249 4149 280 4197 B.
293 4164 328 4197 m.
340 4148 380 4196 12.
769 4153 902 4200 Gestreaire
913 4150 942 4199 in
954 4151 1010 4200 rull.

222 4213 302 4272 'Sia
314 4213 350 4262 B:
368 4211 491 4261 Matthew
502 4211 525 4260 is
536 4211 564 4260 in
575 4227 670 4274 marey,
800 4213 858 4264 οΒ.
870 4230 906 4264 m.
920 4217 958 4264 1³.

224 4279 235 4310 ⁴
250 4279 281 4328 B.
293 4293 328 4327 m.
343 4279 381 4336 12,
393 4293 409 4327 a
420 4277 497 4327 small
507 4277 578 4340 pieco
589 4277 618 4326 of
626 4293 642 4327 a
656 4278 718 4339 long
799 4279 810 4312 ⁷
828 4281 965 4339 Croswell’,
987 4279 1019 4329 B.
1052 4280 1094 4330 An
1116 4280 1184 4330 alien
1206 4281 1294 4345 priory

190 4359 257 4394 case.
290 4345 346 4394 Em.
360 4343 716 4406 uc.Rcrad.Starbyv.Hen.
768 4342 795 4392 in
818 4343 1021 4395 Heraiordshire.
1061 4345 1173 4396 Monast.
1194 4347 1243 4396 vol.
1268 4349 1292 4404 6,

191 4412 221 4460 de
234 4409 349 4459 Colcuill.
768 4424 793 4472 p.
807 4411 877 4460 1035.

223 4475 234 4506 ⁶
251 4473 306 4523 Tha
317 4471 460 4535 palatinatu
478 4473 505 4522 oi
520 4472 625 4523 chester
642 4471 665 4522 is
681 4487 716 4522 no
