3212 5230
411 404 553 466 11111111,
576 403 642 454 nn.
666 391 759 466 1231,
781 405 844 454 nn„
869 393 918 454 15.
1146 390 1209 458 387

126 580 223 644 Gennt
246 599 342 664 quere
367 582 483 640 tenent
509 572 671 660 quoddam
693 580 872 638 mercatum
893 573 928 638 in
950 573 1144 661 Finesleghe
1168 575 1210 640 cd

125 689 336 747 nocumentum
350 679 454 766 ipsius
468 678 627 744 Gileberti
641 677 676 742 in
691 677 977 765 Hundemauneby
988 685 1022 743 et
1033 679 1119 743 unde
1131 679 1211 744 dicit

125 786 198 872 quod
223 785 284 871 ipsi
312 791 428 850 tenent
457 782 539 847 illud
567 780 762 846 mercotnm¹
791 781 879 867 quod
909 781 1049 847 Brianus
1085 782 1211 848 leuauit

124 913 173 976 per
185 889 344 954 licenciam
360 889 454 952 Dom.
469 886 570 974 Regis
585 907 687 971 usque
702 885 744 950 ad
759 893 881 950 etatem
897 886 989 951 Dom
1006 887 1114 974 Regis.

180 996 219 1059 Et
233 994 393 1058 Robertus
408 999 443 1057 et
457 991 514 1056 alii
528 990 668 1055 ueniunt
682 997 717 1054 et
731 998 850 1076 petunt
864 990 1020 1056 iudicium
1031 991 1059 1056 si
1070 991 1210 1089 debeept
1223 987 1373 1074 §ffi‘nggss

125 1098 152 1162 ei
175 1097 357 1183 respondere
379 1095 505 1160 desicut
526 1093 589 1180 ipsi
611 1093 738 1158 nullum
759 1102 938 1159 mercatum
961 1095 1155 1160 leuauerunt
1176 1105 1210 1161 et
1222 1085 1361 1168 iiiiiiiiri‘i.

125 1200 234 1266 desicut
260 1198 360 1263 nichil
384 1197 526 1262 ostendit
550 1196 590 1261 de
613 1196 722 1282 aliquo
744 1205 938 1262 nocumento
960 1221 1019 1263 nec
1040 1199 1081 1264 de
1103 1175 1365 1286 aliquolhlhtllll’

124 1305 247 1390 dampno
271 1303 357 1389 quod
378 1297 474 1366 'idem
504 1301 690 1366 Gilebertus
720 1300 839 1366 hebeat
868 1311 903 1366 et
932 1302 1057 1368 desicut
1086 1304 1209 1368 nullam
1223 1271 1362 1400 ffitpffi

124 1406 256 1493 producit
270 1413 392 1471 sectam
407 1403 450 1468 cd
465 1403 588 1468 dictum
609 1425 704 1468 suum
725 1403 926 1489 probandum
946 1405 1009 1470 nisi
1031 1405 1209 1492 simplicem
1299 1389 1304 1400 ⁸

123 1532 223 1574 uocem
249 1531 350 1586 suem,
380 1515 415 1572 et
443 1506 516 1571 ideo
545 1505 661 1570 nolunt
690 1505 881 1592 respondere
918 1507 980 1572 nisi
1014 1508 1103 1579 curia
1135 1533 1209 1576 con-

122 1613 304 1679 siderauerit.
349 1613 394 1677 Et
413 1611 540 1676 desicut
561 1618 745 1677 attornetus
761 1611 919 1676 Gileberti
941 1613 1064 1677 nullam
1086 1621 1208 1678 sectam

121 1717 256 1803 producit
284 1739 346 1781 nec
374 1715 519 1802 loquitur
544 1714 585 1779 de
610 1714 719 1799 aliquo
749 1714 890 1800 dompno
918 1737 978 1780 neo
1007 1727 1208 1796 nocumento,

120 1821 354 1887 consideratum
380 1828 430 1885 est
459 1819 545 1906 quod
570 1818 730 1884 Radulfus
756 1819 870 1884 etalii
899 1819 974 1885 inde
1004 1820 1073 1885 sine
1095 1821 1147 1886 die
1174 1831 1208 1886 ct

119 1925 292 1990 Gilebcrtus
307 1925 342 1989 in
357 1922 581 1990 misericordie

56 2033 74 2091 '.
176 2029 301 2093 Hemon
322 2028 363 2092 de
386 2026 528 2093 Gettono
549 2026 765 2092 summonitus
786 2026 850 2091 fuit
872 2027 914 2094 ed
931 2027 1205 2092 warentizendum
1263 2042 1326 2082 rme

115 2134 250 2200 «Iohanni
277 2133 319 2198 de
349 2132 493 2199 Gettone
521 2130 563 2196 ix.
593 2137 751 2196 mercatos
780 2129 925 2198 redditus
954 2155 1028 2196 cum
1057 2140 1137 2218 pert.
1172 2133 1207 2198 in

116 2240 233 2304 Borstel
256 2259 337 2325 ques
359 2243 451 2303 tenet
473 2234 570 2299 etde
592 2256 630 2298 eo
652 2242 763 2299 tenere
786 2235 905 2300 clamet
924 2243 959 2300 et
978 2235 1064 2301 unde
1085 2245 1206 2302 cortem

115 2343 240 2408 Roberti
254 2340 378 2428 patris⁸
392 2339 542 2405 similiter
557 2347 591 2403 et
606 2337 692 2402 unde
707 2339 855 2424 queritur
869 2340 955 2428 quod
974 2340 1061 2405 idem
1077 2341 1206 2405 Homon

114 2446 271 2533 distringit
307 2444 489 2509 Robertum
530 2442 570 2507 de
614 2441 857 2529 Olottingehem
898 2452 1064 2508 tenentem
1105 2443 1206 2530 ipsius

112 2549 263 2614 Johennis
283 2547 326 2612 ed
345 2545 546 2612 reddendum
567 2544 614 2609 ei⁴
634 2545 796 2630 predictas
817 2545 857 2612 ix.
881 2555 1039 2612 mareotes
1060 2547 1206 2613 redditus

113 2675 187 2738 qnos
199 2651 244 2717 ei'
258 2650 392 2716 reddere
408 2648 530 2714 debuit.
576 2647 620 2711 Et
635 2647 766 2715 Homon
785 2647 878 2715 uenit
898 2657 932 2712 et
947 2649 1026 2714 dicit
1041 2651 1127 2736 quod
1141 2674 1205 2716 non

111 2756 202 2821 debet
230 2756 262 2821 ei
284 2753 492 2819 warentizare
514 2772 572 2837 per
593 2759 697 2816 cartas
719 2751 791 2816 illes
813 2753 889 2838 quie
910 2763 1003 2839 peter
1024 2777 1101 2820 suus
1122 2778 1204 2820 nun·

113 2881 203 2945 quam
226 2859 392 2926 redditum
418 2857 511 2922 illurn
538 2855 569 2920 ei
594 2854 686 2920 dedit
711 2855 788 2941 qnia
809 2855 877 2942 ipse
899 2857 981 2923 obiit
1010 2859 1138 2924 scisitus
1163 2859 1204 2925 de

112 2973 234 3027 centum
260 2963 315 3027 sol
341 2959 504 3026 contentis
526 2958 562 3022 in
583 2957 681 3022 cartis
702 2957 766 3022 illis
789 2967 823 3023 et
844 2982 894 3023 xx.
925 2961 978 3026 sol.
1009 2961 1089 3026 emit
1117 2961 1203 3027 idem

114 3065 233 3131 Hemon
252 3073 327 3152 post
347 3073 484 3129 mortem
502 3061 640 3149 predicti
655 3062 791 3127 Roberti
806 3063 907 3148 petris
929 3065 980 3132 sui
1002 3075 1037 3131 et
1058 3075 1205 3153 preterea

113 3169 182 3234 dicit
196 3167 281 3255 quod
296 3167 384 3232 idem
398 3167 421 3232 J
423 3165 565 3231 ohannes
580 3187 747 3251 nunquam
758 3165 821 3232 fuit
832 3167 867 3230 in
878 3167 996 3236 seisine
1009 3169 1049 3234 de
1061 3171 1205 3256 predicto

114 3273 232 3338 redditu
247 3294 306 3359 per
320 3279 425 3336 cartas
440 3270 512 3335 illes
526 3293 585 3335 nec
600 3270 664 3334 elio
678 3269 780 3334 mode.

168 3377 212 3442 Et
225 3377 249 3442 J
250 3377 393 3441 ohannes
408 3375 501 3439 uenit
521 3382 556 3439 et
570 3374 650 3439 dicit
673 3374 759 3460 quod
779 3375 813 3439 in
834 3376 905 3441 uite
918 3377 1056 3463 predicti
1070 3379 1205 3445 Roberti

20 3485 23 3550 3
113 3481 203 3565 patris
217 3481 284 3546 sui⁶
298 3480 363 3544 fuit
383 3477 468 3565 ipsc'
489 3479 524 3542 in
544 3478 662 3544 seisina
684 3479 724 3544 de
746 3479 891 3566 predicto
911 3481 1040 3548 redditu
1063 3493 1098 3548 et
1119 3485 1205 3571 quod

114 3583 233 3648 Hemon
248 3584 347 3648 freter
360 3582 453 3646 suus⁸
466 3581 556 3646 illam
571 3589 685 3669 postea
698 3583 902 3648 confirmauit
921 3592 956 3649 et
976 3585 1062 3672 quod
1077 3587 1111 3651 in
1127 3588 1205 3676 ligio

114 3695 263 3771 potestate
293 3685 396 3772 petris
425 3684 489 3749 luit
517 3684 587 3771 ipse
616 3685 651 3750 in
673 3686 791 3751 seisine
812 3686 852 3752 de
875 3687 987 3756 eodem
1009 3689 1338 3769 condescensorie

115 3790 178 3858 inde
201 3791 295 3878 ponit
320 3813 355 3856 se
378 3811 475 3876 super
495 3789 635 3876 petriam
658 3797 692 3856 et
715 3797 814 3856 testes
837 3792 871 3856 in
900 3801 989 3860 carte
1014 3795 1203 3891 nominatos.
1215 3759 1349 3898 iffi?

140 3929 269 3994 ¹Perhepc
276 3927 625 3981 thercishereenomission.
709 3927 851 3982 ‘Hemom
1215 3901 1355 3994 lilium

116 3993 161 4045 'lhe
178 3998 263 4060 places
284 4011 353 4046 seem
376 3999 403 4044 1ο
425 3995 456 4044 be
479 3993 553 4056 Filey
574 3993 627 4044 end
708 3993 815 4044 ‘John
1215 3991 1264 4032 ⁸¹¹⁰·

116 4059 273 4126 Hnnmnnby.
709 4058 721 4090 ⁶
736 4059 832 4112 Robcrt
844 4059 929 4111 lether
939 4061 968 4112 ol
976 4062 1091 4114 Hemon.

141 4125 205 4176 ¹Br.
219 4127 240 4176 1.
256 4127 306 4176 235
322 4125 348 4175 b.
382 4123 438 4174 The
454 4137 510 4174 new
526 4122 627 4173 nmrlret
708 4121 814 4176 7101111.

118 4187 208 4268 deceno
219 4191 308 4269 ipjnry
319 4191 342 4240 11
352 4189 373 4266 it
384 4189 447 4240 does
458 4204 493 4239 no
504 4187 625 4250 dameam
709 4187 720 4222 ⁸
736 4189 843 4240 Hermon
863 4190 969 4242 brother
985 4193 1014 4242 ol
1033 4194 1139 4245 Hcmon
1159 4195 1203 4246 the

119 4253 625 4382 noiffirhldodhildffliisodrhiiipidmdhli
678 4253 838 4370 deimdirmlii.
861 4321 878 4372 1.
904 4323 961 4373 399.
1003 4322 1058 4374 The
1080 4326 1204 4376 warentia

120 4381 163 4433 lhe
177 4387 288 4449 plolntifl
309 4386 360 4436 het
376 4383 452 4434 decdo
469 4385 498 4434 ol
518 4382 563 4435 the
584 4383 625 4434 de·
677 4389 763 4434 certes
778 4383 825 4435 lies
837 4385 911 4436 when
926 4387 971 4437 the
985 4391 1076 4440 tenent
1091 4405 1145 4442 non
1156 4391 1203 4440 im-

120 4449 232 4502 lendent's
242 4451 329 4503 lether
340 4449 394 4502 end
404 4448 517 4538 brother.
677 4449 816 4512 placitatur
826 4451 871 4502 sed
883 4455 996 4503 vexetur.

1012 4541 1118 4603 25-2
