3308 5226
369 417 432 482 656
673 425 811 485 rrsrrn,
833 423 897 474 nn.
923 411 1018 487 1234,
1041 424 1105 474 aa
1130 415 1179 476 18.

367 623 441 666 cum
464 609 544 687 pert.
567 599 601 665 in
624 599 790 665 Lonwath’
810 607 849 664 ut
871 599 922 664 ius
944 621 1049 676 suurn,
1065 599 1152 664 unde
1174 599 1308 686 quidam
1330 600 1478 686 Rogerus

367 713 549 770 antecessor
577 728 655 770 suus
682 705 744 770 fuit
770 704 901 770 seisitus
926 703 961 768 in
985 703 1145 768 dominico
1170 726 1229 768 suo
1252 712 1291 768 ut
1317 703 1357 769 de
1384 702 1477 768 feodo

368 817 403 874 et
428 808 497 874 iure
529 817 674 896 tempore
701 809 742 874 H.
766 809 867 896 Regis
892 807 1039 884 euicto,
1062 807 1159 872 etde
1182 807 1327 893 predicto
1349 808 1477 894 Rogero

367 913 535 978 descendit
549 914 601 978 ius
624 923 708 978 terre
731 914 819 978 illius
841 912 970 978 cuidam
993 912 1135 976 Radulfo
1156 919 1196 976 ut
1210 911 1278 976 filio
1299 919 1334 976 et
1355 909 1477 985 heredi,

366 1025 401 1082 et
416 1017 457 1082 de
471 1016 611 1081 Redulfo
626 1016 754 1081 cuidam
770 1017 896 1102 Rogero
912 1023 950 1080 ut
965 1014 1032 1079 filio
1047 1023 1081 1079 et
1096 1013 1217 1092 heredi,
1229 1023 1263 1078 et
1278 1013 1319 1077 de
1330 1011 1476 1098 predicto

366 1120 491 1206 Rogero
509 1120 565 1184 isti
581 1119 754 1184 Warnero¹
770 1129 809 1184 ut
824 1120 891 1184 filio
914 1127 948 1184 et
970 1119 1082 1184 heredi
1105 1128 1176 1198 etc,
1191 1127 1226 1184 et
1241 1117 1328 1204 quod
1343 1117 1409 1181 tale
1432 1115 1476 1180 sit

365 1222 417 1288 ius
431 1247 526 1290 suum
542 1224 637 1288 offert
652 1233 711 1289 etc

430 1327 475 1390 Et
489 1326 589 1413 Hngo
604 1326 698 1390 uenit
715 1334 750 1391 et
764 1325 912 1392 defendit
934 1326 985 1392 ius
1006 1347 1103 1391 suum
1126 1325 1184 1390 ubi
1206 1333 1241 1390 et
1263 1324 1391 1410 qnando
1414 1331 1475 1390 etc.

364 1438 400 1496 et
414 1430 494 1496 dicit
509 1431 595 1517 quod
617 1431 645 1496 si
667 1431 750 1496 alius
772 1431 979 1517 inplacitaret
1001 1453 1078 1496 eum
1097 1430 1138 1496 dc
1161 1430 1275 1496 eadem
1298 1436 1384 1493 terra
1405 1427 1475 1512 ipse

365 1535 539 1620 Wymerus
553 1534 687 1599 deberet
704 1543 823 1600 terram
838 1536 929 1600 illam
944 1536 1161 1614 warantizare,
1174 1543 1208 1600 et
1219 1534 1341 1620 profert
1351 1539 1475 1596 cartam

367 1638 488 1724 Rogeri
509 1638 569 1702 filii
597 1639 744 1725 Wymeri
770 1640 810 1704 de
836 1640 928 1704 ouius
954 1640 1073 1705 seisina
1098 1640 1167 1725 ipse
1191 1639 1364 1724 Wymerus
1389 1634 1476 1721 petit

366 1748 485 1804 terram
518 1741 609 1805 illam
645 1749 679 1806 et
709 1765 772 1828 que
802 1751 944 1807 testatur
973 1741 1060 1828 quod
1089 1742 1177 1806 idem
1206 1741 1352 1827 Rogerus
1383 1737 1475 1803 dedit

365 1845 496 1910 Albrico
522 1845 562 1910 de
587 1846 654 1910 Ver
677 1855 711 1912 et
735 1847 909 1913 heredibus
938 1847 1005 1912 suis
1030 1847 1211 1912 manerium
1236 1846 1277 1912 de
1304 1841 1473 1910 Lanewell'

365 1946 400 2012 in
415 1947 565 2013 omnibus
580 1949 676 2014 rebus
691 1949 776 2014 sicut
790 1951 873 2016 illud
888 1951 1031 2016 habebat
1045 1950 1079 2016 in
1101 1957 1195 2026 terra,
1210 1950 1314 2026 besec,
1328 1948 1425 2034 plano
1441 1953 1475 2011 et

365 2051 515 2116 omnibns
529 2051 634 2130 rebus,
649 2051 718 2117 sine
739 2052 850 2137 aliqua
871 2053 1087 2118 retinatione²
1101 2051 1132 2116 ei
1155 2059 1189 2116 et
1212 2051 1386 2116 heredibus
1407 2049 1475 2115 suis

365 2155 406 2220 de
421 2156 491 2241 ipso
506 2157 632 2244 Rogero
647 2165 682 2221 et
696 2156 877 2223 heredibus„

432 2260 475 2324 Et
504 2260 677 2347 Wymerns
706 2261 800 2326 uenit
828 2269 863 2326 et
892 2261 1039 2328 defendit
1062 2269 1185 2326 cartam
1211 2269 1246 2326 et
1271 2259 1415 2347 sigillum
1439 2265 1475 2323 et

367 2373 483 2442 totum,
497 2365 551 2430 uel
574 2387 633 2452 per
653 2387 768 2450 corpus
789 2365 958 2430 cuiusdam
980 2365 1074 2430 liberi
1096 2365 1237 2430 hominis
1258 2365 1318 2443 sui,
1340 2364 1394 2428 uel
1417 2385 1476 2449 per

365 2468 571 2533 collacionem
598 2467 772 2555 signorum,
794 2469 848 2533 uel
872 2469 936 2533 alio
959 2468 1054 2534 modo
1076 2471 1253 2534 secundum
1276 2467 1362 2553 quod
1385 2466 1476 2532 curia

365 2569 624 2648 considerauerit,
642 2578 677 2634 et
699 2571 785 2656 petit
807 2571 870 2636 sibi
891 2571 1021 2636 allocari
1043 2571 1130 2658 quod
1152 2595 1319 2659 nunquam
1342 2571 1420 2636 fecit
1442 2570 1475 2634 ei

364 2672 537 2738 seruicium
552 2672 690 2738 duorum
706 2675 851 2738 militum
866 2697 926 2740 nec
940 2677 1198 2741 antecessoribus
1212 2677 1279 2742 suis
1294 2675 1474 2742 secundum

364 2776 452 2862 quod
465 2777 500 2842 in
514 2784 604 2842 certa
618 2777 805 2843 continetur
819 2801 916 2865 quam
932 2779 971 2843 H
970 2803 1030 2864 προ
1042 2779 1053 2812 ⁸
1067 2781 1196 2866 profert.

431 2883 475 2946 Et
490 2882 606 2947 Comes
621 2882 714 2947 uenit
729 2891 763 2946 et
778 2883 899 2968 profert
913 2891 1036 2948 cartam
1051 2883 1151 2969 Regis
1166 2883 1301 2949 Henrici
1315 2883 1401 2948 senis
1416 2905 1476 2969 per

364 3007 463 3070 quam
489 2986 658 3050 confirmat
680 2986 711 3050 ei
733 2985 855 3050 donum
880 2985 966 3072 quod
986 2987 1133 3072 Rogerus
1158 2985 1245 3050 filius
1270 2986 1417 3073 Wymeri
1441 2985 1473 3050 ei

364 3087 451 3154 fecit.

431 3193 508 3258 Post
538 3194 631 3258 uenit
654 3193 828 3280 Wymerus
857 3201 892 3258 et
916 3195 1079 3282 cognoscit
1105 3195 1191 3281 quod
1215 3195 1361 3280 Rogems
1386 3193 1474 3259 filius

365 3297 511 3382 Wymeri
526 3298 566 3362 de
581 3297 673 3362 ouius
687 3297 806 3362 seisina
820 3298 906 3382 petit
921 3305 1042 3362 terram
1057 3298 1156 3372 illam,
1172 3298 1297 3362 dimisit
1318 3298 1407 3362 illam
1430 3297 1473 3362 ad

365 3402 542 3467 terminum
569 3403 691 3469 Comiti
719 3403 855 3468 Arbrioo
884 3403 925 3468 de
956 3404 1023 3468 Ver
1051 3403 1180 3490 quando
1208 3403 1296 3468 idem
1326 3404 1474 3490 Rogerus

366 3506 589 3571 transfretauit
612 3506 646 3570 in
669 3505 872 3584 Hiberniam,
892 3515 926 3571 et
948 3506 1050 3572 donec
1072 3516 1160 3572 terra
1180 3529 1214 3572 se
1236 3507 1340 3593 ipsam
1362 3507 1474 3593 aquie-

366 3608 471 3673 taret‘
493 3616 528 3673 et
552 3617 697 3695 tempore
720 3609 856 3674 Henrici
878 3609 979 3696 Regis
1001 3609 1064 3674 eui.
1109 3611 1153 3674 Et
1174 3617 1288 3696 postea
1309 3609 1386 3696 quia
1407 3633 1473 3675 non

365 3719 474 3797 potest
499 3710 646 3776 dedicere
676 3721 797 3778 cartam
824 3712 926 3798 ipsius
952 3713 1081 3798 Rogeri‚
1107 3735 1167 3776 nec
1192 3712 1472 3778 confirmacionem

367 3813 475 3900 Regis,
489 3813 655 3900 respondit
668 3813 841 3900 Wymerus
856 3814 942 3900 quod
963 3815 991 3878 si
1006 3815 1125 3880 faceret
1147 3814 1179 3878 ei
1200 3815 1383 3894 seruicium,
1397 3839 1473 3881 con-

366 3917 475 3982 silium
489 3917 624 3982 heberet
639 3916 829 3982 dimittendi
844 3917 875 3981 ei
891 3925 1010 3981 terram
1025 3915 1115 3981 illam
1130 3916 1165 3980 in
1179 3916 1347 3981 dominico.

432 4021 476 4084 Et
501 4020 574 4085 ideo
600 4019 677 4106 quia
701 4019 874 4106 Wymerus
897 4029 1011 4106 postes
1035 4043 1101 4084 non
1127 4019 1248 4084 dedicit
1271 4027 1394 4084 cartam
1413 4043 1473 4086 nec

366 4125 609 4190 feoffamentum
624 4123 862 4189 consideratum
883 4124 1034 4211 estquod
1055 4123 1171 4190 Comes
1192 4147 1257 4189 non
1279 4123 1474 4210 respondeat

398 4318 514 4370 ¹Gallod
523 4319 890 4384 Wymemaboreandbelow.
974 4319 1077 4370 ‘Until
1099 4318 1144 4369 the
1165 4318 1229 4369 land
1251 4317 1346 4370 should
1368 4318 1474 4370 become

396 4383 408 4480 ζ
424 4385 673 4513 fflfflfflim'
942 4385 1027 4447 quien
1045 4385 1114 4437 until
1125 4385 1188 4436 time
1199 4385 1228 4434 of
1237 4397 1314 4450 peace
1326 4383 1366 4448 (r).
