3196 5226
133 1029 189 1068 Nota
196 1031 267 1067 utrum

133 1081 195 1114 natus
231 1079 252 1114 ta

133 1123 236 1171 nonnulla
244 1124 278 1164 nol

133 1173 180 1217 pou
189 1170 238 1217 qua

133 1227 235 1302 t‘tm'

137 2163 190 2202 Item
198 2159 255 2210 quod

136 2207 277 2303 tttttt

136 2313 184 2342 cnm
189 2313 227 2351 pro
235 2301 284 2341 ffllo.

293 430 354 492 184
601 443 742 505 uniar,
764 441 829 492 nn.
855 429 947 504 1224,
970 441 1031 492 nn
1055 431 1085 492 8.

292 612 378 699 quod
398 613 563 699 predictus
584 614 797 700 Herlewynus
819 613 860 678 de
880 613 973 678 cuius
993 613 1111 679 saisina
1133 613 1233 701 Hugo
1255 614 1399 701 loquitur

294 715 357 780 fuit
382 738 463 781 auus
492 738 570 780 suus
599 723 634 780 ct
663 715 750 780 idem
781 716 989 780 Hermannus
1013 716 1077 780 fuit
1100 716 1187 781 filius
1211 716 1399 802 Herlewyni

295 829 329 884 et
350 819 443 884 heres
465 842 551 896 suus,
573 829 623 884 set
645 842 759 884 reuera
779 820 862 884 bene
885 819 1047 906 cognoscit
1071 820 1157 905 quod
1180 819 1249 906 ipse
1271 829 1306 885 et
1328 843 1400 906 pre·

295 923 401 988 dictus
430 924 603 1010 Aylmarus
632 924 764 988 filerunt
791 925 906 989 fratres
935 932 969 988 et
998 924 1058 988 filii
1082 924 1179 988 unius
1202 924 1324 1001 matris,
1347 933 1399 988 set

203 1087 230 1114 m
295 1025 381 1090 idem
400 1027 573 1112 Aylmarus
592 1049 656 1090 non
677 1027 740 1090 fuit
758 1026 843 1090 filius
863 1027 1058 1113 Herlewyni,
1073 1026 1152 1112 quia
1171 1027 1277 1091 Edina
1294 1035 1400 1091 mater

296 1128 439 1193 eiusdem
469 1129 649 1194 Hermanni
681 1129 868 1215 priusquam
898 1138 983 1194 esset
1019 1130 1214 1214 desponsata
1252 1129 1399 1215 predicto

296 1229 489 1316 Herlewyno
507 1229 609 1293 uenit
639 1252 799 1316 pregnans
827 1229 868 1294 de
898 1231 968 1316 ipso
997 1230 1151 1316 Aylmaro
1181 1231 1216 1295 in
1246 1231 1328 1296 uilla
1357 1231 1399 1296 de

295 1334 540 1400 Watbamstede
556 1344 590 1400 et
605 1343 702 1400 natus
716 1336 780 1400 fuit
799 1336 886 1400 idem
901 1336 1075 1422 Aylmarus
1090 1345 1267 1422 antequam
1283 1337 1400 1402 Herle·

298 1459 410 1526 wynus
424 1440 647 1526 desponsasset
667 1441 803 1505 eandem
819 1441 968 1519 Edinam,
982 1451 1017 1506 et
1036 1451 1149 1528 postea
1171 1465 1243 1506 eam
1263 1442 1399 1528 despon-

295 1541 381 1606 sauit
403 1550 437 1606 et
459 1542 574 1608 habuit
596 1542 637 1606 dc
659 1543 716 1607 illa
737 1542 844 1628 ipsum
867 1544 1094 1608 Hermannum
1117 1551 1151 1609 et
1173 1545 1262 1630 quod
1287 1545 1336 1610 ita
1355 1545 1400 1610 sit

295 1644 387 1730 ponit
401 1667 435 1709 se
450 1667 546 1730 super
560 1644 707 1730 patriam.

361 1750 405 1813 Et
434 1750 534 1835 Hugo
563 1748 643 1812 dicit
672 1747 758 1833 quod
783 1747 958 1834 Aylmarus
986 1759 1080 1835 pater
1109 1771 1188 1814 suus
1219 1749 1283 1814 fuit
1313 1749 1401 1814 filius

296 1852 433 1939 predicti
448 1852 624 1916 Herlewini
639 1859 674 1916 et
689 1851 729 1916 de
745 1852 815 1938 ipsa
830 1852 937 1917 Edina
950 1862 985 1917 et
1004 1853 1241 1940 primogenitus
1260 1863 1295 1918 et
1313 1863 1400 1939 post·

297 1978 394 2042 quam
424 1955 628 2019 Herlewinus
657 1954 866 2040 desponsauit
895 1953 1034 2019 Edinam
1057 1956 1237 2040 predictam
1267 1965 1301 2020 et
1325 1955 1400 2020 inde

298 2059 391 2145 ponit
419 2081 454 2123 se
483 2081 580 2144 super
608 2058 748 2122 iuratam
772 2066 807 2122 et
835 2059 1044 2124 Hermannus
1073 2059 1224 2124 similiter
1253 2068 1287 2124 et
1317 2059 1401 2124 Her-

298 2185 435 2227 mannus
464 2162 610 2227 concedit
636 2162 735 2248 quod¹
758 2162 867 2227 iurata
887 2163 975 2228 dicat
997 2164 1083 2250 quod
1105 2165 1279 2251 Aylmarus
1304 2173 1402 2228 natus

298 2265 361 2330 fuit
390 2274 560 2350 postquam
589 2264 794 2328 Herlewinus
823 2264 1034 2351 desponsauit
1065 2267 1203 2331 Edinam
1233 2267 1282 2332 ita
1315 2266 1402 2353 quod

299 2364 510 2450 Herlewynus
525 2386 600 2427 enm
621 2363 737 2428 habuit
757 2386 816 2449 pro
831 2363 907 2442 filio,
923 2373 1003 2430 tunc
1022 2365 1142 2430 habeat
1161 2367 1262 2454 Hugo
1282 2375 1401 2430 terram

299 2469 388 2533 illam
414 2475 452 2532 ut
474 2477 580 2532 rectus
602 2467 695 2531 heres
721 2467 907 2532 Herlewini
954 2469 998 2533 Et
1021 2469 1094 2533 ideo
1116 2469 1175 2534 fiat
1197 2470 1273 2534 inde
1296 2469 1403 2534 iurata

299 2580 333 2635 et
347 2570 459 2634 ueniat
473 2592 494 2634 a
508 2569 560 2634 die
576 2569 697 2634 Pascbe
712 2569 747 2633 in
761 2577 828 2634 tres
839 2569 1037 2656 septimanas
1051 2570 1093 2636 ad
1108 2571 1401 2659 recognoscendum

298 2677 326 2740 si
354 2675 518 2760 predictus
547 2675 720 2759 Aylmarus
749 2683 844 2760 pater
871 2675 1010 2760 predicti
1040 2675 1191 2762 Hugonis
1215 2685 1313 2740 natus
1338 2676 1402 2740 fuit

298 2791 469 2867 postquam
485 2780 688 2844 Herlcwinus
707 2779 917 2865 desponsauit
940 2780 1078 2844 Edinam
1097 2789 1236 2845 matrem
1256 2779 1401 2845 eiusdem

299 2883 445 2968 Aylmari
460 2883 544 2948 sicut
559 2882 646 2947 idem
667 2882 767 2968 Hugo
782 2881 870 2958 dicit,
885 2883 939 2946 uel
960 2881 988 2946 si
1007 2882 1094 2947 idem
1109 2883 1285 2969 Aylmarus
1305 2891 1402 2948 natus

300 2986 363 3049 fuit
377 2993 552 3070 antequam
568 2993 626 3048 etc
642 2983 727 3048 sicut
745 2984 832 3048 idem
853 2984 1062 3049 Hermannus
1082 2984 1171 3052 dicit.
1215 2984 1319 3050 Item¹
1333 2984 1402 3050 dies

299 3089 396 3154 datus
410 3098 460 3154 est
474 3089 628 3175 partibus.

365 3193 516 3258 Warinus
531 3192 680 3258 Boistard
697 3192 783 3278 petit
806 3215 918 3257 uersus
933 3191 1135 3257 Willelmum
1154 3192 1259 3256 filium
1278 3193 1402 3258 Leticie

196 3323 219 3351 er
299 3298 344 3363 de
357 3353 360 3362 .
375 3298 625 3363 Cheueleswelle
655 3297 741 3383 quod
764 3297 923 3362 deliberet
952 3297 983 3361 ei
1008 3297 1142 3362 terciam
1166 3306 1293 3382 partem
1322 3298 1402 3362 uille

300 3403 341 3467 de
358 3401 607 3468 Oheueleswelle
622 3423 719 3486 quam
735 3401 898 3466 Henricus
912 3400 953 3464 de
970 3400 1134 3465 Scaccario
1150 3407 1243 3465 tenet
1260 3407 1295 3464 et
1315 3399 1402 3464 idem

300 3507 483 3572 Willelmus
498 3504 652 3569 concessit
667 3503 756 3590 prius
771 3503 876 3568 eidem
893 3502 1025 3568 Warino
1040 3525 1098 3588 per
1119 3511 1241 3568 cartam
1260 3523 1352 3566 suam
1368 3511 1403 3567 et

300 3611 387 3676 unde
409 3609 495 3674 idem
514 3607 696 3672 Willelmus
715 3608 837 3692 recepit
856 3607 899 3673 ab
920 3606 1034 3672 eodem
1052 3606 1185 3671 Warino
1203 3605 1401 3670 escambium

301 3712 342 3776 de
357 3711 502 3798 predicta
516 3709 616 3774 tercia
630 3717 722 3795 parte
737 3709 772 3773 in
789 3709 977 3774 Garefordia
990 3717 1029 3774 ut
1044 3707 1131 3773 idem
1146 3708 1299 3772 Warinus
1313 3707 1402 3784 dicit,

301 3817 355 3880 uel
377 3815 464 3901 quod
485 3815 599 3880 reddat
620 3815 726 3880 eidem
741 3814 874 3879 Warino
896 3824 1015 3879 terram
1035 3814 1070 3878 in
1091 3812 1280 3878 Garcfordia
1304 3835 1402 3898 quam

301 3921 388 3986 idem
412 3920 594 3985 Willelmus
623 3919 745 4005 recepit
773 3919 808 3984 in
832 3919 1029 3984 escambium
1053 3940 1111 4004 pro
1134 3916 1280 4003 predicta
1302 3917 1404 3982 tercia

368 4130 412 4194 Et
427 4127 609 4193 Willclmus
624 4127 717 4192 uenit
732 4136 767 4191 et
786 4127 821 4192 in
839 4127 942 4213 primo
960 4124 1123 4212 cognoscit
1141 4124 1228 4210 quod
1247 4125 1404 4190 concessit

305 4233 394 4319 prius
409 4231 544 4297 eandem
560 4229 693 4295 terciam
709 4240 834 4316 partem
850 4229 994 4316 predicte
1009 4229 1087 4293 uille
1103 4227 1208 4294 eidem
1221 4227 1354 4292 Warino
1370 4238 1404 4293 et

303 4336 388 4423 quod
411 4335 533 4422 recepit
559 4334 755 4399 escambium
786 4335 827 4400 ab
857 4334 969 4399 eodem
994 4333 1126 4398 Warino
1151 4332 1185 4396 in
1216 4331 1405 4397 Garesordia

547 4457 556 4490 ¹
574 4456 671 4520 Supply
682 4459 712 4506 si.
974 4453 986 4485 ²
1001 4451 1072 4503 Gorr.
1084 4453 1157 4502 idem.
