3196 5226
351 423 414 486 120
661 434 802 496 armar,
824 434 888 484 ao.
912 421 1006 497 1222,
1028 434 1092 486 aa
1116 421 1145 484 6.

351 611 505 679 clericum
535 610 575 676 de
599 610 719 698 placito
748 633 848 696 quare
877 619 1008 676 secutus
1032 619 1087 676 est
1115 609 1273 696 placitum
1302 609 1336 672 in
1367 607 1460 672 curia

351 713 574 780 cristianitatis
606 721 718 778 contra
746 721 807 778 etc.
835 712 877 777 de
905 712 1118 778 aduocacione
1147 712 1293 798 predicte
1323 711 1458 776 ecclesie

352 827 412 884 etc.
429 827 462 882 et
484 838 597 881 uersus
611 815 754 880 Priorem
769 815 810 880 de
827 814 977 881 Tauaoor
990 823 1025 880 et
1039 815 1208 880 Decanum
1229 815 1270 880 de
1285 815 1459 902 Trigesyre

352 920 394 986 de
413 919 532 1006 placito
555 940 654 1004 quare
676 925 854 982 tenuerunt
875 916 1031 1002 placitum
1055 917 1096 982 de
1118 917 1232 982 eodem
1253 925 1314 982 etc.
1337 926 1372 982 et
1394 916 1460 1003 ipsi

352 1046 418 1088 non
432 1029 594 1088 uenerunt
606 1029 664 1086 etc.
675 1029 709 1086 et
720 1029 910 1107 preceptum
922 1020 985 1085 fuit
996 1021 1180 1086 uicecomiti
1192 1021 1279 1107 quod
1289 1021 1459 1086 athachia-

351 1135 403 1193 ret
427 1127 623 1212 Episcopum
643 1126 878 1192 Exoriensem¹
902 1126 989 1212 quod
1008 1135 1093 1191 esset
1110 1135 1173 1192 etc.
1198 1134 1232 1192 et
1252 1125 1299 1190 ibi
1322 1126 1461 1190 haberet

352 1254 406 1296 eos
436 1240 496 1297 etc.
523 1239 557 1296 et
586 1231 765 1296 uicecomes
793 1230 963 1296 mandauit
993 1230 1080 1315 quod
1115 1230 1282 1315 episcopus
1305 1252 1370 1294 non
1393 1229 1461 1293 fuit

351 1335 507 1401 inuentus
525 1344 561 1400 et
583 1335 655 1401 ideo
679 1335 763 1400 sicut
786 1335 875 1420 prius
898 1334 1065 1400 athachiet
1088 1356 1164 1398 eum
1182 1342 1242 1399 etc.
1261 1332 1347 1418 quod
1370 1333 1415 1397 sit
1439 1355 1462 1396 a

352 1438 405 1502 dic
421 1448 482 1505 etc.

417 1541 528 1606 Assisa
541 1541 634 1606 uenit
648 1543 853 1628 recognitura
871 1543 899 1607 si
921 1543 1079 1630 Magister
1092 1542 1276 1606 Willelmus
1293 1540 1334 1604 de
1349 1539 1460 1604 Hath-

352 1643 451 1708 feldia
486 1644 668 1708 auunculus
704 1645 863 1710 Johannis
899 1645 959 1709 filii
995 1645 1143 1732 Gregorii
1172 1645 1237 1708 fuit
1265 1643 1395 1708 saisitus
1424 1643 1461 1706 in

351 1747 512 1812 dominico
537 1770 595 1813 suo
619 1756 658 1812 ut
687 1749 728 1814 de
755 1750 846 1814 feodo
869 1749 910 1814 de
928 1751 953 1836 j.
977 1750 1120 1838 mesagio
1147 1757 1182 1814 et
1205 1749 1246 1813 xl.
1270 1747 1352 1812 acris
1374 1755 1462 1811 terre

351 1873 427 1915 cum
441 1850 649 1936 pertinenciis
664 1851 699 1916 in
714 1851 907 1916 Hathfeldia
928 1851 981 1916 die
1002 1875 1067 1938 qua
1088 1853 1170 1918 obiit
1191 1860 1225 1916 et
1247 1852 1275 1916 si
1292 1859 1352 1917 etc.
1373 1850 1462 1937 quod

351 1953 555 2039 mesuagium
585 1962 619 2018 et
648 1977 746 2040 quam
776 1963 896 2018 terram
922 1955 1062 2020 Thomas
1088 1956 1174 2020 filius
1200 1955 1335 2020 Henrici
1358 1962 1462 2030 tenet,

353 2059 410 2146 qui
438 2057 570 2124 uocauit
598 2057 674 2122 inde
703 2056 745 2121 ed
768 2066 948 2122 warantum
978 2058 1158 2123 Hemicum
1188 2059 1292 2122 filium
1316 2057 1462 2122 Anchari

351 2173 479 2250 patrem
515 2187 611 2228 suum
648 2164 705 2249 qui
742 2162 772 2228 ei
808 2165 1032 2228 warantizauit
1069 2173 1104 2228 et
1139 2165 1270 2228 uocauit
1304 2163 1381 2228 inde
1418 2162 1462 2227 ad

352 2275 532 2331 warantum
547 2267 711 2331 Abbetem
726 2266 767 2331 de
782 2267 945 2330 Wardena
959 2267 1016 2352 qui
1030 2267 1124 2331 uenit
1139 2275 1173 2331 et
1188 2268 1219 2331 ei
1233 2267 1462 2331 warentizauit

352 2379 387 2434 et
416 2370 516 2435 nichil
545 2369 629 2434 dixit
655 2391 753 2454 quare
783 2369 884 2434 assisa
908 2379 1090 2435 remaneret
1113 2379 1173 2436 etc.
1197 2371 1282 2436 siout
1307 2379 1401 2457 patet
1424 2370 1462 2436 in

352 2473 484 2539 rotulis*
498 2482 558 2538 etc.

419 2572 587 2636 duratores
623 2569 737 2635 dicunt
774 2569 860 2656 quod
889 2571 989 2635 tercio
1018 2571 1071 2636 die
1100 2580 1177 2636 ante
1208 2572 1333 2637 obitum
1363 2595 1461 2637 suum

353 2675 446 2740 dedit
474 2676 543 2760 ipse
572 2675 805 2740 terramillam
829 2675 974 2761 predicto
996 2676 1121 2740 Abbati
1150 2699 1225 2740 cum
1248 2699 1377 2762 corpore
1402 2699 1462 2741 suo

354 2779 432 2865 quia
460 2779 547 2844 idem
576 2777 760 2843 Willelmus
789 2779 906 2844 habuit
936 2780 1110 2865 quamdam
1140 2781 1277 2845 amicam
1307 2805 1400 2846 suam
1427 2791 1463 2847 et

354 2891 473 2946 terram
502 2881 591 2945 illam
617 2881 708 2945 dedit
734 2881 840 2944 eidem
869 2881 971 2946 amice
995 2905 1053 2946 sue
1079 2891 1129 2947 set
1152 2883 1222 2969 ipse
1244 2891 1318 2969 post
1339 2884 1462 2949 donum

353 2985 434 3050 illud
458 2985 612 3049 remansit
637 2983 672 3048 in
702 2983 819 3048 seisina
844 2984 885 3048 de
912 2985 1025 3049 eadem
1049 2995 1143 3064 terra,
1169 2987 1324 3052 defuncta
1347 2995 1461 3052 autem

353 3090 457 3155 amica
485 3112 544 3154 sua
572 3089 659 3153 idem
683 3089 866 3154 Willelmus
895 3091 1050 3154 remansit
1076 3091 1111 3155 in
1136 3092 1254 3156 seisina
1283 3101 1317 3156 et
1342 3091 1463 3156 cecidit

353 3194 389 3258 in
414 3191 632 3278 egritudinem
655 3199 689 3256 et
711 3191 747 3256 in
768 3191 953 3278 egritudine
974 3193 1146 3258 mandauit
1168 3195 1237 3280 ipse
1260 3203 1365 3259 cartas
1387 3217 1463 3259 suas

354 3317 418 3380 que
439 3296 572 3358 fuerunt
594 3295 630 3358 in
652 3294 797 3358 Abbatia
818 3294 858 3359 de
881 3295 1036 3360 Watham
1059 3305 1093 3360 et
1116 3298 1193 3382 quia
1214 3321 1279 3362 non
1299 3306 1463 3362 uenerunt

354 3398 434 3462 adeo
449 3397 513 3461 cito
528 3397 612 3461 sicut
627 3397 733 3461 uoluit
747 3397 838 3462 misit
853 3398 922 3483 ipse
942 3399 1020 3464 illuc
1040 3399 1082 3463 ad
1100 3401 1337 3485 properandum
1355 3409 1462 3465 cartas

354 3525 436 3579 suas,
452 3509 485 3566 et
508 3500 647 3586 quedam
670 3500 722 3564 die
745 3501 838 3564 Lune
860 3501 954 3565 uenit
976 3502 1067 3566 Prior
1088 3501 1129 3566 de
1146 3503 1301 3566 Watham
1324 3511 1358 3567 et
1381 3503 1462 3567 tulit

354 3615 458 3671 cartas
486 3605 558 3670 illas
587 3613 621 3668 et
655 3604 867 3668 mandauerat
896 3605 986 3689 prius
1015 3605 1198 3690 predictum
1228 3607 1392 3670 Abbatem
1422 3615 1463 3671 ut

270 3745 284 3772 u
354 3711 396 3775 ab
419 3733 456 3774 eo
478 3709 647 3774 consilium
669 3709 804 3774 haberet
824 3718 858 3774 et
873 3709 985 3774 Abbas
1007 3711 1119 3775 eodem
1140 3711 1192 3774 dic
1215 3711 1307 3775 Lune
1329 3733 1463 3797 presens

191 3791 329 3884 ”idenditas
354 3813 418 3878 fuit
440 3821 474 3878 et
496 3813 584 3877 idem
603 3813 787 3878 Willelmus
809 3813 900 3878 dedit
923 3814 953 3877 ei
976 3823 1094 3878 temam
1118 3813 1209 3878 illam
1233 3837 1308 3878 cum
1332 3836 1462 3900 corpore

190 3883 325 4006 ffiffii
354 3939 412 3980 suo
441 3925 475 3982 et
504 3925 608 3982 cartas
638 3940 712 3982 suas
735 3917 766 3981 ei
792 3917 927 3981 tradidit
953 3927 987 3983 et
1011 3917 1112 3982 tercia
1135 3917 1188 3982 die
1214 3917 1296 3981 obiit
1320 3925 1354 3980 et
1377 3917 1462 3981 bene

204 4017 249 4053 '¹¹²
354 4020 460 4084 sciunt
490 4020 575 4106 quod
604 4021 770 4085 Johannes
800 4029 849 4084 est
871 4021 1036 4106 proximus
1066 4021 1158 4084 heres
1188 4020 1259 4084 eius
1283 4028 1317 4084 et
1340 4019 1461 4105 quesiti

355 4125 382 4190 si
402 4125 586 4190 Willelmus
608 4125 725 4190 habuit
746 4126 934 4190 memoriam
958 4125 1086 4211 quando
1104 4125 1226 4190 donum
1248 4123 1325 4188 fecit
1347 4123 1463 4188 dicunt

387 4308 505 4360 1Simon
527 4307 556 4356 or
580 4307 681 4370 Apulia.
715 4307 767 4357 For
793 4322 880 4357 means
963 4307 1147 4371 ’Probablya
1164 4308 1290 4358 reference
1308 4311 1334 4358 to
1350 4322 1386 4358 an
1403 4323 1461 4371 cyre

355 4389 458 4437 process
468 4373 572 4436 against
583 4389 599 4423 a
610 4373 677 4422 olerk
689 4371 717 4422 iu
729 4388 745 4424 a
760 4373 879 4436 personal
930 4373 986 4426 roll.

355 4440 441 4491 action
454 4455 494 4490 see
504 4439 548 4488 Br.
561 4439 580 4486 f.
592 4439 640 4487 442
652 4437 676 4490 b.
