3308 5226
374 429 437 500 674
582 445 815 506 mossarum,
837 445 901 492 an.
927 431 1019 507 1232,
1042 443 1106 494 aa
1131 431 1266 498 16-17.

396 623 400 631 “
439 621 483 685 Et
504 619 671 686 Johannes
691 619 784 684 uenit
802 627 837 684 et
856 618 1003 684 defendit
1018 629 1140 684 cartam
1162 628 1198 685 et
1219 628 1327 684 totum
1345 628 1379 685 et
1398 619 1475 686 dicit
1525 637 1527 644 '

374 723 460 808 quod
483 722 570 788 idem
593 721 775 786 Randulfus
800 743 968 806 nunquam
998 721 1062 786 fuit
1091 721 1125 786 iu
1151 721 1269 786 saisina
1294 720 1336 786 de
1364 720 1476 786 eadem

375 833 462 890 terra
484 833 518 889 et
540 823 634 890 bosco
654 824 702 888 ita
720 821 806 910 quod
828 822 970 908 aliquem
990 821 1067 888 inde
1087 824 1216 888 feoffarc
1237 824 1363 910 posset¹
1386 823 1477 908 ponit

375 952 409 994 se
431 952 529 1014 super
550 929 689 1014 patriam
713 936 747 991 et
769 934 870 992 testes
892 925 1075 991 nominatus
1095 927 1129 991 in
1152 935 1249 1004 carta,
1271 927 1337 992 scil.
1357 927 1478 992 Nicho·

375 1031 463 1097 laum
479 1031 583 1116 etc.¹1

302 1185 307 1196 .
440 1137 517 1200 Post
542 1137 636 1200 uenit
662 1136 829 1201 «Iohannes
851 1135 891 1199 de
916 1135 1030 1200 Karun
1057 1144 1091 1201 ct
1120 1136 1308 1223 dicitquod
1334 1135 1480 1222 predicta

375 1239 550 1306 Scolastica
573 1261 638 1304 non
660 1247 711 1304 est
733 1239 826 1303 heres
851 1237 953 1324 ipsius
975 1238 1114 1314 Ricardi‚
1135 1240 1212 1324 quia
1233 1237 1400 1325 predictus
1423 1237 1477 1302 Ri-

374 1343 486 1408 cardus
506 1341 622 1408 habuit
637 1341 800 1426 quendam
816 1339 921 1404 filium
937 1339 1139 1404 willelmum
1154 1341 1293 1418 nomine,
1308 1342 1367 1427 qui
1382 1341 1478 1406 estin

373 1446 520 1532 partibus
536 1445 758 1510 transmarinis
773 1452 807 1510 et
822 1465 939 1530 pueros
954 1443 1062 1520 habet,
1071 1450 1106 1508 et
1120 1443 1200 1508 dicit
1215 1444 1301 1530 quod
1315 1444 1478 1530 predictus

375 1549 549 1616 Geruasius
571 1548 653 1613 obiit
674 1547 750 1612 inde
774 1545 925 1612 saisitus'
949 1547 998 1611 ita
1021 1546 1108 1632 quod
1131 1549 1255 1612 nullam
1275 1548 1354 1612 fecit
1381 1548 1479 1634 assig-

373 1654 541 1718 nacionem
556 1653 591 1718 in
605 1653 677 1718 uita
691 1675 758 1729 sua,
773 1659 808 1716 et
828 1651 913 1738 petit
932 1651 1090 1716 iudicium
1108 1651 1235 1717 desicut
1255 1651 1327 1738 ipsa
1346 1674 1412 1716 non
1430 1659 1478 1716 est

374 1755 466 1821 heres
481 1755 637 1821 Gemasii.

439 1859 482 1922 Et
507 1858 682 1924 Scolastica
704 1857 785 1923 dicit
808 1857 894 1944 quod
918 1867 968 1922 est
989 1857 1057 1922 filia
1079 1855 1210 1922 Ricardi
1229 1856 1270 1922 de
1292 1857 1406 1922 Karun
1425 1857 1479 1922 aui

373 1963 475 2050 ipsius
495 1964 518 2028 J
520 1963 655 2030 ohannis
677 1963 718 2028 de
742 1964 857 2027 Karrm
877 1971 912 2028 et
931 1962 1139 2048 propinquior
1160 1963 1252 2028 heres
1274 1959 1379 2048 ipsius
1401 1963 1479 2029 Ger·

375 2067 465 2144 uasii,
488 2067 565 2154 quia
585 2067 753 2132 ‚Iohannes
774 2087 839 2130 non
868 2063 997 2151 potest⁴
1026 2065 1119 2130 heres
1147 2074 1183 2130 et
1211 2065 1391 2132 dominus⁰.
1435 2065 1479 2132 Et

374 2169 539 2234 Johannes
564 2169 604 2233 dc
631 2169 746 2233 Karun
772 2168 919 2253 quesitus
945 2167 973 2231 si
998 2177 1168 2254 cognoscat
1193 2177 1298 2234 cartas
1324 2167 1478 2234 Randulfi

373 2273 475 2359 patris
490 2273 548 2351 sui,
564 2281 599 2338 et
614 2271 744 2336 Ricardi
759 2271 814 2336 aui
829 2269 888 2348 sui,
904 2270 989 2356 petit
1004 2270 1182 2335 terminum
1197 2293 1300 2358 usque
1314 2275 1412 2338 cras‘.

316 2447 323 2460 ,
438 2375 615 2441 'Robertus
629 2375 669 2440 de
685 2374 886 2460 Pinkingny⁰
899 2395 958 2459 per
972 2382 1175 2440 attomatum
1190 2397 1286 2440 suum
1301 2376 1478 2442 summoni-

307 2523 313 2535 ·
374 2489 428 2544 tus
443 2480 506 2544 suit
520 2479 562 2544 ad
576 2477 835 2564 respondendum
851 2476 996 2542 Galfiido
1010 2476 1051 2541 de
1067 2475 1171 2542 Cruce
1191 2475 1231 2542 de
1252 2477 1372 2562 placito
1393 2479 1478 2565 quod

372 2583 486 2647 reddat
512 2583 543 2646 ei
568 2581 748 2646 custodiam
777 2579 906 2644 Andrec
937 2578 997 2643 filii
1026 2587 1061 2644 et
1090 2577 1218 2644 heredis
1247 2581 1408 2646 Johaunis
1436 2581 1477 2646 dc

373 2684 580 2750 Windesores
616 2683 721 2770 quod⁸
750 2683 792 2748 ad
820 2683 928 2768 ipsum
958 2681 1102 2768 pertinet
1131 2703 1170 2746 eo
1198 2682 1285 2768 quod
1313 2685 1478 2769 predictus

370 2787 537 2853 Johannes
556 2787 596 2852 de
619 2809 657 2853 eo
681 2787 789 2852 tenuit
812 2809 869 2873 per
892 2785 1065 2852 senuoium
1089 2785 1230 2852 militare
1254 2787 1290 2851 in
1313 2788 1477 2854 Bodchale

365 2893 405 2957 in
420 2916 499 2959 com.
515 2893 613 2970 Sum,
628 2900 662 2957 et
676 2891 757 2956 dicit
771 2890 859 2977 quod
875 2889 1078 2976 Reginaldus
1096 2889 1138 2954 de
1162 2889 1265 2955 Oruce
1286 2899 1382 2976 pater
1401 2913 1478 2956 suus

370 2999 474 3084 primo
498 2997 644 3063 fcoffauit
667 2996 850 3062 ‚Iohannem
874 3001 1001 3080 patrem
1027 2991 1130 3079 ipsius
1155 2992 1284 3058 Andros
1306 2993 1341 3058 in
1363 2995 1477 3059 eadem

371 3102 458 3179 uilla,
477 3109 511 3167 et
530 3101 647 3166 habuit
666 3100 807 3186 primum
828 3097 1072 3163 feoffamentum
1092 3095 1133 3162 de
1156 3097 1269 3162 eodem
1292 3106 1387 3184 patre
1410 3121 1477 3175 suo,

370 3206 434 3271 scii
450 3214 524 3291 post
541 3203 734 3292 gwerram¹⁰.

436 3309 479 3372 Et
502 3309 664 3374 Robertus
685 3307 765 3371 dicit
787 3303 873 3392 quod
895 3303 1042 3370 custodia
1064 3303 1106 3369 ad
1132 3325 1207 3368 eum
1230 3303 1375 3389 pertinet
1401 3305 1478 3390 quia

369 3421 586 3477 antecessores
607 3412 709 3498 ipsius
730 3410 861 3476 Andree
881 3409 971 3494 prius
990 3407 1113 3473 feoffati
1128 3408 1260 3472 fuerunt
1274 3405 1315 3472 de
1331 3419 1476 3474 anteces-

369 3517 493 3581 soribus
523 3517 597 3593 suis,
622 3539 719 3602 quam
748 3515 789 3580 de
819 3513 1073 3580 antecessoribus
1099 3513 1200 3599 ipsius
1226 3513 1372 3591 Galsridi,
1399 3515 1477 3599 qnia

370 3618 595 3706 Reginaldus¹¹
616 3618 657 3683 de
679 3618 866 3706 Pinkingny
888 3625 965 3682 ante
986 3637 1142 3703 guerram
1169 3615 1315 3680 feoffauit
1339 3615 1475 3682 Petrum

368 3732 494 3810 patrem
510 3721 648 3808 predicti
667 3721 827 3788 Johannis
844 3729 880 3786 et
893 3743 993 3785 auum
1009 3719 1111 3806 ipsius
1125 3719 1255 3784 Andree
1269 3719 1304 3784 in
1319 3719 1476 3786 suburbio

369 3827 573 3893 Windesores
588 3827 716 3892 incom.
733 3826 845 3904 Berck,
861 3825 945 3891 etin
960 3847 1038 3892 com.
1055 3824 1155 3890 Buck.
1171 3823 1235 3889 scii
1251 3824 1285 3888 in
1301 3823 1438 3890 Dachet

401 4023 550 4104 ¹·eSupply
537 4023 673 4136 etquodn
673 4037 759 4085 rcmznq
761 4020 878 4085 msit'
868 4035 897 4069 m
947 4017 1162 4081 deneoinlary.

368 4092 488 4139 adrium
478 4089 632 4151 tatami
633 4090 715 4150 iquem
725 4087 896 4150 imndeseos
979 4083 1084 4133 ⁷..Bm
1095 4082 1145 4132 ed.

365 4171 422 4217 pora
385 4154 500 4230 cartem.
979 4147 1175 4212 ῬίιιΙωπῃμΒ

428 4212 1188 4276 rivenamedwitnessesffi13⁹oornquan

400 4283 412 4316 ⁸
427 4219 613 4345 Feiritroerepea
613 4281 665 4332 ted.
979 4278 1038 4328 ¹⁰0
1017 4279 1144 4328 Omrcr'l.
1200 4275 1392 4339 tquerrarnss.

401 4347 586 4411 *Supplyme
574 4347 637 4404 e‚.B
979 4343 1145 4407 ¹¹uridGlsur
1099 4293 1383 4408 duaffintflemicm
1390 4356 1474 4392 seems

401 4414 411 4444 7
429 4413 530 4463 SeeBr.
543 4413 560 4461 f.
573 4413 620 4463 271
628 4411 653 4469 b,
665 4413 722 4463 272.
946 4409 1055 4458 wanted.

401 4481 412 4512 ⁶
428 4477 575 4540 Adjourned
587 4479 626 4527 for
635 4476 770 4540 judgmcnt
782 4475 864 4526 to
821 4490 883 4538 q
