3260 5218
333 471 463 521 616166
484 469 559 520 nun
581 468 732 534 rnrurrr,
755 468 823 518 66.
850 455 945 533 1219,
967 469 1032 520 ln.
1057 457 1085 522 3.
1218 458 1259 522 29

144 639 279 705 uocauit
303 641 443 726 priorem
466 639 507 704 de
529 640 679 704 Mertona
699 645 750 703 set
772 639 855 703 bene
877 637 1031 702 dixerunt
1053 637 1139 724 quod
1160 639 1262 704 nesci·

145 752 268 808 uerunt
290 753 405 808 utrum
424 743 512 808 idem
532 742 618 828 prior
639 741 694 805 uel
715 741 833 827 aliquis
852 740 1111 827 predecessorum
1131 765 1263 808 suorum

145 847 197 912 uel
220 847 354 912 Alanus
375 847 541 933 predictus
562 845 616 911 uel
638 845 757 931 aliquis
778 852 1015 910 antecessorum
1038 868 1169 912 suorum
1191 869 1262 934 pre-

145 958 310 1014 sentesset
333 949 377 1014 ad
400 949 567 1014 ecclesiam
593 948 683 1012 illam
712 948 766 1012 uel
796 970 867 1012 non
914 949 958 1012 Et
988 949 1066 1034 quia
1094 949 1264 1014 iusticiarii

145 1069 210 1110 666
225 1055 411 1133 potuerrmt
425 1069 484 1134 per
498 1047 617 1132 primos
632 1046 686 1110 uel
701 1045 857 1111 secundos
871 1046 1027 1112 iuratores
1038 1049 1208 1114 certificari
1222 1049 1264 1114 ad

146 1173 246 1236 quem
262 1173 378 1216 eorum
393 1151 572 1237 pertineret
591 1151 643 1215 ius
662 1150 870 1236 presentandi
890 1173 949 1214 nec
969 1151 1043 1216 sciri
1063 1153 1171 1237 potuit
1191 1153 1264 1240 quis

147 1275 261 1318 eorum
290 1262 377 1319 esset
402 1254 437 1318 in
463 1253 581 1318 seisina
606 1251 647 1316 de
670 1251 883 1316 aduocacione
905 1251 993 1316 illius
1015 1253 1156 1332 ecclesie,
1179 1255 1262 1320 Ocn-

147 1357 332 1423 sideratum
348 1358 412 1422 fuit
427 1357 514 1443 quod
529 1356 749 1442 unusquisque
765 1377 876 1420 eorum
895 1356 1080 1422 ostenderet
1099 1358 1151 1424 ius
1168 1381 1263 1424 suum

147 1471 181 1528 et
195 1463 302 1528 datus
315 1463 380 1528 fuit
395 1463 472 1530 616ι

210 1567 316 1632 Unde
346 1567 438 1630 Prior
466 1565 560 1630 uenit
588 1571 623 1629 61
652 1563 732 1629 (11611
761 1563 848 1650 quod
876 1563 1048 1631 aduoeaeio
1077 1565 1181 1632 illius'
1211 1576 1261 1632 661
1332 1553 1340 1560 ”

147 1670 197 1734 ius
228 1669 366 1734 ecclesie
395 1691 453 1734 sue
482 1668 524 1733 de
553 1669 702 1734 Mertona
729 1676 769 1732 ut
798 1668 856 1733 illa
891 1691 989 1754 quam
1027 1670 1188 1736 Redulfus
1221 1671 1262 1736 de

150 1773 311 1840 Cehaum’
348 1781 442 1860 pater
471 1771 627 1838 Willelmi
663 1771 755 1836 dedit
787 1772 920 1865 ecclesie
949 1773 990 1836 (16
1021 1773 1170 1839 Μ611666
1205 1797 1264 1860 per

148 1887 275 1943 cartam
306 1900 399 1942 suem
428 1899 526 1962 quam
555 1875 675 1961 profert
704 1881 739 1939 et
775 1896 838 1960 que
875 1883 1017 1940 testatur
1054 1876 1139 1962 quod
1175 1877 1263 1942 idem

151 1981 316 2046 Redulfus
339 1980 430 2045 dedit
455 1988 514 2044 etc
541 1978 601 2043 deo
627 1987 661 2042 et
686 1978 819 2043 ecclesie
846 1978 877 2044 S.
909 1979 1011 2044 Maris
1041 1979 1082 2045 de
1112 1979 1263 2046 Mertona

151 2095 185 2148 et
208 2084 367 2148 fratribus
389 2081 512 2148 ibidem
534 2081 594 2146 deo
616 2081 834 2147 seruientibus
855 2105 967 2147 omnes
989 2083 1138 2148 ecclesias
1159 2085 1264 2149 tocius

154 2196 240 2252 terre
260 2209 319 2252 sue
341 2187 376 2250 in
398 2193 591 2271 perpetuam
611 2184 818 2249 elemosinam
837 2193 911 2271 post
925 2185 1092 2250 decessum
1113 2187 1264 2272 Hugonis

154 2290 213 2353 filii
236 2290 290 2353 sui
311 2310 445 2374 persone
467 2287 554 2352 unde
576 2287 662 2352 idem
685 2287 775 2352 Prior
798 2287 878 2352 dicit
902 2288 989 2374 quod
1012 2297 1097 2354 terra
1120 2290 1177 2354 illa
1200 2290 1264 2354 fuit

155 2393 258 2478 ipsius
276 2392 408 2456 Radulfi
426 2414 500 2456 cum
522 2390 734 2456 aduoeacione
753 2391 886 2456 ecclesie
905 2399 939 2456 et
957 2391 1043 2477 quod
1063 2391 1154 2456 dedit
1174 2392 1263 2456 illam

154 2496 404 2562 aduoeacionem
427 2495 571 2581 predicte
594 2495 725 2559 ecclesie
748 2494 788 2559 de
811 2495 969 2560 Mertona
1014 2495 1139 2560 Profert
1161 2497 1263 2562 eciam

155 2609 279 2665 6611661
295 2599 451 2664 Willelmi
465 2599 526 2664 filii
540 2607 574 2664 et
596 2599 723 2664 heredis
742 2599 881 2684 predicti
900 2599 1030 2664 Radulfi
1048 2601 1090 2666 de
1109 2601 1263 2667 Cahaum’

155 2727 218 2789 que
244 2711 387 2768 testatur
412 2701 498 2787 quod
523 2702 592 2786 ipse
615 2701 706 2766 dedit
736 2711 771 2766 et
799 2703 956 2768 concessit
985 2701 1045 2768 deo
1074 2713 1108 2768 61
1132 2704 1263 2770 ecclesie

158 2809 189 2872 S.
211 2807 317 2871 Marie
343 2807 384 2870 (16
407 2806 557 2870 Μ611666
577 2813 637 2872 616
664 2829 775 2872 616666
800 2806 948 2872 ecclesias
972 2807 1075 2872 tocius
1098 2815 1182 2872 terre
1206 2831 1264 2872 sue

156 2909 243 2975 inter
256 2931 338 2995 quas
353 2909 498 2972 nominat
513 2907 679 2974 ecclesiam
694 2907 734 2972 de
750 2910 892 2974 Bertona
911 2917 945 2973 et
965 2917 1077 2995 postea
1096 2909 1264 2975 confirmat

157 3015 202 3080 616
216 3013 427 3079 donacionem
442 3012 608 3099 patrissui
623 3020 682 3078 ete
706 3011 831 3076 Profert
851 3012 953 3077 eciam
973 3022 1095 3078 cartam
1115 3013 1264 3078 (leufridi

159 3117 298 3182 Eliensis
326 3115 468 3200 episcopi
496 3115 531 3178 in
560 3136 625 3200 qua
653 3114 838 3178 continetur
871 3113 956 3200 quod
993 3113 1061 3199 ipse
1095 3114 1264 3179 confirmat

159 3221 367 3286 donacionem
402 3218 533 3283 Radulfi
561 3219 603 3283 de
633 3217 776 3284 Cahaun'
807 3227 841 3282 et
870 3218 1026 3282 Willelmi
1055 3219 1114 3284 filii
1143 3219 1194 3284 sui
1223 3220 1264 3284 de

159 3324 292 3390 ecclesia
306 3323 347 3387 (16
363 3323 510 3386 Bertona
542 3320 667 3385 Profert
682 3328 716 3384 et
731 3321 840 3386 literas
854 3320 977 3385 domini
992 3344 1075 3408 pape
1086 3323 1264 3389 Alexandri

159 3425 368 3489 donacionem
388 3423 477 3486 illam
495 3421 542 3486 eis
562 3421 788 3486 confirmantes
809 3429 843 3486 et
865 3421 946 3486 dicit
968 3421 1040 3486 ideo
1063 3423 1154 3488 Prior
1177 3425 1263 3510 quod

160 3529 343 3594 Willelmus
364 3526 405 3591 (16
429 3525 552 3592 Chaun'
571 3525 669 3590 debet
689 3525 720 3590 61
739 3525 828 3590 111616
848 3525 1095 3590 aduocacionem
1115 3529 1263 3592 warenti-

160 3656 238 3699 zare.
283 3633 328 3696 Et
350 3629 533 3696 Willelmus
556 3651 686 3716 presens
708 3637 758 3693 est
780 3637 814 3693 et
835 3629 998 3715 cognoscit
1019 3638 1141 3695 cartam
1162 3633 1264 3717 patris

161 3738 209 3803 sui
223 3746 258 3802 et
273 3743 396 3802 cartam
411 3755 503 3799 suam
519 3740 552 3796 61
567 3733 656 3796 111616
671 3730 917 3796 aduocacionem
932 3731 963 3796 ei
977 3733 1171 3818 warentizat.

225 3843 268 3906 Et
288 3841 414 3905 Alanus
433 3838 474 3902 de
493 3837 634 3901 Bertona
651 3843 685 3900 61
705 3834 857 3900 Roheisie
878 3857 959 3899 uxor
980 3836 1050 3900 eius
1072 3844 1106 3901 61
1128 3837 1264 3902 1116111116

163 3967 245 4010 66161
259 3945 362 4031 ipsius
376 3941 527 4007 Roheisie
543 3939 681 4004 ueniunt
696 3945 730 4002 et
750 3937 864 4002 dieunt
881 3936 967 4023 quod
986 3938 1157 4005 aduocacio
1177 3939 1264 4005 illius
1314 3963 1316 3966 ·

164 4048 291 4114 ecclesie
306 4054 357 4111 661
376 4045 428 4110 ius
447 4044 590 4130 ipsarum
610 4040 761 4106 Roheisie
781 4049 816 4106 et
835 4041 1005 4107 Matillidis
1023 4042 1107 4107 sicut
1126 4043 1184 4109 illa
1200 4067 1263 4130 que

164 4152 207 4216 eis
242 4147 409 4214 descendit
437 4147 480 4212 ab
509 4145 762 4210 antecessoribus
778 4143 857 4233 ¹suis
885 4166 906 4208 6
937 4153 1114 4231 conquestu
1143 4147 1262 4233 Anglie

164 4255 237 4341 quia
265 4253 397 4340 quidem
427 4251 536 4336 Fulky
559 4248 698 4314 Warurel
726 4247 820 4313 uenit
845 4247 887 4313 ad
908 4257 1120 4335 conquestum
1144 4251 1262 4336 Anglie

192 4415 254 4464 116
271 4413 316 4463 the
331 4411 417 4474 iurors
434 4411 510 4462 know
528 4410 640 4474 nothing
660 4409 689 4460 of
737 4409 814 4462 about
825 4407 870 4459 the
880 4408 962 4472 right:
980 4409 1076 4461 seeBr.
1090 4410 1200 4463 11391,

164 4481 205 4532 the
219 4480 299 4530 seisin
315 4478 360 4528 the
375 4477 472 4540 parties
486 4477 552 4528 hare
567 4481 594 4528 16
611 4477 687 4541 plcad
771 4479 781 4509 ²
799 4475 898 4538 Supply
910 4479 1017 4526 ecclesie.
