3314 5238
319 385 383 448 506
530 393 764 454 arcanarum,
787 393 851 442 nn.
878 379 971 454 1231,
994 393 1056 442 nn.
1082 381 1217 444 15—16.

153 578 295 665 §ffipffi
316 569 348 634 N
351 569 469 657 igellus
483 569 706 635 warenticauit
727 568 836 634 tenuit
853 567 1035 634 manerium
1049 567 1133 634 illud
1147 567 1190 633 ad
1205 565 1380 632 terminum
1396 588 1425 630 x.

153 673 304 768 {tlltffiffi
316 696 473 740 annorum
498 681 610 738 teneat
633 671 715 738 duas
736 680 847 757 partes
870 671 959 736 illius
980 670 1118 736 manerii
1141 671 1228 738 ultra
1249 669 1426 736 terminum

154 769 289 852 lssllffl„
317 799 412 842 suum
427 775 469 842 ad
484 775 665 842 ualencicm
679 775 824 862 predicte
840 773 939 840 tercio
954 774 1064 861 partis.

195 887 266 949 659.
382 879 493 944 Assisa
517 879 611 944 uenit
635 879 841 965 recognitum
863 878 891 942 si
915 877 1090 944 Holewisia
1111 899 1199 942 soror
1221 875 1342 962 Rogeri
1366 874 1427 940 filii

154 989 280 1101 »uffi-
317 983 477 1048 Willelmi
491 991 526 1048 et
541 982 677 1048 Hemici
692 991 726 1048 et
736 982 894 1048 Willelmi
909 982 1046 1046 fratrum
1062 1003 1193 1046 suorum
1206 980 1270 1044 fuit
1281 978 1427 1044 seisitus²

154 1097 305 1194 ppogpffiffl
318 1085 353 1150 in
367 1084 527 1150 dominico
548 1107 606 1150 suo
626 1093 686 1150 etc
710 1083 750 1148 de
768 1084 793 1170 j.
814 1084 981 1170 mesuagio
1003 1091 1038 1148 et
1057 1083 1083 1168 J'.
1107 1082 1215 1146 bouat
1241 1091 1326 1148 terre
1350 1103 1425 1145 cum

155 1203 306 1278 ffiffiffl,
318 1199 398 1276 pert.
415 1189 450 1254 in
466 1189 611 1275 Skyrcbe
627 1197 661 1253 et
676 1188 717 1254 de
732 1187 808 1252 dim.
824 1189 932 1253 bouet.
949 1196 1034 1252 terre
1049 1210 1124 1252 cum
1139 1194 1219 1272 pert
1236 1185 1271 1252 in
1292 1185 1427 1250 Tittoua

154 1286 285 1372 lllffilffit'
318 1294 371 1360 die
394 1302 462 1369 etc,
477 1302 512 1358 et
532 1293 560 1358 si
581 1303 650 1370 ete,
670 1315 768 1378 quam
793 1302 912 1358 terram
937 1301 971 1357 et
997 1291 1084 1378 quod
1105 1291 1309 1378 mesuagium
1331 1290 1426 1354 Eudo

154 1379 288 1464 ltttltl.
318 1397 405 1462 filius
420 1397 516 1483 Sigar
533 1405 625 1461 tenet
640 1396 698 1482 qui
714 1396 807 1460 uenit
822 1404 857 1460 et
872 1396 1030 1460 concessit
1044 1396 1186 1460 assisam.

154 1471 298 1604 mgna-¹
382 1500 551 1564 Juratores
573 1498 726 1563 dixerunt
749 1498 835 1584 quod
857 1499 1025 1562 contencio
1047 1507 1118 1562 erat
1137 1498 1224 1562 inter
1243 1496 1426 1583 predictum

299 1591 487 1669 'Eudonem
516 1613 551 1669 et
580 1603 759 1690 predictam
786 1603 995 1668 Helewisiam
1017 1602 1058 1668 dc
1081 1603 1147 1668 lide
1169 1602 1247 1667 data
1267 1603 1427 1666 intereos

317 1706 366 1770 ita
379 1707 467 1792 quod
480 1706 515 1772 in
530 1705 693 1793 capitulo⁸
707 1705 936 1772 disracionauit
957 1707 1029 1791 ipsa
1042 1706 1129 1792 quod
1143 1707 1231 1772 idem
1246 1706 1338 1770 Eudo
1353 1727 1426 1770 eam

317 1811 516 1887 affideuerat,
531 1820 565 1875 et
586 1819 698 1896 postea
718 1809 810 1874 dedit
833 1810 920 1876 idem
942 1811 1036 1876 ¹Eudo
1058 1811 1088 1876 ei
1105 1811 1283 1896 predictam
1306 1818 1426 1874 terram

318 1923 352 1980 et
372 1914 575 2000 mesuagium
597 1935 656 2000 per
677 1922 799 2000 cartam
821 1935 914 1978 suam
935 1913 1110 1979 tenendam
1125 1914 1188 1980 sibi
1203 1923 1238 1980 et
1253 1913 1427 1978 heredibus

317 2016 385 2082 suis
407 2025 441 2082 ct
462 2015 538 2082 inde
561 2038 633 2080 eam
659 2015 806 2081 leoffauit
828 2025 863 2104 et
888 2015 924 2080 in
946 2015 1098 2080 seisinam
1121 2016 1239 2101 posuit,
1262 2016 1312 2080 ita
1340 2014 1426 2100 quod

319 2120 382 2184 fuit
406 2121 440 2186 in
464 2119 582 2185 seisina
605 2142 663 2205 per
680 2119 704 2205 j.
732 2141 878 2184 mensem
904 2127 938 2184 et
964 2129 1077 2205 postea
1101 2121 1262 2186 contraxit
1287 2143 1361 2184 cum
1388 2141 1428 2182 ea

154 2251 212 2336 psus..
210 2248 307 2335 4³31pr
319 2223 447 2310 puplice
467 2224 502 2288 in
523 2223 603 2289 facie
626 2224 767 2288 ecclesie.
813 2224 938 2290 Dicunt
963 2224 1065 2290 eciam
1092 2225 1178 2311 quod
1201 2224 1340 2310 predicti
1363 2223 1427 2288 Ro-

154 2343 252 2430 fflffi
245 2347 296 2428 1232
317 2349 414 2412 gerus
436 2334 471 2392 et
493 2327 550 2392 alii
573 2335 651 2392 sunt
680 2327 924 2413 propinquiores
953 2327 1087 2392 heredes
1116 2328 1218 2414 ipsius
1244 2323 1439 2394 Helewisie}

155 2437 304 2476 ausimu-
318 2430 361 2494 Et
387 2430 464 2516 quia
489 2437 562 2516 post
585 2429 684 2494 fidem
710 2429 821 2494 datam
846 2431 932 2495 facta
961 2430 1025 2496 fuit
1054 2431 1187 2496 donacio
1213 2437 1248 2496 et
1273 2429 1427 2517 cognouit

153 2487 290 2626 ἓξὲξ
318 2555 389 2598 eam
412 2533 584 2598 carnaliter
605 2540 679 2618 post
701 2531 798 2596 fidem
821 2531 931 2597 datam
956 2532 1004 2598 ita
1029 2533 1115 2618 quod
1138 2533 1319 2598 diuorcium
1341 2531 1428 2596 inter

154 2646 294 2750 mmm
318 2661 372 2702 eos
395 2637 549 2702 celebrari
568 2635 572 2723 Ι
593 2659 657 2701 non
681 2637 791 2723 potuit
820 2639 907 2702 facta
932 2638 996 2702 luit
1022 2637 1080 2702 ille
1106 2637 1240 2702 donacio
1269 2645 1426 2722 tauquam

154 2757 305 2844 3333.oeng
318 2741 405 2806 inter
419 2739 527 2805 uirum
542 2749 577 2805 et
592 2763 725 2806 uxorem
737 2749 772 2806 ct
783 2742 855 2806 ideo
870 2742 979 2806 ualere
994 2765 1060 2806 non
1074 2741 1192 2827 potuit,
1204 2751 1239 2806 et
1253 2740 1326 2806 ideo
1342 2741 1427 2806 Con-

154 2849 306 2938 ?Jggffl
317 2845 495 2910 sideratum
510 2853 560 2910 est
575 2845 661 2931 quod
675 2847 821 2932 Rogems
836 2855 871 2912 et
885 2847 942 2911 alii
956 2847 1057 2912 nichil
1075 2847 1207 2932 capiant
1220 2869 1279 2932 per
1293 2845 1426 2910 assisam

155 2945 287 3030 lflsslffim
318 2958 352 3014 et
368 2949 461 3014 Eudo
476 2957 588 3016 teneat
602 2950 637 3014 in
652 2971 731 3036 pace
746 2950 851 3016 etalii
866 2950 901 3016 in
916 2951 1142 3016 misericordia

198 3066 269 3128 660.
383 3052 541 3118 Ricardus
571 3053 611 3118 de
639 3053 740 3138 Peroy
766 3053 973 3118 athachiatus
1003 3055 1067 3120 fuit
1096 3054 1139 3120 ad
1166 3053 1426 3140 respondendum

203 3163 265 3202 Ebu·
318 3155 420 3220 Priori
434 3155 475 3220 de
491 3155 649 3242 Markcby
663 3179 763 3242 quare
781 3157 949 3246 distringit
965 3181 1040 3224 eum
1061 3159 1103 3224 ad
1121 3157 1305 3224 laciendum
1329 3157 1426 3222 forin-

157 3230 178 3267 et
187 3238 279 3274 uxorem,
287 3229 308 3266 et

157 3275 289 3362 33¹3er
318 3281 427 3323 secum
442 3258 616 3324 senricium
630 3259 671 3323 de
687 3281 743 3324 sex
758 3260 869 3326 bouet.
882 3269 968 3326 terre
983 3283 1059 3328 cum
1069 3269 1150 3346 pert.
1163 3261 1197 3326 in
1209 3260 1427 3345 Frumthorpe
1484 3337 1489 3345 ⁸

318 3361 353 3428 in
368 3384 445 3426 com
462 3362 550 3428 Linc.
565 3384 645 3447 quas
660 3371 752 3426 tenet
767 3361 807 3426 de
822 3361 898 3428 Ada
911 3363 979 3430 filio
994 3363 1131 3428 chrici
1144 3363 1180 3428 in
1194 3363 1359 3450 Dingclby
1369 3385 1428 3448 per

318 3463 491 3530 seruicium
506 3488 556 3530 xx.
573 3465 627 3530 sol.
643 3487 701 3550 per
715 3487 788 3530 ann.
804 3489 862 3552 pro
877 3467 966 3532 omni
981 3465 1117 3532 seruicio
1137 3465 1223 3532 sicut
1243 3466 1330 3530 idem
1352 3466 1428 3531 Ada

318 3569 471 3654 cognouit
493 3591 599 3634 coram
624 3568 812 3636 iustician'is
835 3570 923 3656 apud
945 3569 1273 3636 westmonasterium
1299 3570 1427 3636 desicut

318 3671 502 3735 Willelmus
528 3671 568 3735 de
594 3671 695 3757 Percy
718 3680 901 3737 antecessor
928 3673 1030 3759 ipsius
1060 3673 1191 3739 Ricardi
1219 3673 1426 3740 confirmauit

351 3879 360 3912 ¹
377 3879 492 3928 Brscton
508 3879 528 3928 1.
545 3881 593 3929 312
609 3879 658 3930 has
674 3895 691 3931 a
709 3895 768 3932 csse
789 3881 845 3946 just
895 3881 1002 3932 Neither
1018 3882 1134 3933 Bracton
1150 3897 1200 3932 nor
1218 3881 1263 3932 the
1281 3885 1426 3934 annomtor

319 3948 347 3994 to
369 3943 425 3994 this
447 3945 521 3994 effect
542 3945 595 3994 and
612 3961 671 3996 uses
687 3945 783 3996 almost
801 3947 845 3998 the
895 3947 1014 3998 observes
1037 3947 1096 3997 that
1118 3947 1205 3997 belore
1226 3947 1271 3996 the
1287 3947 1335 4010 gilt
1353 3947 1426 4000 there

319 4009 403 4059 words
419 4009 448 4057 ol
468 4009 522 4058 this
538 4014 607 4069 note,
624 4012 671 4061 bnt
687 4011 730 4060 his
746 4011 845 4060 caseis
894 4011 948 4061 had
970 4012 1033 4062 been
1057 4017 1105 4062 not
1126 4013 1189 4074 only
1208 4012 1273 4062 fides
1296 4012 1358 4062 dats
1377 4013 1426 4063 but

319 4075 386 4124 trem
408 4073 487 4123 Mich.
510 4075 541 4124 A.
559 4075 591 4126 R.
615 4077 711 4126 ll--lt
730 4077 783 4126 and
801 4076 846 4126 the
896 4077 951 4126 also
968 4077 1081 4127 carnalis
1096 4092 1127 4127 co
1145 4078 1198 4135 uls,
1216 4092 1232 4127 a
1248 4077 1376 4140 marriage
1395 4079 1425 4128 in

319 4153 411 4190 names
433 4140 462 4188 of
482 4139 527 4190 the
548 4141 645 4204 parties
667 4155 711 4190 are
731 4146 779 4192 not
800 4141 846 4190 the
897 4143 931 4192 all
953 4141 1096 4193 essentiale.
1127 4093 1186 4192 l'he
1211 4142 1348 4218 judgment
1369 4143 1425 4206 lays

319 4219 409 4254 names
420 4203 491 4254 herc.
897 4211 977 4257 strecs
1000 4222 1016 4258 u
1052 4223 1071 4256 n
1090 4207 1154 4258 this.
1187 4205 1351 4258 Frtrherbert
1368 4209 1425 4260 aleo
1466 4239 1471 4248 ·

352 4269 559 4320 'Cornutum
897 4272 997 4322 notioes
1014 4277 1024 4322 t
1044 4272 1075 4323 is.
1113 4274 1160 4323 Sec
1176 4271 1243 4322 Fitz.
1267 4274 1423 4336 Feffenrents,

351 4333 363 4365 ³
379 4333 434 4383 'l’lre
445 4334 553 4398 chapter
561 4339 644 4386 court.
899 4339 953 4388 117.

352 4399 500 4458 ‘Bractom
524 4402 541 4449 l.
565 4403 604 4458 29.
627 4401 691 4451 citos
708 4400 761 4451 this
779 4417 844 4452 case.
