3276 5234
387 453 449 520 278
688 461 825 524 rssrns,
848 461 912 510 sn.
937 447 1031 524 1229,
1053 460 1116 510 ss
1141 447 1189 510 13.

387 659 479 705 susm
499 633 585 700 unde
605 633 744 721 predicti
766 633 951 698 Willelmus
974 639 1009 697 et
1029 631 1140 718 Agnes
1158 631 1272 696 dicunt
1295 630 1381 717 qnod
1403 627 1491 696 idern

388 739 571 804 Willelmus
600 735 736 802 tradidit
764 734 917 822 predictis
942 733 1014 798 Ade
1045 743 1079 798 et
1109 733 1264 798 Matillidi
1292 733 1335 798 ad
1363 733 1492 798 firmem

388 853 422 908 et
447 866 512 908 non
542 843 578 907 in
599 840 691 906 feodo
721 847 756 905 et
784 839 1030 925 inquisicionem
1060 845 1119 902 etc.
1150 838 1229 902 scire
1259 837 1357 902 facist
1385 835 1493 901 iustic’

387 947 475 1034 opud
495 941 821 1010 westmonasterium
842 950 901 1006 etc
917 963 975 1026 per
993 941 1103 1005 literas
1120 947 1180 1007 etc.
1199 949 1234 1005 et
1253 963 1311 1026 per
1330 940 1411 1005 duos
1432 947 1493 1004 etc.

388 1051 432 1115 Et
461 1048 653 1114 mandatum
683 1053 733 1109 est
759 1043 942 1108 uicecomiti
967 1042 1141 1107 Leicestrie
1165 1041 1251 1129 quod
1276 1042 1319 1107 ad
1340 1042 1428 1107 diem
1458 1050 1495 1106 et

389 1154 495 1217 locum
511 1173 607 1236 quem
623 1147 787 1234 predictus
807 1147 985 1211 uicecomes
1007 1145 1230 1210 Norhamtone
1250 1145 1282 1210 ei
1301 1146 1381 1210 scire
1396 1145 1496 1210 faciet

388 1254 500 1320 uenire
529 1252 627 1317 faciat
656 1251 696 1337 vj.
721 1258 822 1314 testes
848 1249 888 1314 de
914 1248 1071 1313 comitatu
1094 1271 1153 1314 suo
1175 1249 1218 1313 sd
1241 1249 1420 1314 faciendam
1444 1249 1497 1312 in-

389 1357 599 1445 quisicionem
614 1355 704 1419 illam
723 1353 819 1418 simul
840 1375 914 1417 cum
934 1351 1087 1438 predictis
1105 1352 1160 1439 iiij.
1178 1351 1318 1416 testibus
1334 1352 1376 1416 de
1395 1352 1496 1417 comi-

390 1471 463 1528 tatu
479 1459 667 1525 Leicestrie¹
683 1466 718 1523 et
733 1458 829 1523 simul
844 1480 918 1522 cum
933 1456 1087 1542 predictis
1102 1479 1158 1520 sex
1173 1456 1214 1520 de
1229 1455 1383 1520 uiseneto.

455 1562 659 1627 'Willelmus
684 1559 725 1624 de
749 1557 956 1624 Anerenchcs
978 1557 1194 1622 summonitus
1216 1557 1343 1622 suited
1364 1579 1497 1644 respon-

298 1672 324 1702 ²¹¹
391 1665 533 1732 dendum
549 1665 713 1730 Willelmo
733 1663 774 1727 de
789 1663 982 1727 Auberuille
998 1670 1033 1727 et
1050 1661 1142 1727 eliis³
1156 1685 1256 1748 quere
1271 1662 1392 1726 iniuste
1407 1661 1499 1748 cepit

390 1769 502 1836 suerio
523 1767 666 1854 ipsorum
691 1775 726 1831 et
750 1765 871 1830 iniuste
895 1763 1038 1828 detinuit
1060 1771 1119 1829 etc
1140 1763 1227 1829 unde
1249 1764 1435 1829 Willelmus
1456 1763 1498 1827 de

391 1871 583 1936 Auberuille
608 1869 755 1956 queritur
780 1867 866 1954 quod
888 1867 994 1932 dictus
1017 1867 1201 1932 Willelmus
1223 1867 1264 1932 de
1287 1845 1499 1932 Auerenches

229 1979 370 2065 ἕξοῇξῇξξῑ·
391 1975 511 2039 iniuste
533 1972 621 2058 cepit
642 1971 707 2056 viij.
731 1971 831 2035 boues
852 1979 887 2034 et
908 1970 940 2056 ij.
964 1992 1062 2056 equos
1084 1969 1119 2034 in
1145 1978 1232 2034 terro.
1257 1993 1355 2056 quam
1386 1971 1427 2034 de
1459 1993 1499 2034 eo

229 2073 482 2157 ffgffi⁰ussl⁰⁴tcnet
511 2077 547 2141 in
577 2074 703 2140 Ksncie
725 2083 759 2138 et
788 2097 842 2138 eos
863 2073 1000 2139 abduxit
1021 2097 1124 2160 usque
1146 2074 1188 2139 ed
1211 2075 1298 2140 Com
1322 2075 1424 2140 Buclr.
1449 2076 1500 2140 ito

228 2166 360 2251 ttt’ltlttlt
390 2181 476 2268 quod
492 2204 545 2246 eos
560 2181 679 2246 hebere
693 2202 758 2244 non
773 2179 881 2265 potuit
896 2201 955 2242 nec
969 2201 1027 2264 per
1041 2178 1175 2243 uadium
1196 2201 1255 2244 nec
1275 2201 1333 2265 per
1349 2179 1498 2266 plegium

228 2258 557 2370 iiilliiii'mdit-quousque
577 2282 748 2348 deliberati
768 2282 900 2346 fuerunt
922 2304 980 2367 per
1001 2281 1139 2366 speciale
1161 2281 1260 2346 breue
1282 2282 1375 2346 Dom.
1395 2281 1500 2368 Regis

229 2351 378 2488 &iffi
391 2397 425 2454 et
439 2411 498 2474 per
512 2388 702 2452 witherncm
717 2408 775 2472 per
789 2385 875 2471 quod
889 2385 1069 2449 uiceccmes
1087 2407 1163 2449 eum
1182 2385 1225 2449 ad
1246 2385 1306 2450 hoc
1328 2385 1500 2450 dist1inxit

229 2490 256 2529 ¹¹¹
265 2491 336 2538 '⁰⁸⁸³
391 2501 426 2557 et
440 2491 527 2578 quod
541 2491 589 2555 ite
603 2491 689 2576 cepit
704 2489 815 2554 suerio
829 2512 888 2553 sue
903 2497 937 2554 et
952 2511 991 2553 es
1005 2489 1148 2553 detinuit
1163 2497 1223 2554 etc.
1235 2512 1293 2575 per
1308 2513 1405 2576 quem
1421 2513 1498 2576 cap

391 2597 515 2662 cionem
530 2594 742 2659 deterioratos
760 2602 811 2658 est
826 2602 860 2658 et
875 2593 1052 2679 dampnum
1067 2593 1167 2657 habet
1182 2593 1223 2658 ad
1238 2595 1419 2659 ualenciem
1436 2605 1498 2661 etc

390 2708 425 2786 et
442 2699 518 2764 inde
540 2698 689 2786 producit
710 2705 833 2763 sectam
854 2706 914 2763 etc.
931 2707 965 2762 et
986 2697 1074 2762 unde
1089 2697 1273 2762 Willelmus
1295 2697 1335 2762 de
1359 2697 1497 2786 Cering-

391 2811 469 2869 tono
482 2803 629 2890 queritur
644 2802 730 2888 quod
745 2803 858 2867 eodem
873 2802 967 2866 modo
982 2803 1070 2888 cepit
1090 2803 1131 2866 sb
1150 2825 1187 2866 eo
1203 2802 1267 2887 viij.
1283 2801 1394 2866 eueria
1408 2803 1499 2868 unde

390 2907 569 2994 dampnum
598 2906 698 2971 hebet
727 2914 788 2972 etc.
812 2913 846 2970 et
867 2907 976 2992 plures
997 2906 1054 2970 elii
1076 2905 1189 2970 eodem
1211 2905 1306 2970 modo
1328 2914 1363 2970 et
1385 2929 1501 2970 omnes

390 3010 573 3096 producunt
587 3017 647 3075 etc.

456 3113 500 3176 Et
514 3111 697 3176 Willelmus
712 3109 753 3175 de
768 3111 975 3177 Auerenches
989 3133 1048 3197 per
1066 3118 1268 3176 attornotum
1289 3133 1385 3176 suum
1402 3111 1501 3176 uenit

390 3226 424 3282 et
459 3215 606 3282 defendit
641 3215 796 3279 iniustam
832 3215 1018 3301 cdpcionem
1055 3223 1090 3279 et
1126 3213 1350 3280 detencionem
1385 3225 1502 3281 contre

389 3321 524 3387 uadium
547 3329 581 3385 et
605 3319 750 3406 plegium
774 3327 808 3384 et
834 3327 941 3384 totum
967 3329 1002 3384 et
1026 3319 1256 3385 abductionem
1281 3327 1374 3384 extra
1398 3320 1501 3384 comi-

389 3433 498 3490 tatum
520 3431 555 3488 et
576 3422 860 3487 deterioracionem
883 3430 918 3486 et
941 3405 1064 3488 totum*
1080 3431 1115 3486 ct
1143 3445 1259 3486 uerum
1287 3423 1362 3487 uult
1390 3421 1501 3488 dicere

389 3527 476 3615 quod
505 3549 616 3591 omnes
645 3525 822 3611 supradicti
851 3533 965 3590 tenent
994 3526 1035 3591 de
1065 3531 1103 3592 ed
1134 3533 1168 3589 et
1198 3525 1292 3591 Dom.
1321 3527 1392 3590 Rex
1421 3549 1500 3590 con-

389 3631 485 3698 cessit
512 3631 543 3695 ei
569 3629 752 3717 scutagium
778 3653 873 3695 suum
902 3629 943 3696 de
965 3632 1066 3697 feodis
1095 3630 1173 3708 suis
1196 3630 1318 3695 scilicet
1347 3630 1388 3695 de
1416 3653 1500 3716 quo·

389 3737 471 3802 libet
500 3735 593 3800 feodo
628 3735 742 3800 militis
778 3735 810 3822 ij.
841 3758 936 3802 merc.
966 3745 1001 3801 et
1036 3737 1112 3802 inde
1149 3735 1241 3816 misit
1270 3735 1370 3800 breue
1398 3757 1500 3801 suum

390 3838 574 3904 uicecomiti
597 3837 721 3902 Kancie
742 3845 776 3902 et
795 3838 973 3904 uicecomes
987 3839 1153 3906 distrinxit
1171 3833 1228 3907 eos
1248 3839 1369 3904 scilicet
1384 3861 1501 3925 quem-

391 3941 471 4006 libet
491 3939 668 4005 secundum
683 3940 901 4026 quantitatem
922 3949 1181 4007 tenementorum
1195 3948 1337 4026 lpuorum
1359 3939 1400 4005 ed
1414 3941 1501 4005 illud

390 4043 574 4130 scutagium
606 4043 805 4108 reddendum
840 4053 875 4110 et
909 4045 991 4111 bene
1026 4047 1171 4112 defendit
1206 4043 1296 4134 ‹Juod
1329 4067 1500 4130 nunquam

390 4147 500 4212 uetuit
529 4147 640 4212 tueris
661 4147 803 4233 ipsorum
827 4157 938 4215 contra
963 4149 1096 4214 uedium
1120 4159 1155 4216 et
1178 4131 1327 4261 plegium
1353 4156 1387 4212 et
1410 4149 1500 4234 quod

391 4274 557 4338 nunquam
581 4273 621 4316 eo
644 4253 772 4338 fugauit
794 4262 886 4319 extre
908 4255 1098 4320 comitatum
1125 4263 1159 4320 et
1183 4255 1243 4321 hoc
1268 4251 1363 4316 offert
1387 4251 1500 4318 desen-

488 4417 497 4451 ¹
515 4418 586 4468 Corr.
598 4420 774 4470 Norhamtone.
1031 4421 1042 4455 ³
1058 4421 1138 4485 night
1150 4421 1223 4472 other
1235 4363 1373 4485 plaintills.

488 4483 499 4515 ⁹
514 4485 545 4533 Β.
558 4499 594 4536 m.
609 4486 656 4548 11;
673 4485 702 4534 (l.
714 4501 749 4534 m.
762 4486 801 4535 14.
1257 4505 1259 4513 ’
