3314 5238
369 413 431 475 402
672 423 900 485 1111111111.
924 410 1018 486 1231,
1041 425 1103 474 111,
1129 413 1178 474 15.

368 597 497 664 uincere
512 595 673 684 predictos
687 597 742 682 xij.
751 595 792 662 de
803 595 952 683 periurio,
988 595 1032 662 Et
1043 595 1192 682 requisiti
1207 605 1319 662 utrum
1333 594 1488 683 predicte

368 703 537 769 libertates
565 704 752 790 pertineant
780 701 823 767 ad
852 700 1037 788 predictum
1066 700 1273 766 hundredum
1302 700 1344 766 de
1369 701 1490 786 aliqua

369 807 570 872 concessione
590 828 689 892 quam
709 805 803 871 Dom„
819 805 890 870 Rex
906 803 983 869 16611
998 803 1105 869 eidem
1121 804 1244 870 Thome
1259 813 1437 891 postquam
1453 802 1488 868 ei

369 907 460 974 dedit
482 909 662 974 manerium
685 907 767 973 illud
786 907 841 974 nel
856 907 884 972 si
901 906 1105 993 pertinerent
1126 905 1169 971 ad
1189 907 1373 992 predictum
1397 906 1489 970 hun-

368 1009 503 1078 dredum
524 1011 603 1076 dum
623 1009 806 1098 predictum
826 1008 1007 1074 manerium
1023 1007 1087 1072 fuit
1101 1007 1137 1072 in
1151 1031 1252 1073 manu
1267 1009 1360 1076 Dom.
1376 1008 1486 1095 Regis

368 1112 482 1178 dicunt
496 1113 584 1200 quod
598 1113 727 1200 quando
742 1111 922 1177 manerium
938 1111 1002 1176 suit
1016 1111 1051 1176 in
1066 1134 1166 1176 manu
1181 1113 1274 1178 Dom.
1287 1113 1389 1201 Regis
1399 1121 1484 1178 ante

368 1217 489 1282 donum
504 1218 590 1305 quod
604 1218 681 1284 inde
692 1217 771 1284 fecit
780 1216 897 1282 habuit
912 1215 1093 1280 manerium
1108 1216 1191 1282 illud
1205 1217 1366 1302 predictas
1382 1217 1486 1282 liber·

367 1327 454 1386 tates
468 1328 503 1386 et
517 1320 620 1386 eciem
635 1328 780 1406 tempore
795 1341 860 1406 quo
880 1326 967 1383 terra
986 1317 1044 1382 illa
1063 1318 1128 1383 luit
1147 1318 1183 1382 in
1205 1341 1304 1384 manu
1327 1319 1486 1406 Hugonis

367 1422 408 1488 de
432 1422 626 1510 Plugeneye,
652 1431 687 1488 et
712 1421 825 1488 dicunt
851 1420 937 1508 quod
959 1429 1033 1506 post
1059 1420 1294 1486 conseocionem
1320 1430 1410 1486 carte
1438 1421 1484 1486 de

367 1526 577 1592 Runemede¹
597 1533 760 1592 uenerunt
781 1525 990 1590 uicecomites
1010 1523 1061 1589 bis
1080 1523 1116 1588 in
1134 1547 1219 1590 enno
1235 1525 1277 1590 ad
1292 1523 1485 1590 faciendum

366 1629 475 1695 uisum
490 1629 530 1694 de
546 1629 673 1696 franco'
687 1637 722 1694 et
736 1627 1009 1694 athacbiamcnta
1054 1627 1217 1714 Requisiti
1235 1628 1275 1693 de
1290 1628 1347 1715 iiij.
1363 1628 1484 1693 militi-

366 1731 428 1797 bus
442 1731 483 1797 de
498 1731 615 1818 quibus
629 1732 795 1818 predictus
806 1729 963 1796 Ricardus
974 1729 1060 1816 petit
1071 1729 1157 1816 quod
1172 1729 1293 1794 faciant
1307 1731 1482 1796 recordum

366 1837 401 1902 in
415 1837 573 1903 comitatu
588 1860 646 1923 pro
661 1844 733 1902 tota
746 1836 864 1900 uilleta
882 1835 936 1900 uel
957 1857 1064 1901 coram
1086 1834 1276 1900 uiceoomitc
1299 1835 1342 1900 ed
1363 1846 1483 1900 turnos

365 1939 457 2006 illos¹
474 1941 588 2006 dicunt
608 1941 695 2027 quod
716 1940 817 2006 nichil
839 1939 915 2006 inde
939 1939 1138 2004 audiuerant
1159 1938 1223 2004 nisi
1244 1947 1391 2026 tempore
1413 1962 1482 2026 quo

364 2045 506 2111 Thomas
521 2047 635 2111 Basset
650 2046 714 2110 fnit
728 2046 916 2111 uioecomes.

245 2169 317 2232 514,
431 2150 573 2230 Quidam
593 2151 689 2216 homo
704 2151 860 2216 inuentus
875 2149 939 2214 fuit
953 2148 1077 2214 occisus
1091 2147 1126 2212 in
1141 2170 1226 2234 aqua
1240 2171 1338 2236 prope
1355 2149 1479 2214 Steun-

217 2269 340 2318 Norhmnt
365 2252 501 2318 fordiam
524 2261 557 2318 et
579 2252 711 2340 quidam
733 2251 886 2318 dicebant
910 2251 997 2339 quod
1020 2252 1076 2316 ille
1100 2251 1164 2316 fuit
1187 2252 1367 2318 Rollandus
1389 2253 1478 2318 filius

244 2331 313 2372 m
367 2355 508 2421 Simonis
533 2355 574 2421 de
601 2355 753 2420 Linduna
778 2365 812 2420 et
836 2377 933 2442 super
955 2356 1017 2420 hoc
1042 2362 1204 2422 uenerunt
1226 2354 1413 2419 Willelmus
1436 2352 1477 2419 de

366 2458 514 2546 Raleghe
527 2465 563 2523 61
577 2457 627 2525 W.
643 2457 684 2522 de
699 2456 827 2524 Insula‘
842 2467 877 2524 et
892 2459 969 2545 quia
983 2459 1108 2524 dictum
1127 2459 1191 2524 fuit
1206 2458 1293 2545 quod
1307 2458 1397 2522 idem
1414 2458 1478 2523 fuit

366 2560 544 2625 Rollandus
565 2583 586 2626 a
611 2560 804 2647 quibusdam
830 2569 865 2626 61
890 2583 911 2626 a
936 2561 1132 2647 quibusdam
1157 2584 1223 2626 non
1248 2561 1410 2626 miserunt
1428 2553 1477 2626 'ad

366 2661 472 2726 locum
487 2662 545 2726 ubi
564 2662 633 2749 ipse
656 2663 803 2748 sepultus
825 2663 889 2728 fuit
911 2663 1087 2728 Ricardum
1109 2661 1150 2727 de
1173 2663 1323 2728 Bernake
1345 2685 1477 2728 corone-

366 2773 469 2831 torem
495 2775 530 2832 et
555 2767 664 2853 plures
693 2768 773 2832 alios
801 2775 836 2834 61
865 2790 940 2832 oum
970 2767 1093 2832 eisdem
1123 2775 1227 2832 totam
1256 2767 1407 2831 uillatem
1437 2767 1478 2834 de

366 2872 492 2938 Estuna
515 2880 549 2938 et
572 2873 681 2960 plures
705 2875 785 2940 alias
803 2875 942 2940 'uillatas
968 2875 1033 2940 scil.
1060 2874 1214 2961 quicquid
1241 2883 1291 2940 est
1316 2874 1357 2940 de
1383 2875 1478 2940 feodo

365 2977 505 3042 Abbatis
519 2976 560 3042 de
581 2977 709 3064 Burgo⁵
724 3001 764 3042 ex
778 2986 871 3064 parte
886 2978 1021 3044 australi
1039 2978 1118 3043 uille
1132 2978 1173 3042 de
1190 2977 1407 3042 Fstaunford⁸
1422 2979 1479 3064 qui

365 3103 479 3166 corpus
508 3080 590 3146 illud
618 3081 766 3146 fecerunt
791 3081 962 3167 desepeliri
990 3089 1024 3146 et
1048 3080 1105 3167 qui
1129 3103 1240 3146 omnes
1265 3080 1363 3145 simul
1392 3080 1478 3146 bene

364 3183 479 3250 dicunt
502 3185 589 3271 quod
614 3185 684 3271 ipse
714 3194 764 3251 est
793 3185 972 3250 Rollandus
998 3194 1033 3250 et
1059 3185 1119 3250 hoc
1145 3185 1261 3250 uident
1287 3207 1346 3270 per
1371 3185 1479 3250 multa

364 3287 466 3374 signa,
485 3288 549 3354 soil.
571 3311 629 3375 per
650 3289 813 3376 quandem
836 3311 988 3354 uerucam
1011 3290 1046 3354 in
1070 3289 1151 3354 facie
1178 3299 1213 3355 et
1231 3311 1291 3376 per
1313 3290 1478 3376 quandam

364 3393 494 3481 plegem
516 3415 615 3480 prope
637 3415 753 3458 nasum
775 3401 809 3459 et
831 3417 890 3480 per
910 3394 1010 3480 pedes
1032 3401 1067 3460 61
1087 3394 1186 3459 tibias
1206 3401 1240 3459 et
1260 3416 1319 3480 per
1332 3393 1478 3458 barbam.

365 3496 409 3560 Et
423 3519 522 3582 super
535 3495 596 3561 boc
615 3495 709 3561 uenit
731 3497 872 3582 quedam
895 3497 1013 3562 Emma
1032 3519 1095 3583 que
1111 3497 1176 3561 fuit
1191 3496 1296 3562 amica
1310 3519 1370 3561 sua
1384 3506 1421 3562 61
1436 3498 1478 3564 (16

203 3636 348 3675 omnmo
365 3621 430 3687 qua
443 3600 531 3666 idem
553 3600 731 3666 Rollandus
751 3600 868 3666 habuit
883 3623 1022 3686 puerum
1037 3609 1072 3665 et
1087 3600 1168 3665 dicit
1182 3600 1218 3665 in
1232 3601 1374 3666 ueritate
1389 3603 1478 3688 quod

201 3683 353 3825 iffi?
365 3704 433 3790 ipse
459 3713 510 3769 est
535 3703 723 3782 Rollandus,
745 3711 780 3768 61
805 3704 908 3769 eciam
931 3703 1070 3790 quedam
1093 3703 1194 3768 Alina
1216 3726 1278 3790 que
1302 3703 1367 3768 fuit
1389 3727 1479 3770 soror

241 3839 314 3890 [rsa]
364 3809 467 3895 1psius
495 3807 647 3873 Rollandi
672 3829 713 3872 ex
738 3815 831 3892 parte
857 3807 959 3894 petris
984 3806 1067 3872 illud
1092 3806 1179 3872 idem
1200 3805 1206 3894 Ι
1224 3807 1313 3874 dicit.
1358 3808 1477 3874 Postea

201 3903 352 3988 testu?
398 3933 748 3995 1n1100nm0r011s1r‚
773 3937 824 3982 m.
850 3935 891 3992 42,
943 3931 1475 3985 aiwsrd’sonimthnthismmorhoulo

202 3961 726 4081 11111110111161116111611116161111,
745 3997 839 4048 should
860 3998 893 4049 bs
942 3997 974 4048 be
1002 3998 1158 4061 sufficiently
1184 3999 1347 4074 mpreseptad
1374 3999 1403 4048 in
1431 4000 1477 4050 the

202 4053 319 4130 lfflffup
365 4063 426 4113 hold
448 4079 482 4113 no
504 4078 575 4113 more
596 4063 662 4114 than
684 4068 756 4113 turos
779 4078 795 4114 a
821 4078 891 4126 year.
942 4067 1039 4127 oonnty
1055 4067 1129 4113 oonrt
1145 4062 1200 4113 and
1221 4063 1331 4113 shenll’s
1353 4067 1433 4115 tourn
1454 4065 1478 4115 ir

366 4129 448 4178 There
464 4143 517 4178 was
533 4143 568 4178 no
585 4129 684 4178 similar
700 4129 787 4178 clause
803 4128 831 4177 in
847 4128 892 4178 the
942 4129 1002 4178 16111
1012 4127 1118 4190 knights
1129 4127 1265 4190 appeared.

365 4194 521 4244 chartersos
536 4195 599 4244 1115
611 4193 748 4244 11111116.
782 4193 817 4243 So
835 4208 890 4256 per-
974 4192 1408 4257 ⁴ProbablyusJustioosineyro.

365 4259 432 4321 hops
449 4258 493 4309 the
509 4259 595 4322 jurors
610 4259 718 4310 makes
735 4258 815 4322 slight
829 4258 890 4308 mis·
973 4257 1200 4320 ‘Pcterborougn

364 4325 433 4374 take.
973 4323 1103 4373 ‘Ecaten
1124 4323 1172 4374 lies
1199 4338 1215 4373 a
1243 4322 1312 4374 little
1339 4324 1421 4374 south
1448 4325 1477 4376 61

396 4391 407 4421 ¹
424 4388 621 4452 Supplyplcpto.
942 4387 1081 4439 sumsero

396 4452 890 4518 ⁸ApparentlyitrrrsrspnrtolItichurd
