3360 5236
529 416 753 478 1119111119.
779 403 872 478 1232,
894 418 958 468 111.
982 406 1031 469 16.
1267 406 1329 468 525

224 586 409 651 iustician'is
438 586 479 650 de
506 587 616 664 banco,
642 594 677 650 et
702 586 749 651 ibi
775 609 834 672 per
859 587 1015 654 iudicium
1042 591 1173 654 recessit
1200 591 1331 676 quietus

224 713 298 754 cum
327 691 447 756 saisina
471 713 530 754 sua
559 691 637 776 quia
665 691 712 754 ibi
742 713 848 756 coram
878 692 1064 758 iusticiariis
1093 696 1231 780 protulit
1260 696 1330 782 ipse

226 794 317 858 Eudo
340 802 462 858 cartam
478 793 636 858 Willelmi
657 793 761 878 petris
782 793 885 878 ipsius
907 795 1038 860 Ricardi
1060 797 1101 860 de
1124 797 1331 877 feoffamento

224 897 263 960 de
279 897 393 961 eadem
409 905 495 960 tena
510 905 544 961 et
559 896 606 960 ibi
625 897 771 962 defendit
793 898 862 983 ipse
885 900 1042 965 Ricardus
1065 910 1187 966 cartam
1209 903 1330 970 donum

223 1011 257 1066 et
273 1009 381 1065 totum
396 1001 445 1064 ita
459 1001 545 1086 quod
560 1009 628 1065 tam
645 1001 713 1087 ipse
730 1025 826 1087 quam
848 1004 1013 1088 predictus
1035 1005 1194 1070 Ricardus
1215 1029 1330 1091 posue-

223 1114 300 1168 runt
314 1128 349 1169 se
364 1127 462 1190 super
476 1104 615 1190 patriam
631 1113 665 1169 et
686 1113 786 1170 testes
807 1107 989 1172 nominatos
1011 1109 1046 1172 in
1068 1118 1158 1173 99119
1179 1119 1214 1174 91
1236 1121 1332 1196 capta

223 1208 285 1272 11111
300 1208 409 1272 iurata
424 1216 458 1272 et
473 1207 534 1272 ibi¹
549 1230 609 1292 per
628 1231 725 1293 quam
741 1209 950 1274 conuinctum
972 1212 1035 1276 fuit
1058 1213 1144 1298 quod
1166 1215 1331 1299 predictus

224 1311 381 1376 Ricardus
396 1312 496 1376 nichil
511 1312 649 1376 clamare
664 1312 773 1396 potuit
788 1312 823 1376 in
838 1312 1006 1379 dominico

288 1416 333 1480 Et
348 1415 506 1480 Ricardus
525 1417 688 1502 cognoscit
711 1425 832 1480 cartem
855 1425 890 1480 et
912 1418 1156 1484 feoffementum
1179 1429 1228 1485 set
1251 1421 1331 1486 dicit

224 1520 310 1605 quod
329 1529 506 1606 antequam
527 1521 798 1586 99119111919919
820 1531 905 1587 esset
927 1524 1004 1588 fecit
1026 1526 1190 1610 predictus
1206 1527 1331 1592 Willel-

225 1647 296 1688 mus
312 1634 406 1710 pater
420 1648 498 1689 suus
513 1625 641 1710 quando
657 1626 798 1690 traditus
813 1626 876 1690 fuit
891 1627 1050 1692 Nicholeo
1065 1628 1104 1693 de
1121 1629 1332 1717 Wylingtona

224 1736 258 1790 91
273 1728 462 1792 commissus
477 1729 561 1791 sicut
576 1727 611 1791 in
626 1728 792 1792 custodis²
808 1738 842 1792 et
857 1729 986 1814 quando
1001 1729 1096 1794 duxit
1112 1731 1212 1795 filiam
1228 1732 1330 1818 ipsius

226 1831 378 1895 Nicholai
392 1831 427 1895 in
443 1854 575 1896 uxorem
592 1831 764 1917 quamdam
780 1841 903 1897 certem
919 1833 1005 1918 quod
1016 1834 1116 1898 nichil
1132 1835 1207 1899 dere
1223 1837 1331 1922 potuit

226 1935 279 1999 uel
293 1935 435 2000 alienare
449 1934 491 1998 de
507 1941 593 1998 terra
616 1957 675 1998 9119
696 1943 828 2021 propter
849 1935 936 2020 quod
957 1936 1044 2000 idem
1067 1937 1224 2002 Ricardus
1247 1948 1332 2004 esset

225 2037 395 2124 elongatus
421 2045 494 2122 post
520 2037 607 2100 diem
632 2035 755 2102 suum'.
800 2037 846 2100 Et
870 2037 1048 2102 Nieholeus
1072 2061 1202 2124 presens
1224 2049 1274 2104 est
1297 2049 1332 2106 et

225 2141 387 2228 cognoscit
410 2141 495 2227 quod
518 2141 604 2206 idem
620 2141 804 2206 Willelmus
826 2141 962 2205 tradidit
984 2142 1016 2206 ei
1035 2142 1125 2206 illam
1148 2151 1267 2208 terram
1290 2144 1332 2212 ad

225 2244 350 2308 firmam
367 2244 409 2308 ad
425 2244 601 2308 terminum
617 2267 646 2310 11.
661 2267 827 2310 annorum.
1171 2287 1172 2290 =

290 2349 335 2412 Et
358 2349 451 2412 Eudo
473 2347 553 2414 dicit
575 2348 661 2434 quod
684 2349 833 2414 leoffetus
857 2349 920 2412 fuit
944 2350 1121 2416 secundum
1148 2353 1233 2438 quod
1260 2377 1330 2440 pre-

225 2452 349 2518 dictum
372 2461 423 2518 est
445 2461 479 2516 et
501 2453 584 2517 hene
607 2452 686 2517 dicit
709 2452 795 2537 quod
817 2453 982 2538 predictus
1000 2454 1183 2522 Willelmus
1205 2479 1333 2544 semper

225 2555 337 2620 11111111
352 2555 584 2620 seisinadonec
605 2577 680 2618 eum
703 2555 848 2619 feoffeuit
870 2563 904 2619 et
927 2556 1013 2641 quod
1035 2579 1202 2644 nunquam
1227 2561 1331 2626 exiuit

225 2660 265 2725 de
281 2661 399 2725 seisina
413 2669 447 2725 et
462 2660 502 2724 (19
517 2668 606 2724 carta
621 2669 655 2724 et
670 2660 857 2746 cirographo
877 2661 977 2724 nichil
998 2663 1066 2740 scit,
1083 2671 1117 2727 et
1139 2664 1224 2749 petit
1246 2665 1330 2732 iudi·

186 2845 188 2850 ,
225 2765 311 2830 oium
327 2766 355 2830 si
369 2766 488 2832 debeat
502 2765 533 2830 ei
547 2765 739 2850 respondere
754 2765 880 2829 desicut
895 2765 981 2854 idem
998 2767 1182 2832 Willelmus
1204 2791 1331 2854 semper

225 2867 289 2932 fuit
303 2871 338 2932 in
352 2868 472 2933 seisina
486 2876 520 2932 et
534 2867 660 2933 desicut
675 2867 782 2952 ipsum
805 2867 950 2932 seoffauit
965 2868 1006 2932 de
1022 2877 1185 2954 terraque
1200 2871 1263 2934 fuit
1278 2872 1330 2936 ius

224 2993 328 3035 suum
389 2971 432 3036 Et
462 2971 539 3058 quia
567 2970 732 3057 predictus
762 2971 919 3036 Ricardus
948 2995 1013 3036 non
1042 2980 1150 3056 potest
1182 2972 1329 3038 dedicere

224 3074 382 3160 placitum
407 3081 441 3138 et
464 3073 543 3158 quin
567 3073 724 3158 placitum
751 3073 833 3138 illud
857 3074 1068 3139 terminatum
1091 3083 1175 3139 esset
1198 3083 1265 3140 tam
1288 3076 1329 3142 de

224 3177 371 3263 ingressu
394 3199 491 3262 quem
514 3177 554 3241 de
576 3177 647 3240 11119
669 3184 703 3240 91
726 3176 815 3240 911119
834 3177 1020 3241 recordatur
1034 3177 1124 3254 illud,
1141 3179 1329 3244 Considera·

226 3290 298 3344 tum
322 3287 373 3344 est
398 3278 485 3365 quod
516 3279 609 3343 Eudo
635 3287 747 3342 teneat
773 3279 807 3342 in
833 3302 912 3365 paee
938 3280 1116 3345 secundum
1142 3291 1329 3367 proportum

225 3391 312 3448 carte
341 3405 399 3447 sue
428 3383 472 3447 de·
499 3383 705 3448 feoffamento
735 3391 769 3447 et
799 3383 957 3448 Ricardus
986 3383 1020 3448 in
1049 3384 1267 3450 misericordie
1295 3394 1329 3452 et

226 3487 391 3574 perquirat
406 3486 469 3550 sibi
483 3486 523 3550 de
539 3486 755 3552 conuencione
770 3485 798 3550 si
813 3485 953 3550 uoluerit
962 3485 980 3550 ⁴.

170 3640 177 3655 .
290 3592 474 3656 Willelmus
496 3592 536 3657 de
558 3592 651 3656 Bello
674 3591 797 3676 Campo
819 3591 1035 3656 summonitus
1056 3592 1120 3656 fuit
1140 3593 1182 3658 ad
1198 3616 1327 3680 respon·
1389 3617 1419 3646 ¹²¹²

226 3695 368 3760 dendum
390 3694 534 3759 Johanni
555 3694 596 3758 de
619 3695 728 3780 Burgo
748 3703 783 3758 et
803 3694 946 3758 Hewisie
961 3695 1053 3759 uxori
1069 3696 1138 3760 eius
1153 3696 1193 3761 de
1208 3697 1328 3783 placito

227 3797 312 3884 quod
326 3797 440 3862 reddat
456 3797 502 3861 eis
521 3796 701 3861 custodiam
723 3796 910 3861 medietatis
931 3797 1009 3861 uille
1032 3799 1232 3863 Hemertone
1254 3822 1328 3864 cum

225 3910 305 3987 pert
322 3923 385 3987 que
408 3901 449 3966 ed
471 3901 556 3987 ipsos
578 3901 762 3966 «iohannem
786 3910 820 3966 et
841 3902 1018 3966 Hawisiam
1033 3903 1175 3988 pertinet
1191 3927 1228 3968 eo
1243 3905 1329 3990 quod

226 4005 391 4070 ‹Johannes
417 4005 457 4070 de
481 3997 573 4070 Bello
600 4005 724 4092 Campo
753 4005 839 4070 filius
867 4005 969 4091 ipsius
995 4005 1150 4070 Willelmi
1174 4015 1208 4070 et
1236 4007 1329 4072 heres

258 4175 268 4207 ¹
286 4176 343 4224 Om.
356 4177 437 4224 91111.
802 4175 921 4226 9119111111
934 4174 1090 4241 (Williem's)
1104 4173 1190 4226 death.

172 4282 173 4285 ,
259 4240 270 4272 ²
287 4240 401 4302 Perhaps
408 4254 442 4288 911
450 4239 615 4290 eventinthe
623 4239 682 4290 civil
690 4255 750 4291 war.
834 4241 845 4273 ⁴
860 4240 911 4290 His
928 4241 1023 4299 aetion,
1040 4241 1061 4288 il
1079 4255 1140 4302 any,
1157 4244 1228 4290 must
1245 4239 1275 4290 be
1292 4255 1327 4292 on

259 4304 327 4353 ⁸He
348 4304 497 4354 eontraoted
524 4309 552 4354 to
580 4305 613 4356 do
640 4305 751 4368 nothing
800 4305 845 4355 the
857 4309 993 4356 9919119111.
1027 4304 1232 4355 Athesthehss
1249 4306 1326 4357 bute

227 4369 342 4432 whereby
357 4369 399 4418 his
416 4385 464 4419 son
481 4369 594 4420 Riehsrd
614 4371 699 4432 might
720 4371 751 4420 be
800 4371 962 4425 oontrsctual
973 4369 1051 4432 right.

228 4434 401 4494 disinherited,
421 4435 522 4484 eloined
538 4437 604 4484 from
621 4435 747 4497 1119111911,
