3314 5238
475 471 614 541 nrsrnn,
635 477 700 527 nn.
725 465 819 542 1231,
840 478 904 528 nn.
929 465 977 528 15.
1210 460 1274 524 405

179 670 270 734 quam
293 647 360 734 ipse
385 649 551 715 Henricus
573 648 615 714 sd
636 649 911 735 presentacionem
933 648 1035 734 ipsius
1059 638 1201 714 Hnwisie
1227 649 1275 715 ite

177 751 239 816 fuit
257 751 415 817 admissus
436 751 530 817 dedit
550 752 622 838 ipsc
642 751 889 817 nduccacionem
911 751 998 818 illius
1017 751 1150 818 ecclesie
1165 752 1225 818 deo
1240 761 1275 818 et

177 855 301 921 ecclesie
316 855 356 921 de
378 856 505 943 Cuwylr
525 864 559 920 et
578 855 743 921 monachis
764 864 823 921 etc.
839 877 898 942 per
918 863 1041 920 certem
1062 878 1155 921 susm
1176 880 1274 943 quam

175 959 291 1044 profert
304 968 338 1024 et
353 983 418 1046 que
439 968 580 1026 testatur
601 958 688 1046 quod
709 958 822 1024 eedem
844 959 989 1024 Hewisic
1009 959 1110 1024 dedit
1122 960 1275 1047 predictis

175 1061 334 1127 monachis
356 1063 538 1148 predictam
560 1062 726 1128 ecclesiam
748 1061 783 1126 in
804 1082 919 1147 puram
946 1069 1015 1140 etc,
1037 1071 1072 1128 et
1093 1064 1180 1129 unde
1205 1063 1275 1150 ipse

174 1166 257 1252 petit
271 1166 423 1231 seisincm
443 1165 579 1232 eandem
598 1188 697 1253 quam
712 1166 783 1252 ipse
798 1164 943 1230 Hewisie
956 1165 1091 1232 haberet
1105 1167 1133 1232 si
1146 1168 1276 1234 uiueret

174 1292 247 1334 cum
261 1270 379 1335 habeat
394 1271 482 1336 idern
497 1270 554 1334 ius

237 1373 280 1437 Et
300 1373 468 1438 Jchcnues
489 1395 547 1459 per
569 1380 770 1438 attornatum
793 1395 889 1437 suum
914 1373 1008 1438 uenit
1030 1381 1065 1439 et
1088 1373 1169 1439 dicit
1190 1375 1277 1461 quod

174 1473 332 1540 Robertus
354 1475 395 1540 de
419 1476 586 1562 Orrrteney
601 1475 763 1562 quondam
786 1475 935 1541 dominus
956 1475 1042 1540 feodi
1062 1476 1151 1542 illius
1170 1477 1277 1563 etqui

174 1579 271 1644 dedit·
284 1580 467 1645 manerium
489 1580 529 1646 de
551 1580 738 1646 Alfinctona
757 1580 793 1644 in
815 1579 1023 1666 maritagium
1042 1603 1117 1646 cum
1137 1581 1206 1646 filis
1219 1605 1279 1648 sua

173 1683 235 1768 ipsi
256 1685 400 1750 Johsnni
423 1707 497 1750 cum
521 1693 601 1771 pert.
623 1683 825 1771 presentauit
845 1685 1007 1770 quendam
1028 1686 1212 1752 Johennem
1235 1685 1277 1752 de

175 1789 338 1874 Cnrtenay
354 1788 411 1873 qui
427 1787 542 1852 ultimo
557 1787 621 1852 fuit
635 1787 794 1852 odmissus
808 1809 944 1874 persone
957 1787 1000 1852 cd
1019 1788 1155 1854 eandem
1177 1789 1277 1854 eccle-

174 1890 253 1954 siam
267 1897 301 1955 et
321 1891 380 1976 qui
400 1913 472 1955 eom
491 1912 596 1976 nuper
616 1889 802 1977 resigneuit.
848 1889 892 1954 Et
913 1893 1096 1956 ettornetus
1117 1891 1277 1958 Johannis

173 1993 347 2079 requisitus
368 1993 397 2058 si
418 1993 542 2079 aliquid
566 1993 685 2058 habeat
709 1993 749 2059 de
771 1993 832 2058 hoc
855 1993 908 2058 uel
929 1993 969 2059 de
990 1993 1147 2081 Episcopo
1166 1995 1276 2062 uelde

174 2097 407 2162 Archidiacono
429 2097 509 2163 dicit
528 2098 614 2184 quod
632 2120 705 2162 non.
753 2098 796 2162 Et
810 2119 908 2184 super
922 2097 982 2164 hoc
996 2099 1085 2164 misit
1101 2099 1277 2186 Episcopus

174 2197 224 2261 W.
251 2197 463 2262 Exoniensis¹
485 2197 669 2263 iusticieriis
695 2197 805 2263 literas
827 2219 902 2263 suas
923 2206 1074 2284 petentes
1098 2199 1133 2263 in
1159 2199 1277 2285 quibus

174 2302 360 2366 continetur
374 2300 461 2386 quod
476 2309 549 2387 post
564 2301 730 2366 decessum
742 2301 876 2366 Heniici
887 2301 928 2366 de
940 2301 1105 2388 Curtensy
1115 2301 1278 2388 quondam

174 2427 306 2491 persone
342 2404 487 2492 predicte
521 2405 654 2471 ecclesie
688 2405 797 2470 nullus
826 2405 869 2471 ed
896 2413 1104 2491 personatum
1134 2405 1279 2470 eiusdem

175 2509 304 2576 ecclesie
329 2519 444 2596 posteo
468 2509 533 2575 fuit
558 2509 601 2574 cd
622 2505 898 2596 presentecionem
920 2509 1058 2596 predicti
1080 2509 1216 2575 Roberti
1238 2511 1280 2576 de

176 2613 341 2700 Curtenay
364 2613 434 2679 siue
456 2614 590 2679 alterius
612 2613 786 2679 cuiuslibet
811 2613 846 2678 in
871 2621 1028 2679 rectorem
1055 2614 1222 2694 admissus,
1245 2624 1280 2681 et

175 2719 259 2784 unde
274 2718 357 2783 dicit
375 2718 462 2805 quod
481 2719 551 2805 ipse
573 2727 647 2806 post
668 2727 846 2784 semenstre
868 2727 999 2806 tempus
1019 2721 1159 2787 contulit
1180 2722 1281 2788 eccle·

175 2820 253 2884 siam
268 2821 361 2885 illem
376 2821 505 2886 cuidam
519 2821 641 2886 clerico.
1059 2856 1064 2866 ·

236 2924 283 2988 Et
297 2923 376 3010 quia
389 2923 559 2990 iusticiarii
573 2924 782 2990 recordentur
796 2925 883 3011 quod
898 2925 978 2992 alins
992 2926 1149 3012 placitum
1161 2925 1224 2991 fuit
1239 2926 1279 2992 de

175 3027 288 3092 eedem
303 3027 517 3093 aduocacione
532 3028 619 3093 inter
632 3029 792 3114 predictos
807 3032 829 3096 J
830 3030 990 3096 ohannem
1002 3039 1037 3096 et
1051 3031 1230 3096 Robertum
1246 3040 1281 3096 et

176 3131 260 3216 quod
278 3131 367 3196 idem
388 3132 550 3197 Robertus
572 3132 727 3198 concessit
747 3141 782 3198 ct
801 3134 989 3221 recognouit
1010 3134 1116 3200 eidem
1137 3135 1281 3201 Johenni

175 3237 450 3324 presentecionem
466 3259 559 3302 suem
574 3236 616 3302 nd
630 3237 809 3322 predictum
829 3238 995 3304 ecclesiam
1009 3249 1048 3305 ut
1062 3239 1280 3326 pertinentem
1351 3264 1353 3272 ·

176 3341 215 3407 ed
229 3341 414 3406 manerium
429 3340 470 3405 de
484 3339 671 3405 Alfinctone
689 3338 694 3428 Ι
714 3341 800 3427 quod
820 3341 912 3407 dedit
931 3342 966 3407 in
980 3343 1188 3430 maritagium
1204 3365 1279 3408 cum

176 3445 242 3510 filia
255 3467 325 3522 suc,
341 3441 589 3510 consideratum
604 3444 752 3530 estquod
763 3443 926 3510 Robertus
937 3455 1180 3512 summoneatur
1193 3447 1280 3533 quod

177 3547 218 3612 sit
231 3570 253 3611 a
266 3546 321 3612 dic
342 3553 402 3612 ete.
422 3545 465 3611 nd
485 3545 759 3612 wsrantizandum
781 3547 886 3613 eidem
909 3547 1012 3614 Priori
1033 3549 1279 3615 eduocociouem

177 3650 274 3729 illurn,
296 3651 389 3716 cuius
415 3650 547 3716 ecclesie
572 3651 848 3737 presentecionem
874 3653 960 3719 idem
986 3653 1148 3719 Robertus
1176 3677 1281 3741 nuper

177 3755 332 3822 concessit
367 3755 474 3820 eidem
506 3755 650 3823 Johsnni
678 3756 766 3821 unde
794 3755 882 3821 idem
910 3755 1002 3822 Prior
1029 3757 1129 3823 hebet
1158 3765 1280 3823 emtam

177 3861 319 3925 Hewisie
334 3859 376 3924 de
392 3859 559 3946 Curtensy
573 3859 686 3924 metris
703 3859 805 3945 ipsius
827 3859 962 3926 Roberti
983 3860 1076 3926 cuius
1098 3860 1191 3926 heres
1211 3860 1288 3947 ipse

177 3973 225 4029 cst
239 3971 275 4028 et
289 3962 423 4028 interim
437 3961 545 4027 iurata
558 3971 731 4030 remaneat.

81 4073 135 4140 517.
239 4067 357 4154 'Hugc
367 4067 488 4132 (lubun
497 4067 713 4132 summonitus
722 4067 1105 4154 frutndrespondendum
1115 4067 1281 4134 Gileberto
1304 4096 1430 4137 sonions.

177 4170 242 4234 filio
264 4171 389 4236 Thome
412 4179 446 4235 et
465 4171 571 4236 Florie
592 4171 684 4237 uxori
706 4171 776 4238 eius
797 4171 838 4237 de
859 4172 979 4258 placito
1000 4171 1086 4258 qnod
1105 4171 1220 4238 reddet
1234 4173 1281 4238 eis

178 4274 287 4342 decem
302 4275 358 4342 lib.
373 4284 459 4342 terre
479 4300 554 4343 cum
574 4277 706 4364 pertin
729 4277 937 4364 Norseleghe‚
952 4301 1032 4364 ques
1051 4277 1193 4343 clement
1212 4299 1281 4344 esse

306 4487 316 4522 ¹
332 4487 448 4538 william
461 4490 568 4540 Brewer.
847 4489 858 4522 ²
874 4489 941 4540 Fitz.
953 4490 1049 4553 Briese,
1061 4489 1118 4540 878.
