3308 5226
366 449 431 520 700
596 453 1122 532 mommm‚sn.1224,sn
1147 455 1241 522 8-9.

364 637 452 706 idem
461 637 553 704 Prior
561 639 685 706 nulla'm
694 638 899 724 recuperauit
908 639 1184 726 presentaoionem
1194 639 1293 706 immo
1304 640 1473 728 episoopus

364 741 426 810 looi
454 741 649 808 auctoritate
678 741 806 807 concilii
833 740 973 808 eontulit
1002 741 1131 808 cuidam
1160 743 1275 808 clerieo
1303 743 1472 810 ecelesiam

364 847 454 914 illam
468 855 504 912 et
518 846 594 914 inde
609 847 703 934 ponit
717 869 751 912 se
767 867 865 932 super
878 844 946 912 iur’.

430 951 473 1016 Et
496 949 588 1015 Prior
609 949 689 1014 dicit
714 948 801 1036 quod
823 949 988 1014 Walterus
1014 948 1072 1035 qui
1093 949 1211 1014 ultimo
1232 949 1315 1014 obiit
1337 971 1474 1036 persona

362 1062 568 1142 presentatus
593 1053 657 1120 fuit
681 1053 723 1118 ab
746 1052 859 1118 eodem
886 1053 996 1118 Priore
1020 1053 1063 1118 ad
1085 1039 1223 1120 eandem
1247 1053 1417 1120 ecelesiam
1440 1061 1475 1118 et

360 1158 438 1224 inde
453 1157 545 1246 ponit
560 1179 594 1224 se
609 1179 707 1244 super
720 1157 853 1222 assisam
869 1165 903 1224 et
924 1155 1109 1224 Willeimus
1129 1157 1287 1224 similiter.
1335 1157 1381 1222 Et
1401 1155 1473 1224 ideo

358 1262 513 1350 procedat
527 1261 634 1328 assisa
740 1267 743 1274 '

426 1366 593 1432 Juratoros
607 1363 721 1430 dieunt
735 1361 822 1450 quod
836 1363 1002 1429 Walteros
1022 1363 1079 1449 qni
1098 1363 1216 1428 ultimo
1235 1363 1318 1431 obiit
1338 1386 1475 1450 persona

361 1469 478 1536 habuit
500 1467 666 1534 eeclesiam
687 1467 778 1532 illam
800 1479 841 1531 ex
862 1465 946 1532 dono
969 1465 1121 1553 Episcopi
1142 1466 1378 1532 Londoniensis
1399 1490 1474 1534 auc·

361 1573 495 1646 toritate
518 1569 643 1636 consilii
666 1577 701 1634 et
725 1591 790 1634 non
811 1568 854 1636 ad
874 1569 1151 1655 presentaoionem
1173 1569 1300 1636 Prioris
1345 1570 1474 1651 Qnesiti

360 1677 434 1764 quis
448 1675 649 1764 presentauit
664 1673 771 1740 Adam
782 1675 840 1761 qui
850 1675 940 1761 prius
951 1675 1033 1742 obiit
1044 1697 1180 1764 persona
1190 1683 1268 1741 ante
1279 1675 1472 1742 Walterum

362 1781 406 1846 Et
442 1777 548 1867 qu0d¹
576 1778 761 1844 Willelmus
797 1779 838 1844 de
868 1779 1008 1864 Reymes
1036 1801 1120 1844 auus
1148 1779 1308 1846 willelmi
1337 1789 1373 1846 et
1401 1779 1473 1845 ideo

360 1883 597 1968 consideratum
612 1889 662 1946 est
677 1879 763 1968 quod
776 1880 961 1946 Willelmus
976 1881 1181 1966 recuperauit
1195 1882 1473 1968 presentaoionem

361 2008 453 2052 suam
482 1993 518 2051 et
543 1983 635 2050 Prior
662 1983 697 2050 in
723 1983 947 2050 misericordia
1002 1983 1178 2050 Mandatus
1203 1984 1365 2072 Episcopo
1390 1985 1473 2050 Lon-

360 2088 510 2154 doniensi,
522 2085 608 2175 quod
621 2085 777 2151 admittat
791 2085 943 2152 clericum
958 2109 1061 2152 snum

305 2251 314 2270 ,
382 2205 385 2214 ’
426 2189 552 2256 'Assisa
572 2189 666 2254 uenit
690 2189 895 2276 recognitus-s
919 2189 993 2276 quis
1017 2189 1194 2256 aduocatus
1216 2197 1364 2278 tempore
1387 2192 1474 2278 pacis

299 2331 305 2344 ·
360 2294 563 2384 presentnuit
577 2293 727 2364 ultimam
744 2314 997 2379 personamque
1018 2301 1147 2360 mortua
1168 2302 1218 2360 est
1239 2293 1282 2366 ad
1304 2295 1472 2360 eeclesiam

361 2400 403 2466 de
418 2396 596 2464 Wunhers⁸
614 2419 679 2484 qne
700 2405 796 2464 naoat
815 2405 875 2464 eto.
892 2397 985 2464 ouius
1005 2397 1252 2464 aduooaoionem
1275 2399 1411 2466 Beatrix
1432 2401 1472 2466 de

362 2503 432 2589 Fay
445 2503 564 2568 clamat
578 2523 691 2566 uersus
704 2501 728 2574 J
729 2501 889 2568 ohannem
904 2501 945 2568 de
966 2502 998 2566 la
1017 2501 1124 2568 Heroe
1144 2502 1208 2588 qni¹
1220 2503 1315 2574 uenit
1336 2511 1371 2570 et
1390 2503 1472 2572 bene

362 2605 509 2672 concedit
523 2603 690 2668 reeordum
705 2603 790 2669 sieut
804 2611 898 2690 potet
912 2604 948 2670 in
962 2604 1092 2670 reoordo
1106 2627 1126 2672 a
1141 2605 1194 2670 die
1209 2606 1242 2674 S.
1258 2606 1358 2676 Mioh.
1372 2607 1408 2674 in
1421 2614 1470 2676 nr.

361 2709 431 2776 dies
445 2706 590 2794 proximo
605 2713 775 2772 transacto.
806 2775 809 2780 ,
1518 2788 1521 2796 Ι

362 2827 367 2888 ζ
400 2877 401 2882 ,
424 2811 592 2878 «iuratores
606 2808 720 2876 dieunt
734 2807 821 2894 quod
835 2808 997 2874 Henrious
1017 2809 1152 2876 clericus
1172 2810 1229 2897 qui
1249 2811 1369 2878 ultimo
1390 2813 1471 2882 obiit

360 2936 497 3002 persona
510 2911 627 2978 habuit
642 2911 809 2977 eeclesiam
823 2911 914 2977 illam
924 2933 983 2998 per
992 2912 1177 2979 Johannem
1187 2913 1229 2979 de
1241 2915 1472 2986 Geudeffordia

360 3040 530 3106 personam
553 3015 594 3082 de
616 3013 864 3081 Soaudesfordia
885 3023 936 3080 set
957 3015 1107 3082 nesciunt
1129 3017 1157 3082 si
1178 3025 1387 3103 presentatus
1409 3019 1471 3086 fuit

359 3123 507 3210 episeopo
529 3121 583 3186 uel
604 3141 677 3186 non
721 3119 773 3185 De
792 3119 956 3184 Willelmo
977 3119 1179 3185 Bintewrthe
1200 3121 1315 3195 dieunt
1336 3122 1394 3209 qui
1408 3123 1470 3188 fuit

359 3247 496 3312 persona
523 3231 600 3290 ante
630 3221 812 3302 Henn'oum
845 3221 931 3307 qnod
966 3221 1099 3308 quidam
1135 3221 1317 3289 Aunfiidus
1354 3223 1470 3290 habuit

360 3329 528 3396 eeclesiam
549 3327 590 3393 de
613 3324 843 3393 Soaudesordia
864 3347 904 3390 ex
926 3323 1010 3388 dono
1032 3324 1125 3392 Dom
1147 3326 1189 3392 H.
1209 3326 1319 3414 Regis,
1334 3335 1371 3394 et
1391 3335 1468 3392 tuno

362 3433 454 3498 uenit
469 3433 615 3518 Rogerus
634 3429 721 3494 filius
741 3427 902 3494 Reinfn’di
921 3439 956 3492 et
974 3427 1074 3513 petiit
1095 3429 1294 3494 Aunfridum
1316 3438 1356 3496 ut
1377 3429 1469 3496 daret

361 3536 539 3624 predictam
560 3533 728 3600 eeclesiam
750 3532 791 3598 de
811 3531 952 3598 thors
973 3531 1140 3598 Willelmo
1161 3533 1202 3598 de
1225 3533 1413 3614 Custanoes,
1434 3543 1468 3600 et

357 3639 448 3724 idem
474 3635 654 3702 Auniridus
677 3635 719 3700 ad
742 3634 937 3720 peticionem
960 3655 1053 3700 suam
1079 3634 1169 3700 illam
1191 3635 1359 3702 eeclesiam
1377 3636 1468 3702 dedit

362 3741 467 3808 eidem
481 3739 646 3806 Willelmo
665 3745 700 3804 et
719 3737 806 3804 idem
829 3737 1011 3804 Willelmus
1031 3737 1089 3804 diu
1109 3739 1226 3816 tenuit,
1241 3748 1276 3805 et
1295 3749 1409 3827 postea
1426 3740 1467 3806 ad

362 3845 556 3934 peticionem
577 3866 670 3910 suam
691 3843 855 3932 predictus
876 3843 1056 3910 Aunfridus
1078 3844 1167 3910 illam
1189 3843 1282 3911 dedit
1305 3846 1466 3912 Willelmo

362 3951 403 4018 de
430 3947 633 4015 Bintewrthe
661 3946 816 4034 magistro
844 3969 903 4012 suo
932 3954 971 4012 ut
998 3947 1155 4033 aspellam
1180 3948 1399 4034 pertinentem
1424 3947 1465 4014 nd

362 4053 529 4119 ecclesiam
565 4050 605 4116 de
643 4049 880 4136 Scaudefordia,
917 4057 968 4114 set
1003 4049 1153 4116 nesciunt
1189 4048 1276 4136 quod
1311 4072 1464 4135 umquam

362 4155 540 4244 presentati
551 4161 658 4220 essent
669 4153 816 4242 episcopo
828 4153 896 4220 loci.
930 4153 973 4220 Et
984 4153 1103 4240 quesiti
1115 4154 1188 4241 quis
1198 4154 1290 4222 dedit
1300 4154 1463 4222 eeclesiam

398 4365 495 4414 ¹Corr.
527 4369 586 4412 arete
621 4363 764 4420 Wodmm,
798 4363 886 4414 dicant
968 4360 1123 4413 ⁸w0nersh
1156 4360 1209 4414 and
1238 4360 1366 4422 shalrord,
1401 4373 1463 4411 noar

365 4428 481 4495 qnodB.
514 4427 555 4476 No
566 4427 735 4476 dionrtinA.
942 4425 1086 4478 Gnildford.

397 4495 500 4544 ²A.m.
513 4491 580 4552 19d;
597 4491 628 4542 B.
640 4507 675 4542 m.
689 4491 751 4542 14d.
