3314 5238
364 451 427 513 456
660 463 810 524 rnmrrr,
832 463 897 514 nn.
922 449 1015 524 1231,
1040 461 1104 512 111.
1130 450 1178 510 15.

363 634 535 700 abeodem
559 633 701 700 Roberto
724 635 765 699 lx.
784 635 840 700 sol.
856 643 889 700 ct
905 657 1006 698 unum
1030 633 1101 699 den.
1126 633 1256 697 nominc
1279 634 1479 698 recreantise

363 747 519 823 tanquam
533 737 602 823 ipse
617 739 784 802 conuictus
799 746 884 802 esset
896 737 930 802 in
942 759 1055 822 cumpo
1067 745 1101 800 ct
1113 736 1198 822 quod
1210 737 1378 802 recordum
1390 737 1479 802 illud

364 840 499 906 haberet
521 849 603 926 aput
617 841 944 906 westmonasterium
967 863 1025 926 per
1046 841 1102 926 iiij.
1119 841 1241 906 milites
1263 841 1320 927 qui
1342 841 1480 906 recordo

363 944 412 1008 illi
434 945 662 1020 interfuerunt,
684 953 718 1008 et
741 943 916 1030 diligenter
938 943 1117 1030 inquireret
1139 944 1239 1029 quod¹
1263 946 1395 1009 fuerunt
1423 943 1480 1008 illi

363 1045 532 1112 duodecim
548 1045 605 1132 qui
620 1045 654 1109 in
669 1045 759 1110 curia
779 1046 881 1130 ipsius
902 1047 1043 1111 Abbatis
1066 1047 1212 1112 fecerunt
1234 1055 1477 1112 sacramentum

364 1150 404 1214 de
434 1150 580 1236 predicta
609 1172 687 1235 pace
712 1149 804 1214 Dom.
836 1149 936 1236 Regis
958 1151 1096 1216 infructu
1121 1159 1156 1214 et
1178 1150 1250 1214 illos
1273 1149 1408 1214 haberet
1429 1149 1478 1214 ad

365 1251 623 1338 respondendum
639 1274 703 1338 quo
718 1259 861 1316 warento
876 1260 1113 1316 sacramentum
1132 1251 1214 1315 illud
1236 1251 1382 1316 fecerunt
1402 1252 1477 1316 sine

365 1365 517 1441 precepto
547 1355 639 1438 Dom.
671 1355 770 1442 Regis
799 1356 852 1420 uel
883 1356 1131 1420 iusticiariorum
1161 1377 1292 1420 suorum
1322 1363 1357 1419 et
1385 1355 1478 1440 quod

365 1458 503 1544 predicti
517 1458 574 1544 iiij.
590 1458 712 1522 milites
727 1467 806 1522 tunc
821 1467 929 1524 essent
949 1459 1095 1523 audituri
1117 1459 1274 1524 iudicium
1296 1483 1392 1524 suum
1415 1483 1478 1546 pro

365 1560 454 1625 curia
468 1569 503 1625 et
518 1559 648 1624 Abhute
665 1560 695 1624 S.
713 1560 898 1626 Eudmundi
913 1584 1012 1647 quare
1035 1584 1100 1626 non
1122 1563 1269 1626 fecerunt
1290 1563 1477 1648 predictum

366 1659 534 1724 recordum
558 1669 592 1722 et
616 1658 698 1724 illud
722 1659 908 1724 hahuerunt
934 1661 1018 1725 sicut
1042 1661 1089 1726 eis
1112 1671 1303 1746 preceptum
1326 1663 1390 1726 fuit
1412 1672 1477 1727 etc.

365 1763 425 1828 Et*
445 1763 500 1849 iiij.
526 1763 647 1827 milites
667 1763 724 1848 qui
746 1763 886 1828 ueniunt
909 1785 966 1848 pro
986 1764 1076 1828 curis
1097 1765 1246 1849 requisiti
1265 1787 1365 1851 quere
1385 1766 1390 1851 Ι
1409 1787 1477 1830 non

366 1865 552 1932 habuerunt
586 1867 753 1932 recordum
790 1867 833 1932 ud
869 1867 970 1932 alium
1008 1868 1094 1932 diem
1132 1868 1248 1933 dicunt
1284 1868 1371 1954 quod
1408 1891 1476 1934 non

365 1977 543 2054 potuerunt
570 1969 680 2034 uenire
704 1977 836 2055 propter
865 1977 1096 2054 tempestatem
1127 1981 1162 2034 et
1195 1970 1319 2034 malum
1342 1980 1476 2056 tempus

365 2081 400 2136 et
422 2072 521 2137 nichil
543 2071 633 2137 uliud
662 2075 769 2151 sciunt
795 2072 903 2136 dicere
929 2094 988 2137 nec
1014 2073 1112 2138 alium
1135 2073 1379 2138 excusacionem
1402 2096 1475 2160 pre-

366 2177 499 2240 tendere
515 2184 549 2241 et
564 2177 636 2240 ideo
652 2175 694 2240 ud
709 2175 865 2240 iudicium
881 2175 969 2242 cur'³.

432 2282 476 2346 Et
491 2281 629 2367 predicti
644 2280 766 2344 milites
781 2301 839 2366 pro
859 2280 949 2345 curia
966 2280 1175 2346 recordantur
1197 2281 1284 2367 quod
1303 2281 1358 2346 die
1380 2281 1476 2347 Jouis

365 2385 399 2450 in
415 2386 530 2472 uigilia
546 2385 577 2451 S.
594 2386 680 2450 Luce
697 2385 826 2472 Euang.
843 2393 916 2470 post
936 2385 1031 2470 plura
1050 2385 1176 2450 essenis
1197 2385 1291 2450 uenit
1311 2386 1475 2451 Robertus

365 2490 406 2554 de
436 2488 577 2574 Oulingc
608 2487 643 2550 in
671 2487 795 2551 curium
825 2487 963 2572 predicti
988 2486 1129 2551 Abbatis
1160 2488 1191 2552 S.
1223 2488 1410 2552 Eudmundi
1439 2497 1476 2552 et

365 2591 523 2678 spelluuit
549 2590 752 2655 Willelmum
778 2588 935 2674 ldauuey⁴
958 2589 1045 2675 quod
1070 2589 1122 2654 die
1147 2589 1240 2654 Lune
1269 2589 1304 2654 in
1333 2591 1476 2654 crastino

366 2693 477 2760 Clausi
491 2693 613 2758 Pusche
628 2693 779 2778 nequiter
793 2701 827 2756 et
842 2691 877 2756 in
892 2691 1011 2756 felonis
1025 2703 1060 2756 et
1075 2693 1109 2756 in
1124 2714 1203 2778 pace
1219 2693 1311 2758 Dom.
1325 2693 1425 2779 Regis
1440 2702 1477 2758 et

366 2797 399 2861 in
422 2796 531 2861 asultu
554 2794 771 2880 premeditato
793 2793 824 2858 ei
846 2793 1020 2858 insultuuit
1042 2793 1077 2858 in
1098 2794 1190 2880 regie
1210 2793 1267 2858 uis
1286 2794 1373 2859 inter
1392 2795 1476 2859 dues

366 2900 461 2965 uillas
484 2900 524 2963 de
551 2897 769 2985 Brndeleghs⁵
795 2897 885 2961 etei
910 2895 1003 2961 dedit
1021 2896 1046 2982 j.
1077 2897 1208 2983 plagam
1231 2919 1306 2960 curn
1332 2897 1475 2983 quadam

366 3005 482 3069 hechia
496 3001 670 3068 dsnssche⁸
684 3002 719 3066 in
733 3001 865 3066 sinistra
878 3010 971 3086 parte
987 3001 1102 3086 capitis
1117 3023 1215 3087 supra
1232 3023 1344 3066 eurem
1359 3009 1393 3064 et
1413 3000 1476 3065 hoc

366 3109 488 3194 optulit
507 3109 641 3194 probare
656 3130 715 3193 per
736 3129 851 3192 corpus
872 3129 968 3171 suum
991 3107 1045 3171 uel
1066 3106 1130 3170 ulio
1153 3105 1247 3170 modo
1269 3127 1475 3192 quocumque

367 3214 462 3278 modo
491 3213 582 3279 curia
609 3211 835 3289 consideraret,
864 3221 899 3278 et
930 3211 1088 3297 spellnuit
1124 3211 1205 3276 alios
1241 3211 1282 3276 de
1319 3211 1370 3276 ui'
1406 3211 1476 3276 scil.

367 3316 568 3381 Willelmum
600 3316 704 3380 filium
734 3315 893 3380 Willelmi
929 3325 964 3380 et
1000 3316 1184 3380 Walterum
1221 3314 1402 3393 Mounesin
1439 3325 1475 3380 et

367 3419 456 3484 missi
486 3420 619 3484 fuerunt
645 3420 701 3504 iiij.
730 3419 851 3482 milites
880 3418 921 3482 ad
951 3417 1130 3482 uidendum
1160 3417 1290 3503 plagam
1316 3419 1373 3504 qui
1399 3442 1474 3484 cum

367 3523 526 3587 uidissent
554 3523 708 3588 dixerunt
738 3524 825 3609 quod
851 3523 948 3608 plaga
974 3522 1090 3586 hebuit
1115 3522 1151 3586 in
1177 3522 1380 3608 longitudine
1408 3533 1475 3588 tres

366 3626 497 3712 pollices
527 3635 561 3690 ct
590 3625 631 3691 de
661 3626 882 3712 profunditate
912 3648 1014 3711 usquc
1049 3625 1091 3690 sd
1128 3634 1248 3690 testam
1285 3627 1402 3712 capitis
1439 3637 1474 3692 ct

365 3729 518 3794 dixerunt
533 3729 623 3794 illam
639 3751 708 3794 esse
724 3729 824 3793 talem
840 3729 924 3815 quod
942 3751 1000 3814 per
1021 3751 1093 3792 eam
1114 3729 1197 3794 bene
1219 3729 1329 3815 potuit
1352 3729 1474 3817 attingi

366 3858 478 3920 pacem
494 3835 587 3899 Dom.
603 3834 703 3920 Regis
718 3855 786 3898 esse
802 3832 992 3898 infractam⁸.

432 3941 475 4004 Et
490 3938 674 4003 Willelmus
695 3937 787 4002 uenit
807 3947 841 4002 et
860 3937 1006 4002 defendit
1022 3938 1172 4002 feloniam
1193 3945 1228 4002 et
1250 3961 1362 4024 pacem
1378 3936 1473 4004 Dom.

397 4095 408 4191 l
425 4095 568 4208 didici-iii
577 4159 605 4206 111
614 4159 705 4234 Sancto
715 4159 792 4206 Claro
800 4157 893 4206 Rcher·
976 4091 988 4188 l
1003 4090 1237 4206 fflpcppffiile
1247 4153 1367 4230 Iirudley.

366 4233 405 4273 1111
422 4227 452 4274 dc
474 4225 614 4272 Clrcustedc
636 4223 761 4271 chnrdru
784 4224 813 4271 dc
835 4224 892 4271 Ite·
976 4220 1170 4278 “dawct',B.
1193 4220 1296 4269 Dnnrsh
1309 4221 1341 4281 (1)

365 4291 459 4338 werthe
471 4289 628 4338 etAdnmdc
645 4288 772 4346 1111111111,
787 4287 817 4335 Β.
976 4286 986 4317 ⁷
1003 4286 1041 4335 Το
1057 4285 1149 4348 uppenl
1166 4299 1182 4334 u
1199 4299 1292 4346 person
1309 4287 1339 4334 111
1356 4285 1422 4334 viis
1445 4289 1474 4335 to

397 4356 408 4386 ³
424 4355 593 4402 acinaticium
603 4354 633 4401 111
648 4355 731 4410 curia,
746 4351 777 4400 B.
811 4351 893 4400 There
943 4351 1035 4414 uppeel
1046 4349 1101 4400 him
1114 4365 1143 4400 ss
1154 4365 1297 4412 uccersory.

365 4417 615 4532 musttbejndgment
623 4417 726 4478 against
734 4415 777 4466 the
785 4415 892 4467 Abhot's
944 4417 989 4530 14¹1
1002 4416 1037 4465 As
1054 4419 1081 4466 to
1098 4415 1152 4466 this
1169 4414 1322 4478 prooeeding
1339 4429 1380 4464 ses
1397 4415 1441 4494 111.
1454 4415 1473 4464 1.

364 4499 424 4534 cour
441 4520 446 4531 .
975 4507 998 4529 ·.
