3308 5226
408 442 643 506 monimine,
664 443 727 500 no.
753 431 845 506 1224,
868 445 932 495 nr.
955 434 1053 500 8---9.ι
1216 429 1284 508 7οΤ

175 615 292 682 lelmue
311 615 350 679 in
373 613 542 692 dominico,
564 622 599 680 et
620 614 649 680 si
673 615 773 680 eeeiee
797 637 862 680 non
887 615 986 682 iocet¹
1012 617 1104 703 ponit
1127 639 1161 682 se
1185 635 1282 704 super

173 720 316 786 iuratam
329 718 435 806 patrie
450 718 537 805 quod
551 739 718 805 nunquam
732 718 913 806 ingressum
929 719 1046 785 hebuit
1060 743 1119 806 per
1133 721 1282 799 Aliciem,

173 831 224 888 set
243 843 357 887 reuera
376 827 578 886 attornetum
598 821 663 886 fuit
681 820 855 886 seruitium
875 843 969 887 suum
993 821 1099 888 cidem
1121 822 1225 888 Alicie
1247 823 1282 888 in

173 926 292 992 dotem.
336 925 381 990 Et
395 923 473 1010 quie
486 923 630 990 nescitur
644 924 725 1011 quid
744 924 902 991 Ricardus
923 926 965 991 de
985 926 1168 992 Pekintone
1189 927 1282 992 uolu-

172 1030 236 1096 erit
258 1026 450 1115 respondere
472 1026 606 1113 ponitur
625 1026 785 1092 iudicium
808 1027 844 1092 ‘m
863 1037 1015 1114 respectu
1038 1029 1079 1096 de
1104 1031 1205 1096 eorico
1225 1031 1284 1096 ille

171 1155 275 1220 usque
299 1131 456 1198 Ricardue
479 1131 739 1198 warentizeuerit
759 1139 818 1198 etc
865 1132 910 1198 Et
929 1131 1025 1198 dctus
1045 1141 1096 1198 eet
1115 1133 1185 1200 dies
1207 1133 1283 1200 telis

172 1246 232 1303 etc
248 1247 283 1303 et
299 1245 378 1302 tunc
393 1236 513 1302 hebeat
527 1235 685 1301 Ricordue
699 1243 880 1301 warantum
894 1259 998 1302 soum.

116 1403 122 1417 .
237 1340 445 1428 'Capitulum
472 1339 597 1404 Exonie
622 1339 841 1404 attechietum
867 1339 932 1404 luit
957 1339 1000 1405 ed
1022 1341 1281 1427 respondendum
1369 1363 1405 1404 on:

173 1442 333 1530 Margarie
359 1442 456 1506 Belet
481 1449 516 1506 et
545 1441 688 1508 Roberto
717 1441 758 1506 de
784 1442 966 1529 Gosethorp
991 1444 1158 1529 capellano
1183 1461 1282 1532 quere

172 1555 285 1614 contre
297 1545 549 1634 prohibicionem
564 1552 714 1610 secutum
729 1552 780 1610 eet
794 1544 951 1631 placitum
967 1545 1003 1610 in
1017 1546 1108 1612 curie
1122 1547 1282 1614 cristiani-

172 1650 251 1716 tatis
269 1649 311 1716 de
330 1648 544 1714 aduocatione
563 1647 687 1733 capelle
705 1646 747 1711 de
762 1645 888 1712 Lewes⁸
903 1655 1015 1712 contro
1029 1648 1282 1734 prohibicionem

172 1763 243 1832 etc,
265 1753 352 1819 unde
375 1752 438 1839 ipsi
462 1750 625 1840 Mergane
649 1758 685 1816 et
707 1750 870 1816 Robertue
894 1759 1076 1837 queruntur
1098 1752 1185 1838 quod
1209 1762 1283 1839 post

172 1857 426 1944 prohibicionem
448 1863 578 1942 etpost
600 1855 894 1922 attechiementum
914 1855 1018 1922 secuti
1038 1865 1116 1922 eunt
1138 1857 1283 1924 canonici

172 1960 255 2028 illud
269 1959 427 2046 placitum
441 1979 500 2043 per
514 1956 601 2042 quod
615 1955 804 2022 deteriorati
819 1964 896 2022 eunt
911 1965 946 2022 et
965 1957 1145 2044 dampnum
1159 1957 1283 2024 hebent

173 2066 216 2132 ed
238 2063 419 2130 uelenciem
439 2086 469 2129 x.
484 2081 580 2128 merc.
602 2069 638 2128 et
656 2061 733 2126 inde
756 2061 941 2148 producunt
963 2069 1095 2142 sectam,
1110 2071 1146 2128 et
1168 2062 1283 2130 dicunt

174 2169 260 2258 quod
274 2169 346 2255 ipea
359 2167 522 2253 Margarie
535 2173 629 2231 terret
642 2165 891 2232 nduooocionem
905 2165 994 2232 illem
1010 2166 1046 2232 in
1060 2166 1179 2245 dotem,
1194 2166 1281 2234 unde

173 2282 335 2340 warantus
355 2293 434 2338 euus
455 2278 506 2336 eet
531 2270 616 2335 inire
638 2277 761 2336 etatem
787 2277 822 2336 et
843 2269 880 2336 in
901 2270 1048 2338 custodie
1074 2270 1215 2338 Simonis
1240 2271 1281 2338 dc

173 2377 334 2444 Wehulln
353 2374 358 2464 Ι
380 2376 424 2440 Et
433 2374 591 2462 Magister
598 2375 745 2461 Rogerue
753 2374 795 2441 dc
806 2374 968 2462 Begetor’‘
977 2385 1147 2462 precentor
1157 2375 1281 2442 Exonie

174 2482 268 2548 uenit
288 2503 346 2568 pro
368 2480 511 2567 capitulo
533 2487 568 2544 et
589 2479 737 2544 defendit
762 2501 820 2566 pro
845 2479 989 2567 capitulo
1012 2479 1099 2567 quod
1123 2479 1165 2546 de
1190 2481 1282 2546 nulla

172 2585 385 2652 aduocatione
411 2584 514 2650 trehit
537 2607 592 2650 eor
616 2583 652 2648 in
677 2583 845 2671 placitum,
870 2593 921 2650 eet
943 2607 1058 2650 reuera
1082 2585 1123 2650 de
1147 2585 1281 2652 decimis

172 2689 325 2756 dominici
346 2688 448 2776 ipsius
469 2687 631 2776 Mergerie
652 2689 755 2754 trehit
777 2709 831 2754 eos
852 2688 888 2754 in
909 2688 1067 2774 placitum
1089 2696 1124 2755 et
1149 2709 1215 2754 non
1238 2688 1279 2755 de

172 2793 393 2860 eduocccicne.

238 2899 283 2964 Et
297 2897 459 2986 Margmie
473 2905 508 2964 et
522 2897 685 2964 Robertue
698 2896 813 2962 dicunt
827 2896 914 2984 quod
924 2896 1025 2962 nichil
1035 2895 1125 2962 eliud
1136 2896 1279 2984 pertinet

174 3003 217 3070 ed
231 3004 387 3090 capellam
401 3003 492 3068 illem
506 3002 571 3068 nisi
584 3003 640 3068 ille
655 3001 780 3068 decime
795 3009 830 3067 et
844 3002 894 3067 ita
906 3001 935 3068 ei
949 3001 1117 3068 emitteret
1139 3001 1280 3068 decimes

174 3109 343 3175 emitteret
355 3130 414 3194 per
427 3129 624 3194 consequens
638 3106 729 3172 illem
743 3106 998 3172 aduocecionem.

238 3213 308 3279 ”Ad
327 3212 414 3278 diem
433 3212 528 3277 illum
548 3210 641 3276 uenit
660 3211 807 3298 Rogerus
822 3209 901 3276 Colo
916 3209 1088 3275 canonicus
1102 3209 1225 3274 Exonie
1245 3218 1281 3274 et

174 3319 321 3386 concedit
335 3317 422 3405 quod
440 3315 482 3394 de
501 3323 608 3386 cetero
627 3337 693 3380 non
712 3313 830 3379 trehit⁸
850 3313 959 3379 cosin
979 3313 1137 3400 placitum
1158 3335 1219 3379 nec
1240 3312 1281 3378 de

174 3421 387 3490 aduocecione
400 3443 461 3486 nec
475 3420 516 3486 de
530 3419 686 3486 decimie⁵.
730 3418 810 3484 Dies
824 3416 921 3482 datus
935 3424 986 3482 eet
999 3415 1047 3482 eis
1061 3415 1102 3482 de
1121 3415 1282 3484 audiendo

175 3527 294 3594 iudicio
317 3549 376 3594 suo
405 3525 465 3592 teli
487 3524 541 3592 die
565 3547 625 3612 per
649 3531 839 3611 preceptum
866 3530 925 3588 etc.
950 3529 986 3588 et
1008 3521 1209 3608 prohibitum
1232 3529 1283 3586 eet

175 3631 356 3719 precentori
389 3653 431 3696 ne
464 3629 599 3696 interim
626 3635 782 3716 sequntur
809 3635 845 3693 et
873 3627 961 3714 quod
989 3626 1088 3692 faciet
1116 3621 1300 3692 absoluere

176 3735 379 3823 capellanum
394 3741 455 3800 etc.
1342 3799 1343 3804 ἵ

120 3893 127 3910 .
241 3837 439 3906 'Geufridue
459 3834 547 3900 filius
569 3833 716 3900 Widonis
737 3833 824 3920 petit
849 3854 963 3898 uersus
988 3831 1198 3898 Petronillem
1220 3852 1283 3917 que
1409 3877 1412 3883 -

210 4075 483 4128 ¹AntotbieeeeBr.
495 4073 514 4124 l.
526 4073 608 4124 3181).
756 4085 782 4135 p.
794 4071 851 4123 409.

209 4141 547 4200 'nm.25d;13.m.1e.
575 4137 707 4188 'Pbieceee
789 4136 898 4186 l‘lllot
919 4135 948 4185 in
975 4135 1006 4185 Β.
1041 4135 1106 4185 This
1132 4135 1226 4192 clause,
1250 4150 1285 4186 cn

179 4223 287 4272 oppeerr
309 4207 338 4256 in
359 4206 517 4257 Plecitorum
542 4203 707 4254 Abbrevictlo
757 4201 931 4264 interpolated
942 4199 1286 4265 poetecript,ehouldlollow

178 4275 321 4388 pulpam
344 4337 413 4387 -Irew
445 4335 469 4385 ie
499 4347 562 4386 noer
593 4333 707 4384 Bretton
758 4267 886 4382 ffllbbii.
901 4329 992 4390 trater,
1005 4329 1035 4382 A.

83 4437 90 4448 .
179 4403 301 4466 Clcvelly.
331 4420 333 4425 ’
613 4419 615 4422 ·
789 4395 800 4432 7
817 4398 846 4448 Δ.
861 4411 897 4445 m.
909 4397 949 4446 26.

211 4469 286 4520 ‘See
313 4465 426 4530 Herdy'e
447 4465 484 4515 Le
506 4465 584 4524 Neve,
606 4464 655 4516 rol.
682 4464 705 4520 1,
756 4469 757 4475 ’

1096 4567 1201 4628 ert-2
