3260 5218
395 463 628 526 monimum,
652 463 717 515 ιιι.
743 451 835 526 1219,
860 464 922 514 ιι.
947 451 1040 516 3-ι;
1231 451 1273 518 t?

160 625 247 692 illius
262 629 407 706 ecclesie,
422 639 457 696 et
471 641 621 717 preterea
635 633 791 721 intelligit
806 635 893 720 quod
909 634 1048 700 Thomas
1068 635 1099 699 le
1121 635 1272 720 Sauuage

161 729 237 794 fecit
251 731 418 800 defaltum

222 833 233 868 ¹
238 833 492 904 consideratum
507 847 558 904 est
574 838 661 924 quod
675 839 737 925 ipsi
752 839 894 906 habeant
909 841 1008 906 breue
1023 840 1065 905 ad
1085 841 1271 927 episcopum

159 934 243 1018 quod
282 959 353 1000 non
383 938 534 1002 obstante
563 940 792 1006 reclamacione
822 940 924 1026 ipsius
952 940 1083 1006 Ricardi
1112 929 1270 1026 ydoneam

157 1059 334 1121 personam
368 1040 523 1105 admittet
558 1051 617 1108 etc
648 1050 682 1106 et
717 1042 875 1108 Ricardus
904 1043 938 1108 iu
968 1042 1185 1108 misericordia
1214 1065 1271 1128 pro

157 1139 282 1206 iniusto
322 1143 551 1229 inpedimento.
609 1145 708 1232 Hugo
744 1145 939 1231 Capellanus
974 1145 1037 1210 fuit
1066 1169 1202 1232 persona
1230 1147 1270 1212 de

156 1245 250 1310 cuius
273 1255 382 1312 morte
404 1247 561 1312 aramiata
582 1247 646 1312 fuit
668 1247 773 1314 aesna
819 1249 863 1312 Et
885 1248 1052 1314 sciendum
1074 1249 1160 1335 quod
1182 1250 1271 1314 curie

155 1348 349 1414 recordatur
377 1350 464 1436 quod
492 1350 658 1416 Johaunes
688 1351 827 1418 Maudut
856 1361 950 1438 pater
977 1353 1196 1440 predictarum
1221 1377 1270 1419 re-

154 1453 332 1537 cuperauit
354 1454 601 1520 aduocacionem
623 1455 725 1540 ipsius
747 1455 880 1520 ecclesie
900 1477 1013 1522 uersus
1034 1457 1213 1522 Gerardum
1229 1458 1270 1522 de

155 1553 369 1642 Manquency
397 1579 456 1642 per
484 1556 616 1622 assisam
646 1557 762 1622 ultime
793 1559 1044 1644 presentacionis
1077 1567 1205 1646 captam
1235 1560 1270 1626 in

155 1657 247 1722 curia
262 1658 390 1723 domini
404 1659 504 1746 Regis
519 1660 542 1724 J
542 1659 678 1724 ohannis
692 1660 815 1726 scilicet
830 1683 914 1726 anno
929 1661 1032 1747 primo
1052 1663 1144 1748 regni
1164 1663 1215 1726 sui
1236 1671 1270 1727 et

155 1759 217 1828 hoc
233 1763 310 1847 [per
323 1770 526 1828 attornatum
541 1763 666 1848 suum²]
682 1765 769 1829 idem
784 1765 958 1830 inuentum
976 1773 1026 1830 est
1046 1765 1081 1830 in
1100 1767 1215 1832 rotulis
1235 1775 1269 1832 et

156 1865 230 1930 ideo
248 1866 309 1930 fiat
324 1867 450 1931 mencio
465 1867 500 1930 in
515 1867 608 1932 breui
622 1867 663 1931 de
677 1868 734 1934 illa
748 1867 864 1934 ossisa⁸.

81 1969 103 2028 '.
221 1968 355 2034 ‘Assisa
375 1969 469 2034 uenit
490 1971 695 2056 recognitum
716 1970 789 2056 quis
810 1971 948 2036 aduocat
934 1977 987 2034 tus
1010 1979 1154 2056 tempore
1181 1971 1269 2056 pacis
1320 1987 1354 2028 Bu
1354 1987 1385 2028 ek

156 2071 364 2156 presenteuit
351 2073 530 2136 tultimem
545 2095 713 2158 personam
734 2095 797 2158 que
820 2080 949 2137 mortua
968 2080 1018 2137 est
1038 2073 1079 2136 ad
1102 2073 1268 2138 ecclesiam
1280 2092 1373 2186 l⁸⁸¹¹⁸¹¹
1375 2093 1432 2134 ιιι

155 2173 197 2238 de
221 2175 311 2240 Eure
333 2197 397 2260 que
420 2183 516 2240 uacat
538 2184 597 2240 etc.
616 2176 708 2240 cuius
730 2176 977 2240 aduocacionem
997 2175 1163 2240 Johannes
1182 2149 1310 2240 filiuslio
1306 2143 1386 2226 nipe

156 2277 296 2344 Roberti
314 2279 434 2344 clamet
453 2301 566 2344 uersus
585 2279 750 2344 Abbetem
769 2279 810 2346 de
833 2279 1018 2366 Langelega
1040 2278 1097 2364 qui
1119 2279 1212 2344 uenit
1234 2289 1269 2344 et

156 2381 238 2447 dicit
260 2381 349 2468 quod
370 2383 471 2448 assisa
491 2405 557 2447 non
578 2382 677 2447 debet
698 2382 774 2447 inde
797 2382 875 2461 fieri,
898 2381 976 2468 quia
997 2383 1158 2448 Robertus
1181 2383 1267 2448 filius

157 2483 287 2570 Regem,
301 2491 395 2569 pater
412 2483 514 2570 ipsius
534 2483 692 2550 Johannis
712 2485 804 2550 cuius
823 2485 916 2550 heres
936 2485 1005 2570 ipse
1027 2494 1077 2550 est
1099 2486 1265 2552 ecclesiam

155 2583 246 2648 illam
269 2585 363 2650 dedit
385 2585 510 2650 Abbati
532 2585 573 2650 de
596 2585 782 2672 Langeleha
807 2609 866 2672 per
894 2595 1016 2652 cartem
1045 2609 1138 2652 suam
1167 2610 1265 2674 quem

157 2691 278 2772 profert
298 2697 335 2755 et
361 2712 425 2776 que
446 2698 594 2768 testatur,
610 2691 696 2776 quod
716 2691 800 2776 ipse⁸
814 2691 922 2756 anime
942 2691 1043 2778 Regis
1057 2692 1216 2758 Johennis
1231 2703 1265 2758 et

156 2817 211 2880 pro
226 2796 335 2860 salute
355 2796 463 2860 enimc
483 2817 541 2860 sue
562 2804 621 2860 etc.
637 2796 728 2861 dedit
751 2805 785 2860 et
807 2796 963 2862 concessit
984 2797 1019 2860 in
1042 2806 1201 2882 quantum
1223 2799 1265 2862 ad

157 2897 271 2962 laicam
293 2905 422 2984 spectat
443 2897 653 2962 donacionem
676 2897 782 2962 dedit⁶
804 2897 864 2962 deo
887 2906 921 2962 et
944 2898 1076 2962 ecclesie
1107 2899 1138 2963 S.
1163 2899 1264 2963 Merie

156 3001 195 3064 de
209 2999 414 3086 Laugelege'
429 3008 464 3065 et
479 3001 638 3066 canonicis
653 3000 775 3065 ibidem
791 3001 851 3065 deo
866 3000 1083 3066 seruientibus
1098 3001 1264 3066 ecclesiam

156 3107 194 3172 de
209 3107 298 3171 Eure
314 3128 390 3171 cum
413 3106 562 3170 omnibus
582 3105 790 3192 pertinenciis
809 3105 877 3172 suis
896 3105 932 3170 in
949 3128 1065 3191 puram
1079 3105 1214 3170 liberam
1230 3115 1265 3170 et

156 3218 350 3296 perpetuam
380 3208 589 3274 elemosinam
618 3216 678 3274 etc.
724 3209 850 3274 Profert
880 3208 983 3274 eciam
1013 3217 1134 3273 cartam
1165 3209 1264 3296 Regis

156 3313 287 3378 Ricardi
323 3313 360 3377 in
397 3335 462 3398 qua
497 3313 682 3377 continetur
711 3312 797 3398 quod
826 3311 895 3398 ipse
925 3311 1016 3376 dedit
1045 3319 1080 3376 et
1109 3313 1264 3376 concessit

155 3417 298 3482 Roberto
321 3417 390 3482 filio
413 3416 531 3503 Rogeri
552 3439 610 3503 pro
630 3416 780 3502 homagio
801 3425 835 3480 et
855 3415 990 3480 seruicio
1010 3438 1068 3480 suo
1083 3416 1262 3480 manerium

154 3521 194 3586 de
224 3521 313 3585 Eure
344 3521 470 3607 integre
496 3519 566 3584 sine
588 3520 655 3584 ullo
677 3527 900 3584 retenemento
923 3542 997 3584 cum
1020 3518 1169 3584 omnibus
1191 3541 1263 3604 per-

155 3625 305 3690 tinenciis
335 3624 404 3688 suis
434 3623 611 3688 tenendum
641 3622 682 3687 de
712 3645 750 3688 eo
780 3631 814 3687 et
843 3621 1016 3686 heredibus
1045 3621 1112 3686 suis
1141 3621 1264 3686 sibiet

154 3730 330 3794 heredibus
355 3728 423 3792 suis
446 3751 504 3814 per
529 3728 702 3793 seruicium
729 3727 814 3792 feodi
839 3727 936 3791 unius
959 3726 1072 3790 militis
1095 3749 1153 3812 pro
1175 3726 1263 3791 omni

152 3835 289 3901 seruicio
304 3856 405 3920 quere
420 3834 494 3898 uult
509 3840 544 3897 et
558 3833 696 3919 precipit
711 3832 797 3918 quod
812 3832 899 3898 idem
911 3831 1073 3896 Robcrtus
1084 3843 1118 3897 ct
1130 3832 1264 3897 heredes

184 4012 276 4063 1Τιιιι
287 4011 443 4076 j'udgmeut
435 4028 458 4062 ιι
469 4015 517 4064 not
528 4011 598 4062 inB.
733 4011 816 4061 made.
850 4009 903 4060 For
917 4009 962 4060 the
977 4009 1069 4060 earlier
1079 4009 1209 4072 litigetion
1221 4025 1264 4061 see

184 4079 243 4130 'In
259 4079 283 4128 A
302 4078 348 4128 the
362 4077 446 4128 words
461 4093 509 4140 per
527 4085 684 4128 attentatum
733 4077 793 4126 Rot.
806 4075 866 4126 Gur.
880 4076 942 4138 Reg.
958 4076 1009 4126 vol.
1022 4077 1046 4134 2,
1062 4090 1087 4138 p.
1103 4077 1142 4128 le.

153 4143 339 4206 mnbslong
365 4143 526 4194 toanother
547 4157 615 4202 ease,
637 4143 683 4192 but
766 4142 934 4199 *Amffao
957 4140 1115 4190 Bmmltd.

153 4209 215 4272 they
225 4210 324 4272 project
303 4159 392 4258 nginto
407 4209 462 4258 thia
475 4223 535 4258 csse
550 4207 602 4258 and
617 4207 683 4258 beve
767 4207 777 4240 ⁵
790 4222 838 4270 pro
849 4208 931 4256 calata
942 4207 973 4268 A,
986 4206 1009 4255 B
1021 4207 1122 4271 supply.

154 4271 1034 4336 misledthecopyist3dnregardthem⁰Om1tdedrtAB.

186 4341 234 4388 ³A
243 4339 313 4402 hugo
324 4342 406 4390 Error
416 4310 466 4389 lias
477 4338 542 4388 been
556 4337 683 4388 scribbled
766 4337 776 4370 ⁷
794 4337 883 4401 Abbey
902 4337 931 4388 οι
951 4337 1094 4400 Langley
1086 4352 1115 4386 ιιι
1138 4335 1262 4395 Norlolk;

154 4404 184 4454 in
201 4405 245 4454 the
261 4404 363 4466 margin
382 4403 413 4454 οι
433 4405 463 4462 Α,
482 4403 633 4466 apparently
649 4401 684 4466 by
735 4402 848 4454 Monast.
861 4401 951 4454 ιοι.ι
925 4401 959 4452 ιιι.
971 4405 1064 4466 p..929

155 4471 200 4519 the
211 4485 304 4532 person
320 4470 378 4520 who
401 4468 457 4519 had
478 4467 524 4518 the
544 4467 685 4518 note-book

1092 4571 1175 4631 5-2
