3314 5238
493 451 641 515 rammi,
664 441 847 516 ao..1231,
871 453 933 502 su
959 441 1007 502 15.
1239 437 1302 506 4⁷3

190 635 338 691 moi-tuus
354 635 405 691 est
420 627 504 692 emit
520 635 638 691 terram
654 625 744 690 illam
762 624 939 690 secundum
954 622 1040 710 quod
1055 608 1238 710 predictum
1253 635 1303 691 est

190 739 224 796 et
249 724 342 795 illam
367 730 460 796 dedit
482 729 626 816 predicte
648 729 769 794 Basilie
792 737 826 792 et
847 729 919 814 ipso
941 727 1062 793 Basilia
1083 728 1147 792 fuit
1170 727 1246 793 inde
1268 728 1303 792 in

190 833 311 900 seisina
324 857 385 921 per
399 857 501 900 annos
516 842 550 899 et
562 833 630 898 dies
644 842 723 897 ante
738 840 874 897 mortem
890 831 992 918 ipsius
1007 831 1143 897 Galfn'di
1155 838 1189 895 et
1200 853 1303 916 usque

191 937 233 1002 ad
260 947 402 1003 mortem
425 937 528 1024 ipsius
554 936 691 1002 Galfiidi
717 945 751 1000 et
776 945 849 1022 post
874 943 1012 1000 mortem
1037 934 1140 1020 ipsius
1167 933 1303 998 Galfridi

193 1041 286 1106 uenit
315 1041 405 1106 idem
436 1042 618 1106 Herbertus
647 1049 682 1105 et
712 1040 888 1105 disseisiuit
918 1063 990 1104 eam
1020 1039 1140 1103 iniuste
1170 1045 1205 1102 et
1233 1037 1303 1102 sine

193 1143 313 1208 iudicio
336 1145 422 1210 sicut
443 1146 542 1210 breue
564 1145 643 1209 dicit
663 1153 698 1208 et
720 1143 942 1210 terramillam
959 1142 1067 1208 tenuit
1080 1142 1116 1206 in
1130 1165 1229 1206 manu
1244 1164 1304 1208 sua

194 1269 251 1332 per
273 1246 448 1313 dimidium
469 1271 590 1312 annum
611 1255 685 1333 post
704 1247 905 1312 disseisinem
923 1247 1022 1324 illam,
1037 1255 1072 1312 et
1086 1254 1199 1332 postea
1212 1247 1302 1310 illem

194 1351 285 1416 dedit
300 1352 447 1437 predicto
463 1351 606 1417 Galfrido
626 1351 809 1437 Capellano.
854 1351 898 1415 Et
913 1350 985 1415 ideo
1000 1350 1237 1415 consideratum
1253 1359 1303 1414 est

194 1455 280 1540 quod
296 1455 443 1540 predicta
459 1456 579 1520 Basilia
593 1455 798 1542 recuperauit
809 1455 960 1520 seisinam
971 1477 1063 1520 suam
1075 1462 1109 1518 et
1121 1453 1302 1519 Herbertus

194 1559 228 1622 in
243 1559 473 1636 misericordia„
488 1569 522 1624 et
537 1560 615 1646 quia
628 1559 715 1624 idem
737 1559 918 1624 Herbertus
940 1565 1149 1644 portantum
1172 1566 1303 1643 tempus

194 1671 267 1747 post
291 1661 494 1726 disseisiuam
518 1663 607 1727 illam
632 1663 740 1728 tenuit
761 1663 989 1728 terramillam
1011 1663 1046 1726 in
1066 1685 1165 1726 manu
1185 1685 1244 1726 sua
1267 1671 1302 1726 et

195 1773 308 1850 postea
330 1765 419 1829 illam
442 1763 533 1830 dedit
553 1767 698 1852 predicto
720 1766 872 1843 Galfrid0‚
889 1765 1135 1832 Consideratum
1151 1765 1302 1852 estquod

195 1869 361 1934 Galfridus
384 1893 455 1934 eam
478 1893 542 1934 non
565 1870 741 1936 disseisiuit
762 1879 796 1934 et
814 1870 887 1935 ideo
901 1869 970 1956 ipse
986 1869 1117 1955 quietus
1132 1878 1166 1934 et
1181 1869 1303 1936 Basilia

193 1972 228 2036 in
243 1973 463 2038 misericordie
477 1997 534 2059 pro
549 1975 628 2039 falso
643 1975 781 2040 clamore
796 1997 908 2039 uersus
924 1974 1113 2039 Galfridum.

137 2138 144 2153 ,
259 2077 444 2142 ¹Robertus
459 2078 578 2163 Pipard
593 2086 627 2142 et
642 2079 718 2143 alii²
732 2078 788 2164 iiij.
805 2077 927 2142 milites
941 2077 1032 2142 missi
1046 2077 1088 2142 ed
1104 2076 1301 2142 Matillidem
1379 2091 1404 2119 ⁸²

195 2179 320 2244 Gifferd
336 2202 449 2266 queso
465 2181 694 2246 essoniauitde
715 2182 800 2269 maio
821 2181 897 2246 lecti
919 2203 1031 2246 uersus
1046 2181 1216 2246 Warinum
1237 2181 1242 2269 Ι
1260 2181 1301 2246 de
1405 2153 1436 2183 rs

195 2283 308 2348 Monte
326 2283 456 2349 Cenisio
470 2283 511 2348 de
525 2284 645 2370 placito
660 2293 745 2350 terre
765 2285 800 2349 in
820 2285 977 2349 comitatu
1000 2285 1118 2350 Caneie
1140 2295 1302 2351 uenerunt

193 2411 300 2452 eorem
323 2387 509 2451 iusticiariis
530 2396 564 2452 et
583 2387 736 2452 dixerunt
756 2388 842 2474 quod
862 2387 1017 2452 uiderunt
1031 2411 1103 2453 eam
1119 2388 1171 2453 die
1186 2389 1302 2454 Mortis

194 2491 229 2554 in
243 2491 334 2578 uigil.
351 2491 382 2556 S.
400 2491 532 2578 Georgii
547 2500 581 2556 et
600 2491 686 2577 quod
708 2491 862 2577 languide
881 2500 932 2556 est
947 2501 981 2556 et
996 2492 1082 2578 quod
1096 2492 1256 2558 dederunt
1272 2493 1302 2558 ei

191 2594 282 2658 diem
297 2593 386 2658 odie
401 2603 460 2659 ete.
476 2594 565 2680 apud
580 2596 696 2660 turrim
716 2595 973 2660 Londoniensem
989 2595 1075 2682 quod
1090 2605 1168 2662 tuuc
1183 2597 1227 2662 sit
1241 2606 1301 2664 etc.

12 2703 14 2796 Ι
195 2697 289 2762 Idem
304 2697 375 2761 dies
389 2695 486 2760 datus
501 2705 551 2762 est
566 2697 699 2762 Wsrino
713 2719 772 2784 per
785 2705 987 2762 attornatum
1002 2721 1097 2764 suum
1112 2699 1147 2764 in
1162 2700 1272 2767 banco.

70 2814 145 2876 619,
259 2800 466 2865 ”Willelmus
495 2801 536 2865 de
566 2801 812 2888 Buckingeham
847 2801 944 2888 petiit
980 2825 1093 2866 uersus
1129 2803 1302 2868 Isabellam
1377 2829 1392 2858 u

195 3009 282 3094 quod
297 3007 472 3074 Comitissa
485 3009 564 3072 alias
579 3009 744 3094 respondit
759 3008 845 3094 quod
857 3009 1041 3074 Willelmus
1054 3009 1224 3075 bastardus
1239 3011 1303 3078 fuit

193 3113 243 3176 ita
260 3112 349 3198 quod
368 3111 497 3197 loquela
516 3112 703 3176 transmissa
722 3112 786 3176 fuit
806 3111 847 3176 ad
867 3112 989 3178 curiam
1009 3113 1233 3178 cristianitatis
1252 3123 1303 3180 set
1360 3130 1363 3138 ·

194 3215 404 3303 legittimitas
425 3215 569 3280 nondum
587 3215 722 3300 probate
740 3216 811 3280 fuit.
857 3217 901 3280 Et
920 3216 1094 3282 Comitissa
1107 3239 1165 3303 per
1179 3217 1202 3282 J
1203 3217 1302 3282 ohan-

194 3341 270 3382 nem
301 3317 464 3383 Clericum
489 3325 690 3382 attornatum
716 3341 811 3383 suum
836 3319 928 3384 uenit
952 3327 986 3384 et
1009 3321 1172 3408 cognoscit
1194 3321 1302 3408 ipsum

194 3443 263 3488 ease
279 3421 490 3508 legittimum,
500 3430 535 3486 et
544 3422 727 3488 Willelmus
741 3423 883 3488 remittit
897 3424 1050 3489 clamium
1065 3447 1122 3511 pro
1137 3449 1166 3491 x.
1178 3427 1302 3505 marcis,

194 3535 230 3592 et
258 3549 325 3591 non
354 3533 490 3611 possunt
519 3525 638 3590 habere
667 3526 891 3614 cirographum
922 3535 1097 3614 antequam
1130 3529 1303 3598 Comitissa

194 3637 486 3707 resummoueatur‚
498 3629 571 3695 ideo
592 3630 688 3695 datus
710 3639 761 3695 cst
782 3630 851 3696 dies
872 3631 913 3696 de
935 3632 1090 3718 capiendo
1114 3633 1302 3721 cirographo

194 3734 325 3821 quando
354 3733 454 3799 fuerit
483 3733 715 3799 resummonita
743 3733 841 3798 simul
870 3757 944 3800 eum
970 3735 1042 3800 aliis
1068 3737 1242 3802 nominatis
1267 3738 1301 3803 in

194 3837 287 3903 breui
293 3837 311 3902 ⁴.
358 3837 475 3902 Postea
489 3837 688 3902 summonita
701 3845 751 3902 est
766 3860 786 3902 a
800 3837 853 3902 die
868 3847 927 3903 ete.

136 4003 144 4016 ,
259 3942 427 4008 Johannes
449 3941 562 4006 Duket
582 3949 616 4005 et
636 3941 772 4006 Matillis
787 3964 867 4006 uxor
881 3941 951 4006 eius
965 3944 1155 4009 summoniti
1169 3945 1302 4010 fuerunt
1362 3973 1418 4013 sun.

182 4045 235 4112 ,ad
250 4043 526 4109 warentizaudum
541 4043 678 4108 Ricardo
698 4043 739 4109 de
760 4043 945 4110 Corneuilla
961 4045 985 4132 j.
1002 4047 1204 4135 mesuagium
1226 4072 1300 4114 cum

193 4159 274 4236 pert.
291 4148 327 4213 in
342 4146 503 4212 Morduna
517 4147 603 4233 quod
619 4155 710 4213 tenet
725 4155 760 4213 et
775 4148 814 4213 de
831 4149 877 4214 eis
892 4157 1003 4216 tenere
1023 4151 1141 4217 clamat
1161 4161 1195 4218 et
1214 4155 1300 4220 unde

193 4263 316 4318 cartam
331 4252 474 4338 ipsorum
490 4251 590 4316 habet
605 4259 662 4318 etc.

225 4433 235 4465 ¹
251 4433 282 4482 B.
295 4448 330 4482 m.
344 4433 384 4482 16.
806 4435 816 4466 ³
832 4435 862 4485 B.
876 4449 911 4486 m.
925 4439 962 4488 17.

225 4499 235 4530 ²
252 4499 348 4548 Names
360 4497 387 4548 in
399 4498 429 4549 B.
805 4501 816 4532 ⁴
832 4500 899 4550 Here
910 4501 932 4549 B
945 4507 1026 4566 steps.
