3212 5230
331 425 395 496 374
538 434 857 500 mensunusum
883 423 977 500 1230,
1000 435 1062 487 nn
1088 423 1226 487 lla-15.

330 633 389 699 per
413 610 455 676 ix.
481 610 679 697 septimanas
708 614 821 674 contro
848 607 983 674 uadium
1013 615 1048 673 et
1078 608 1223 696 plegium
1252 631 1311 696 per
1340 630 1440 696 quam

330 717 514 804 capcionem
540 715 754 782 deterioratae
780 720 831 778 est
856 720 892 778 et
917 712 1096 798 dampnum
1122 712 1223 778 habet
1247 713 1290 778 ad
1316 723 1378 780 etc
1401 737 1441 779 eo

330 819 417 906 quod
431 842 495 884 non
511 819 620 912 potuit
634 828 753 884 terram
767 817 857 882 illam
873 817 1017 882 excolere
1032 825 1178 902 tempore
1193 827 1360 903 oportuno.

168 933 273 1028 geg}
396 924 490 990 Idem
504 924 683 990 Rollandus
697 921 864 988 ethachiat
850 929 903 987 tus
918 922 982 988 fuit
997 921 1039 987 ad
1053 922 1313 1008 respondendum
1331 923 1440 989 eidem

168 1029 240 1069 ⁸¹⁰⁶*
240 1037 294 1069 ‘¹¹¹¹
331 1028 461 1094 Andree
483 1051 582 1115 quare
604 1051 669 1094 non
691 1027 839 1114 permisit
861 1049 937 1092 eum
961 1030 1083 1092 metere
1105 1027 1203 1092 blada
1225 1051 1285 1094 sua
1307 1027 1349 1093 de
1373 1051 1443 1093 una

170 1143 204 1182 Νο
191 1146 266 1229 οιιιι
248 1143 291 1183 uod
273 1132 411 1240 ml>uirg.
432 1140 517 1198 terre
541 1156 616 1198 cum
639 1141 720 1220 pert.
741 1132 776 1196 in
795 1130 937 1196 Acstede
960 1153 1020 1196 nec
1040 1132 1269 1198 terramillam
1293 1133 1440 1198 excolere

169 1283 177 1322 ι
169 1237 319 1332 „fust
273 1200 457 1302 ml>desicut
471 1244 558 1302 terra
571 1237 629 1303 illa
642 1235 798 1302 remansit
813 1234 920 1302 eidem
934 1235 1064 1301 Andree
1079 1257 1138 1321 per
1151 1235 1249 1302 finem
1264 1236 1414 1302 factum
1403 1259 1439 1301 1n

130 1373 131 1378 ι
168 1377 249 1416 „nm
257 1378 289 1416 ,ω
331 1339 421 1404 ouria
438 1340 531 1405 Dom.
551 1339 651 1426 Regis
670 1338 758 1425 apud
777 1339 1103 1404 westmonasterium
1122 1339 1209 1404 inter
1229 1339 1377 1406 Odonem
1397 1339 1441 1404 dc

168 1387 290 1510 iiiiidinffl‘
333 1442 499 1508 Oroberst¹
528 1451 563 1506 et
592 1441 774 1529 predictum
803 1442 969 1508 Andrerm
998 1451 1033 1508 et
1065 1443 1150 1510 unde
1176 1443 1264 1508 idem
1289 1443 1440 1509 Andreas

168 1517 285 1650 iffiz
259 1528 307 1558 Μ
331 1547 479 1633 queritur
498 1546 584 1633 quod
606 1569 671 1611 non
692 1545 841 1632 permisit
862 1569 938 1612 eum
960 1555 1083 1612 metere
1104 1549 1145 1612 xl.
1169 1570 1229 1614 aer.
1252 1570 1357 1612 auene
1378 1569 1441 1612 nec

169 1657 277 1707 ⁹¹⁰⁸¹¹¹¹¹¹¹
330 1673 469 1716 auenam
492 1649 582 1714 illam
606 1649 755 1736 colligere
777 1671 836 1736 per
858 1650 944 1736 quod
965 1651 1236 1737 impedimentum
1257 1651 1439 1738 dampnum

330 1752 430 1816 hahet
444 1760 504 1817 etc.
520 1759 554 1816 et
568 1750 644 1816 inde
659 1751 809 1837 producit
823 1761 954 1818 sectam.

271 1910 276 1919 .
395 1856 439 1920 Et
462 1855 640 1920 Rollandus
663 1855 756 1920 uenit
781 1864 816 1922 et
842 1855 988 1922 defendit
1009 1856 1166 1922 iniustam
1189 1856 1375 1943 capcionem
1401 1865 1439 1920 et

319 1959 552 2026 dotencionem
581 1966 693 2024 contra
720 1959 855 2024 uadium
885 1967 919 2024 et
947 1959 1093 2046 plegium
1128 1969 1163 2026 et
1191 1961 1371 2047 dampnum
1401 1970 1440 2025 et

330 2071 437 2128 totum
452 2071 487 2128 et
501 2063 584 2128 bene
599 2063 761 2149 cognoscit
777 2062 863 2148 quod
882 2063 993 2128 aueria
1012 2062 1070 2128 illa
1089 2063 1178 2150 cepit
1198 2071 1232 2128 et
1252 2063 1338 2127 iuste
1358 2062 1440 2148 quia

330 2165 387 2230 illa
400 2165 488 2251 cepit
502 2173 634 2251 propter
648 2165 810 2252 arreragia
823 2165 951 2230 seruicii
971 2163 1076 2230 debiti
1096 2165 1136 2229 de
1157 2164 1270 2230 eedem
1293 2172 1381 2229 terra
1402 2172 1440 2229 et

330 2268 416 2332 unde
431 2267 511 2332 dicit
526 2267 759 2354 quodquidam
775 2268 962 2354 Stephanus
976 2269 1017 2334 do
1034 2267 1203 2334 Oroherst³
1217 2267 1326 2332 tenuit
1340 2267 1382 2332 de
1397 2289 1439 2331 eo

330 2381 449 2438 terram
464 2373 554 2437 illam
569 2381 604 2436 et
619 2372 761 2438 reddidit
776 2372 807 2437 ei
822 2371 898 2438 inde
913 2371 970 2457 iiij.
985 2372 1040 2436 sol
1056 2393 1201 2457 perenn
1217 2379 1252 2436 et
1269 2371 1301 2456 ij.
1323 2371 1379 2436 sol.
1393 2369 1440 2435 ad

329 2475 512 2562 scutagium
521 2476 650 2562 quando
661 2475 845 2563 scutagium
857 2476 1004 2541 eueniret
1015 2476 1080 2541 scil
1092 2475 1126 2562 ij.
1137 2476 1192 2542 sol.
1203 2475 1245 2540 ad
1252 2475 1285 2561 ij.
1294 2497 1390 2539 marc.
1401 2483 1439 2540 et

329 2580 371 2644 ad
388 2581 462 2665 plus
476 2580 551 2666 plus
565 2589 599 2644 et
614 2579 656 2645 ad
671 2580 779 2646 minus
794 2580 902 2646 minus
916 2589 951 2647 et
965 2580 1031 2646 alia
1045 2581 1182 2646 semicia
1196 2589 1230 2646 et
1245 2580 1332 2645 unde
1346 2579 1439 2644 idem

328 2683 476 2748 Andreas
494 2683 592 2750 debet
614 2683 646 2748 ei
667 2685 771 2750 facere
794 2685 967 2750 seruioium
988 2685 1080 2762 illud,
1094 2685 1172 2771 quia
1193 2685 1293 2750 habet
1314 2693 1440 2749 terram

328 2789 418 2853 illam
437 2811 511 2854 cum
534 2787 646 2853 onere⁴
664 2797 699 2854 et
721 2789 804 2855 bene
826 2789 972 2855 defendit
994 2799 1106 2855 contra
1126 2789 1234 2876 ipsum
1256 2797 1291 2854 et
1312 2797 1440 2854 sectam

328 2915 420 2958 suam
450 2892 536 2979 quod
565 2893 636 2978 ipsa
663 2893 775 2958 oueria
802 2916 867 2959 non
904 2893 1048 2960 detinuit
1081 2903 1193 2958 contra
1228 2892 1363 2958 uadium
1400 2901 1441 2957 et

328 2997 481 3084 plegium,
497 3005 532 3062 et
546 2997 627 3062 dicit
642 2997 728 3084 quod
742 2998 811 3084 ipse
826 2997 974 3062 Andreas
989 2997 1052 3062 fuit
1067 2997 1102 3061 in
1121 2997 1240 3062 seisinu
1258 2997 1298 3061 de
1319 2997 1440 3062 eadem

303 3107 415 3164 ‘terra
440 3123 469 3164 x.
494 3121 568 3166 ann.
595 3109 629 3164 et
655 3122 693 3164 eo
722 3101 861 3187 amplius
883 3101 948 3166 scil
971 3101 1006 3164 in
1027 3101 1167 3188 guerra⁶,
1189 3107 1224 3164 et
1244 3099 1325 3164 dicit
1347 3100 1441 3184 quod

329 3203 496 3267 distrinxit
511 3203 641 3268 feodum
656 3227 753 3270 suum
768 3227 826 3290 per
836 3206 991 3270 aneriain
1002 3228 1040 3271 eo
1051 3206 1196 3272 inuenta
1233 3206 1277 3270 Et
1286 3205 1442 3272 Andreas

328 3307 411 3371 bene
431 3305 577 3372 defendit
597 3307 684 3394 quod
705 3309 796 3374 nulla
817 3309 849 3374 ei
870 3309 969 3374 debet
985 3310 1131 3398 areragia
1149 3311 1286 3376 alicuius
1304 3311 1441 3378 seruicii

328 3410 406 3496 quia
420 3409 499 3476 dicit
514 3411 600 3497 quod
614 3412 683 3498 ipse
699 3436 763 3477 non
778 3413 894 3479 habuit
909 3414 1060 3479 seisinam
1075 3415 1116 3480 de
1136 3415 1249 3480 eedem
1269 3423 1357 3480 terra
1370 3415 1441 3481 nisi

328 3523 459 3579 tantum
479 3515 521 3580 ad
536 3517 656 3582 festum
677 3517 819 3584 Natiuit.
841 3519 873 3584 S.
891 3518 966 3584 Joh.
987 3519 1081 3604 Bapt.
1102 3541 1188 3584 anno
1208 3519 1316 3604 elapso
1336 3528 1372 3584 et
1393 3519 1439 3585 de

328 3629 473 3705 tempore
489 3643 552 3706 quo
567 3621 636 3707 ipse
650 3622 741 3687 illam
756 3623 865 3688 tenuit
879 3623 1022 3688 reddidit
1042 3623 1073 3688 ei
1092 3623 1266 3688 seruicium
1286 3623 1375 3709 quod
1392 3624 1440 3690 ad

328 3732 447 3789 terram
462 3725 551 3790 illam
567 3726 711 3812 pertinet
726 3727 790 3792 scil.
806 3727 863 3813 iiij.
880 3728 934 3793 sol
950 3737 985 3792 et
999 3727 1083 3793 bene
1097 3727 1243 3793 defendit
1257 3727 1345 3814 quod
1359 3729 1439 3815 plus

327 3827 499 3892 semicium
513 3851 578 3892 non
596 3829 695 3894 debet
714 3838 750 3894 et
769 3829 849 3894 dicit
869 3829 955 3917 quod
977 3853 1079 3916 usque
1100 3830 1143 3895 ad
1163 3829 1250 3895 diem
1272 3853 1337 3916 quo
1359 3832 1440 3899 finis

327 3932 432 3995 factus
447 3931 510 3995 fuit
525 3930 732 4016 interipsum
748 3940 782 3997 et
797 3932 944 3998 Odonem
959 3932 999 3998 de
1016 3933 1168 3999 Oroherst
1182 3933 1246 3998 fuit
1257 3933 1344 3999 idem
1361 3936 1438 4002 Odo

326 4035 361 4099 in
383 4035 501 4100 seisina
522 4035 571 4100 its
591 4035 677 4121 quod
699 4059 784 4101 anno
806 4037 861 4101 illo
881 4037 1111 4102 terramillam
1133 4037 1273 4102 excoluit
1292 4046 1329 4102 et
1348 4038 1438 4105 bene

359 4210 555 4270 ²0rotcrst,h.
903 4213 1017 4262 notator.
1052 4213 1220 4272 Orchenth.

358 4277 433 4328 'See
443 4277 564 4335 Braoton,
575 4277 594 4327 f.
608 4277 656 4328 156
667 4277 710 4336 fla
728 4277 742 4326 1
758 4276 792 4327 do
806 4279 853 4328 not
935 4279 1060 4338 ⁴hoocre,
1079 4279 1109 4329 Δ.
1145 4278 1200 4329 The
1221 4279 1365 4329 annotator
1384 4279 1437 4332 has

326 4342 405 4392 think
416 4341 474 4392 that
484 4341 518 4390 he
528 4341 656 4392 discusses
667 4341 712 4392 the
720 4342 853 4404 questions
902 4343 991 4393 erased
1003 4343 1048 4392 tha
1060 4345 1077 4393 t
1088 4343 1115 4392 in
1128 4343 1172 4392 the
1182 4343 1332 4394 note-book.

327 4407 411 4458 raised
422 4407 450 4456 in
463 4406 515 4456 this
526 4406 677 4469 interesting
687 4423 755 4458 case.
935 4407 946 4440 ⁸
963 4407 1018 4459 The
1029 4423 1081 4460 war
1092 4409 1121 4460 oi
1131 4409 1251 4460 1215-6.

359 4471 487 4523 ’Altcred
509 4471 575 4522 from
604 4475 718 4523 Grobcnt
745 4473 779 4535 by
806 4488 851 4523 an·
