3360 5236
494 451 645 514 ramur,
668 451 733 504 an.
757 440 850 516 1233,
872 453 936 504 aa.
962 439 1009 508 17.
1239 443 1302 508 593

260 619 304 683 Et
320 619 495 686 Abbatissa
509 619 690 708 dicitquod
705 646 873 711 nunquam
888 634 1034 713 tempore
1049 627 1186 694 alicuius
1201 629 1301 716 Regis

194 743 253 814 nec
272 721 472 788 uicecomitis
491 723 582 788 dedit
602 725 674 790 illas
694 749 723 790 x.
739 749 843 804 marc,
859 737 893 792 et
914 730 1035 814 profert
1057 737 1178 796 mrtem
1201 732 1301 819 Regis

194 823 329 889 Henrici
353 826 447 904 senia,
473 849 536 913 que
562 835 704 892 testatur
732 827 818 914 quod
847 831 1002 894 concessit
1031 832 1078 896 eis
1107 833 1301 900 monialibus

194 923 397 992 hundredum
427 929 509 993 illud
539 937 573 994 et
603 929 712 994 omnia
741 931 862 1016 placita
897 932 940 996 ed
975 933 1181 1000 hundredum
1217 937 1299 1002 illud

192 1029 393 1114 pertinencia
416 1031 578 1097 reddendo
604 1031 680 1096 inde
704 1054 762 1119 per
785 1056 858 1099 ann.
882 1035 922 1100 xl.
946 1036 1000 1100 sol.
1046 1037 1170 1102 Profert
1197 1039 1299 1104 eciam

191 1141 314 1197 cartam
344 1135 478 1200 Henrici
508 1136 607 1224 Regis
636 1137 692 1202 aui
718 1137 810 1202 Dom.
838 1138 938 1226 Regis
963 1161 1026 1225 que
1056 1142 1225 1209 confirmat
1252 1145 1299 1210 eis

192 1236 373 1322 predictum
388 1238 594 1304 hundredum
609 1262 666 1326 pro
681 1239 723 1306 xl.
739 1240 793 1304 sol.
809 1240 987 1305 secundum
1007 1251 1195 1328 proportum
1211 1253 1298 1309 carte

192 1341 328 1407 Henrici
342 1343 442 1431 Regis
456 1345 511 1409 aui
526 1344 585 1424 sui,
601 1353 635 1410 et
650 1345 736 1432 quod
756 1345 869 1432 quieta
888 1367 956 1411 esse
976 1345 1095 1412 debeat
1112 1371 1170 1434 pro
1185 1349 1225 1415 xl.
1242 1350 1297 1415 eol.

191 1447 283 1533 ponit
298 1471 333 1512 se
349 1456 407 1513 etc

256 1551 301 1616 Et
324 1553 497 1619 Comitissa
517 1577 576 1640 per
597 1561 799 1620 attornatum
821 1576 917 1618 suum
938 1553 1018 1618 dicit
1042 1553 1127 1640 quod
1152 1542 1299 1640 predicta

191 1655 366 1720 Abbatissa
388 1679 516 1744 semper
540 1657 681 1723 reddidit
707 1657 868 1744 predictos
893 1658 934 1720 xl.
957 1658 1011 1721 sol.
1035 1665 1070 1722 et
1094 1667 1242 1744 preterea
1267 1684 1296 1728 x,

191 1781 285 1825 marc.
308 1783 366 1846 pro
388 1761 513 1826 duobus
539 1761 644 1827 turnis
669 1784 749 1849 quos
774 1762 952 1827 uicecomes
978 1762 1081 1826 faeere
1105 1761 1238 1828 deberet
1261 1763 1296 1828 in

191 1861 303 1926 eodem
318 1863 486 1928 hundredo
502 1887 559 1950 per
573 1887 703 1930 annum.
749 1866 792 1930 Et
813 1864 941 1951 quesita
960 1864 988 1929 si
1007 1864 1126 1929 habere
1146 1865 1244 1930 debet
1262 1875 1297 1931 et

191 1967 271 2031 solet
286 1967 358 2032 illes
373 1991 401 2032 x.
418 1991 512 2035 merc.
528 1970 704 2035 Abbatissa
718 1970 825 2035 inuita
838 1970 866 2034 si
881 1971 1060 2035 uicecomes
1079 1971 1162 2035 uelit
1177 1972 1297 2056 placita

191 2069 343 2156 placitare
366 2079 401 2136 et
422 2072 597 2138 Abbatisse
619 2074 806 2160 permittere
829 2075 912 2139 uelit
933 2098 1008 2139 eum
1031 2074 1195 2161 placitare,
1216 2075 1296 2140 dicit

192 2174 276 2260 quod
313 2198 480 2263 nunquam
519 2178 690 2264 placitauit
726 2179 791 2244 ibi¹
829 2201 956 2265 semper
991 2179 1111 2244 habere
1148 2180 1230 2244 solet
1266 2203 1296 2246 x.

190 2301 284 2346 marc

256 2385 300 2450 Et
322 2385 498 2452 Abbatissa
519 2386 599 2452 dicit
621 2387 707 2473 quod
732 2388 814 2453 bene
837 2389 914 2453 licet
936 2389 1119 2454 uicecomiti
1141 2388 1296 2476 placitare

190 2487 310 2574 placita
324 2511 438 2554 corone
453 2497 487 2554 et
507 2489 571 2555 alia
590 2490 711 2576 placita
731 2513 793 2576 que
814 2491 980 2578 pertinent
999 2492 1041 2556 ad
1062 2493 1155 2558 Dom.
1170 2492 1295 2580 Regem

190 2603 240 2660 set
255 2595 319 2660 ulia
333 2595 462 2660 minuta
480 2595 601 2682 placita
620 2618 683 2682 que
704 2595 871 2681 pertinent
890 2595 932 2659 ad
952 2595 1176 2662 uicecomitem
1199 2605 1234 2662 et
1253 2597 1296 2662 ad

190 2697 394 2762 hundredum
410 2697 546 2784 placita¹
559 2697 631 2784 ipsa
645 2705 680 2762 et
695 2697 794 2762 habet
809 2697 893 2763 inde.

256 2803 299 2868 Et
319 2804 396 2889 quia
414 2803 600 2868 continetur
621 2803 656 2867 in
678 2802 775 2868 cartis
796 2803 925 2890 Regum
948 2803 1034 2890 quod
1056 2804 1174 2870 habere
1197 2805 1296 2871 debet

190 2906 394 2972 hundredum
417 2907 518 2972 illud³
540 2908 756 2995 quadraginta
778 2909 841 2986 sol,
865 2908 1113 2974 Consideratum
1136 2919 1185 2975 est
1207 2919 1294 2975 certe

191 3019 363 3076 teneantur
380 3021 414 3077 et
434 3012 521 3099 quod
540 3035 761 3078 x.ma1c.non
781 3012 954 3100 exigantur
975 3012 1016 3077 de
1037 3021 1143 3078 cetero
1165 3013 1294 3079 nomine

189 3115 343 3194 redditus,
361 3125 394 3181 et
416 3117 595 3182 uicecomes
616 3117 644 3181 si
666 3117 807 3182 uoluerit
829 3117 942 3181 ueniat
963 3116 1005 3180 ad
1027 3117 1230 3182 hundredum
1253 3117 1295 3183 ad

189 3225 300 3283 tumos
314 3241 388 3284 suos
403 3227 437 3284 et
451 3219 603 3306 placitat⁴
617 3219 739 3305 placita
753 3243 816 3306 que
832 3219 874 3284 ad
885 3219 1109 3284 uicecomitem
1120 3221 1294 3306 pertinent,

189 3323 250 3388 nisi
276 3323 450 3390 Abbatissa
474 3324 557 3389 uelit
582 3325 682 3389 finem
705 3325 809 3390 facere
835 3347 909 3389 cum
933 3347 971 3389 eo
996 3324 1105 3412 gratie.
1151 3327 1195 3390 Et
1218 3327 1296 3413 quia

190 3425 362 3492 comitissa
376 3428 528 3514 cognouit
543 3427 629 3514 quod
644 3427 880 3493 districcionem
895 3427 972 3492 fecit
987 3450 1044 3514 pro
1059 3451 1087 3494 x.
1104 3451 1198 3494 marc.
1210 3430 1295 3495 sicut

189 3552 245 3615 pro
268 3531 407 3609 redditu,
430 3532 503 3597 ideo
528 3533 563 3596 in
589 3532 806 3597 misericordie
831 3533 916 3596 sicut
939 3531 1038 3609 ball’⁸‚
1062 3541 1096 3598 et
1120 3533 1296 3600 Abbatissa

188 3637 307 3702 habeat
322 3637 430 3701 omnia
443 3637 565 3723 placita
584 3659 647 3723 que
667 3637 834 3723 pertinent
853 3636 895 3701 ad
917 3636 1122 3703 hundredum
1145 3661 1203 3725 per
1223 3639 1295 3705 illos

188 3741 229 3806 xl.
244 3741 297 3806 sol
314 3741 491 3806 secundum
507 3741 593 3826 quod
608 3741 643 3804 in
658 3748 748 3805 cama
762 3740 953 3805 continetur.

128 3915 134 3928 ,
252 3845 419 3910 «lohannes
433 3844 474 3909 de
490 3843 675 3910 Getesdena
688 3843 774 3930 petit
789 3865 901 3908 uersus
913 3843 1114 3909 Willelmum
1126 3845 1156 3910 le
1168 3845 1294 3911 Ouuert

189 3949 276 4034 xlvij.
292 3971 386 4014 manc.
402 3957 436 4013 et
451 3947 526 4013 dim.
543 3969 623 4034 quas
638 3947 668 4012 ei
683 3947 782 4012 debet
802 3953 837 4010 et
857 3946 977 4010 iniuste
997 3946 1124 4011 detinet
1144 3955 1182 4012 ut
1203 3948 1290 4013 dicit.

190 4051 233 4115 Et
247 4053 330 4117 bene
345 4051 526 4137 dicitquod
541 4051 639 4115 debet
654 4049 684 4114 ei
699 4049 846 4114 denarios
865 4049 937 4113 illos
956 4071 1014 4134 pro
1033 4049 1097 4114 fine
1112 4073 1209 4136 quem
1224 4051 1293 4137 ipse

191 4155 371 4222 Willelmus
386 4179 460 4222 cum
476 4179 514 4221 eo
528 4155 606 4221 fecit
620 4177 678 4241 pro
693 4152 842 4218 habendo
856 4151 1028 4240 maritagio
1040 4153 1105 4218 filie
1117 4161 1151 4218 et
1166 4153 1294 4220 heredis

220 4344 230 4376 ¹
248 4343 347 4406 supply
357 4351 394 4392 set
407 4343 445 4408 (l).
798 4339 809 4372 ⁴
826 4339 897 4390 Gorr.
906 4341 1022 4404 placitet.

220 4409 231 4439 ¹
247 4409 316 4459 Oorr.
327 4411 447 4472 placitat.
799 4405 810 4437 ⁶
828 4407 920 4455 baltici
934 4405 973 4472 (l).

220 4473 231 4506 ¹
249 4473 346 4537 Supply
354 4490 411 4537 pro.

274 4589 308 4636 M.
