3212 5230
433 462 574 524 mneos,
595 463 660 512 so.
686 448 779 524 1231,
801 460 865 512 nn
890 451 939 512 15.
1170 447 1233 512 393

139 637 216 702 duos
227 657 322 701 annos
335 641 415 699 snte
437 641 576 698 mortem
596 633 696 720 Regis
718 632 868 698 Ricardi²
884 641 918 698 et
933 641 1047 720 postca
1060 655 1187 720 semper
1201 643 1236 698 et

137 743 269 808 maxime
296 741 427 828 quando
452 739 655 806 Normonnia
679 739 807 826 perdita
832 739 896 804 fuit
921 749 956 806 et
981 739 1057 804 inde
1083 740 1176 826 ponit
1201 763 1236 806 so

137 869 229 932 super
240 846 384 932 pctrinm.
423 845 469 908 Et
484 841 651 930 quesitus¹
665 843 693 908 si
708 843 801 908 Dom.
814 843 886 908 Rex
901 843 965 908 fuit
979 843 1056 908 inde
1067 843 1103 908 in
1117 843 1237 910 seisina

137 951 213 1015 dicit
239 949 321 1036 quod
349 957 498 1034 tempore
528 947 628 1035 Regis
653 947 784 1012 Ricaxdi
808 969 868 1034 per
891 947 1022 1034 aliquod
1047 956 1178 1034 tempus
1201 957 1236 1014 et

138 1063 274 1139 tempore
295 1052 395 1140 Regis
417 1051 586 1128 Johannis,
601 1059 635 1115 et
656 1049 786 1136 quando
808 1049 1011 1114 Normsnnia
1029 1051 1158 1136 perdito
1171 1051 1236 1116 fuit

138 1157 213 1222 fuic³
225 1159 291 1244 ipsc
306 1155 470 1222 Gerendus
484 1163 520 1220 et
535 1153 696 1220 Nicholcs
709 1153 744 1217 in
763 1152 883 1218 seisina
902 1162 937 1218 et
957 1163 1128 1241 postquam
1151 1155 1234 1220 Nor·

138 1262 262 1326 mannia
284 1261 413 1347 perdita
434 1259 508 1337 fuit,
523 1266 573 1324 set
594 1266 708 1344 posteo
729 1256 858 1342 quando
880 1257 973 1322 Dom.
997 1257 1068 1324 Rex
1090 1258 1177 1344 cepit
1200 1259 1235 1323 in

139 1388 262 1429 monum
277 1387 369 1429 suam
385 1373 505 1429 termm
521 1361 760 1426 Romanorum⁴
775 1361 862 1446 cepit
877 1361 946 1447 ipsc
961 1371 1080 1428 temam
1095 1363 1185 1428 illam
1200 1363 1235 1428 in

139 1491 261 1534 monum
283 1490 376 1532 susm
403 1475 454 1531 set
479 1465 618 1552 simplici
644 1465 762 1530 seisina
787 1475 821 1530 et
846 1475 960 1552 postea
984 1467 1113 1553 quando
1138 1467 1235 1532 sciuit

139 1572 301 1636 ueritatem
327 1568 471 1634 reddidit
496 1567 575 1654 ipsis
604 1576 724 1633 temam
754 1569 852 1634 illam.
913 1570 957 1634 Et
985 1569 1124 1655 petunt⁵
1150 1571 1236 1656 quod

140 1675 224 1740 Dom.
238 1675 307 1739 Rex
322 1673 422 1738 facist
436 1673 512 1738 inde
532 1673 778 1759 inquisicionem
800 1673 828 1738 si
847 1673 989 1738 uoluerit
1010 1681 1061 1740 set
1084 1673 1236 1741 Oliuerus

140 1779 216 1864 petit
229 1778 312 1865 qnod
327 1800 394 1842 non
409 1777 452 1842 sit
467 1777 645 1842 disseisitus
659 1777 723 1842 nisi
738 1799 796 1863 per
810 1777 974 1842 iudicium.

198 1884 300 1948 Datus
330 1891 381 1948 est
407 1882 454 1947 eis
479 1881 548 1946 dies
574 1891 633 1948 etc
679 1882 723 1946 Et
748 1881 915 1946 sciendum
940 1881 1026 1967 quod
1052 1881 1236 1948 Willclmus

141 1989 223 2053 Brito
235 1989 327 2054 uenit
347 2011 454 2053 coram
475 1987 660 2052 iusticisriis
675 2009 715 2052 cx
730 1996 823 2073 parte
839 1987 933 2052 Dom.
949 1987 1048 2076 Regis
1063 1996 1102 2052 ut
1116 1988 1237 2055 dicitur

141 2101 171 2156 et
184 2091 261 2156 dixit
275 2091 362 2178 quod
376 2091 549 2156 inuentum
565 2099 616 2156 est
629 2091 665 2155 in
679 2091 786 2156 rotulo
805 2091 846 2156 de
866 2091 1023 2156 sosccmio
1045 2091 1131 2178 quod
1153 2101 1235 2157 tem·

141 2219 208 2281 pore
228 2197 268 2261 IL
291 2197 393 2283 Regis
415 2195 473 2282 qui
494 2217 581 2261 nunc
603 2204 654 2260 cst
674 2195 739 2260 fuit
761 2203 848 2260 term
872 2196 930 2261 illa
954 2195 989 2260 in
1015 2219 1114 2261 manu
1140 2196 1233 2262 Dom.

141 2299 229 2385 Regis
242 2299 325 2364 sicut
340 2305 468 2362 escoeta
482 2319 541 2362 sua
554 2297 604 2362 ite
617 2297 703 2384 quod
718 2297 897 2363 uiceccmes
912 2297 1078 2383 respondit
1092 2298 1133 2362 sd
1149 2321 1234 2364 scac-

141 2402 250 2467 ccxium
274 2402 315 2468 de
343 2401 485 2467 exitibus
508 2402 646 2467 duorum
670 2423 838 2478 annorum,
860 2409 894 2466 et
916 2409 1029 2487 posteo
1050 2401 1143 2468 Dom.
1163 2401 1233 2467 Rex

141 2503 220 2569 illam
235 2503 370 2570 tmdidit
385 2505 478 2569 Dom
495 2505 653 2570 Nicholae
668 2505 709 2570 de
727 2505 824 2590 Haya
843 2502 884 2568 sd
905 2503 1109 2568 uoluntatem
1131 2527 1230 2570 susm.

143 2607 180 2670 Et
197 2607 268 2693 quis
286 2609 382 2674 Dom.
403 2607 475 2672 Rex
497 2607 572 2672 uult
597 2608 684 2694 quod
708 2605 883 2692 unicuique
909 2605 1039 2671 iusticia
1063 2607 1233 2673 exibeatur

142 2721 313 2797 preceptum
344 2720 395 2776 est
424 2711 609 2777 uicecomiti
637 2710 723 2797 quod
752 2731 859 2774 coram
881 2708 932 2773 W.
957 2709 997 2774 de
1025 2709 1172 2797 Releghs
1197 2718 1232 2775 et

142 2813 288 2880 Willelmo
311 2815 353 2880 dc
378 2816 492 2880 Insula
514 2815 686 2880 conuenire
710 2815 807 2879 faciat
829 2814 883 2900 xij.
904 2822 973 2878 tnm
993 2813 1113 2878 milites
1133 2836 1231 2900 quom

140 2917 207 2982 dios
226 2919 266 2984 dc
287 2919 436 2984 uiseneto
458 2917 499 2983 de
519 2917 734 3004 Dudingtona
750 2915 838 3002 apud
852 2915 1099 3003 Dudingtonam
1114 2925 1173 2981 etc.
1190 2917 1232 2984 od

139 3022 416 3110 recognoscendum
439 3045 536 3108 snper
557 3029 795 3087 sacramentum
817 3043 912 3085 suum
934 3020 962 3086 si
984 3020 1168 3085 Willelmus
1190 3021 1231 3086 de

138 3113 253 3190 Humtiz
281 3147 368 3189 anno
396 3133 431 3189 et
456 3124 509 3189 die
535 3147 599 3210 quo
625 3121 829 3188 Normannia
856 3122 985 3209 perdito
1009 3121 1082 3200 fuit,
1107 3122 1171 3188 fuit
1196 3123 1231 3188 in

137 3227 243 3293 seisino
255 3229 296 3294 dc
316 3228 462 3315 predicto
483 3229 626 3294 monerio
647 3227 701 3294 uel
722 3227 750 3292 si
769 3227 931 3292 Gerardus
946 3226 986 3292 de
1002 3226 1182 3292 Kounuilla
1196 3235 1231 3292 et

137 3331 284 3398 Nicholos
297 3355 380 3397 uxor
394 3332 463 3398 eius
477 3340 557 3397 tunc
577 3332 709 3397 fuemnt
723 3331 759 3396 in
774 3331 892 3396 seisins
906 3330 946 3395 de
961 3331 1106 3416 predicto
1120 3353 1230 3397 mane·

135 3436 229 3502 riost
251 3459 338 3502 anno
364 3437 419 3501 et‘
440 3445 585 3524 tempore
608 3437 708 3524 Regis
731 3435 861 3501 Ricordi
883 3444 918 3500 et
942 3444 1055 3520 postes
1079 3435 1164 3500 sicut
1189 3435 1230 3502 de

135 3547 217 3622 pnrte
230 3561 290 3604 sue
303 3562 368 3626 que
384 3561 438 3604 eos
452 3539 663 3627 contingebat
677 3539 718 3604 de
733 3539 916 3604 hereditate
931 3561 994 3624 que
1014 3538 1078 3603 fuit
1100 3539 1231 3604 Ricmdi
1296 3537 1298 3542 ’

134 3642 169 3707 de
188 3644 281 3732 Hayc
301 3645 406 3731 patris
428 3645 571 3731 ipsarum
593 3643 751 3709 Nicholae
774 3643 865 3709 Julie
888 3651 923 3707 et
944 3642 1082 3707 Isobelle
1105 3651 1173 3707 tam
1195 3643 1231 3708 in

134 3745 243 3833 Anglic
262 3769 363 3834 quam
383 3747 419 3811 in
434 3745 635 3811 Normcnnia
656 3768 715 3832 per
736 3745 866 3810 finalem
888 3743 1088 3809 concordiam
1111 3744 1229 3809 factem

132 3845 210 3913 inter
222 3849 405 3935 predictum
421 3847 600 3914 Gemidum
616 3847 809 3913 Nicholonm
824 3855 858 3912 et
872 3845 1047 3932 participes
1061 3867 1143 3911 suos.

46 3959 94 4024 504.
190 3953 350 4019 Robertus
364 3952 405 4018 de
421 3953 569 4018 Hattona
579 3961 614 4018 et
626 3953 682 4018 alii
693 3951 882 4017 summoniti
897 3953 1029 4016 fuerunt
1043 3949 1085 4014 od
1099 3972 1228 4036 respon·
1319 3985 1331 4015 ο

162 4095 171 4127 ¹
186 4097 257 4146 Some
268 4095 353 4146 words
367 4111 412 4146 em
427 4095 543 4158 wanting
560 4097 587 4144 to
604 4094 649 4144 the
700 4093 799 4143 seizure
815 4091 845 4142 os
864 4091 917 4141 this
933 4107 1026 4142 monor
1046 4107 1087 4143 see
1103 4093 1163 4144 Rot.
1187 4095 1226 4145 01.

133 4161 199 4211 effect
219 4161 275 4212 thet
294 4161 395 4212 Gsmrd
405 4159 442 4210 'of
463 4160 574 4210 ccmvill
595 4159 649 4210 ond
699 4160 749 4210 vol.
765 4174 783 4208 1.
795 4174 821 4222 p.
834 4159 874 4216 79,
886 4161 963 4221 entny
973 4159 996 4207 1.

133 4224 170 4274 his
181 4227 235 4276 wite
251 4242 315 4277 were
332 4225 417 4276 seised
433 4225 462 4274 in
479 4225 524 4275 the
542 4225 606 4276 time
622 4227 651 4275 ct
731 4225 742 4257 ⁶
759 4223 875 4272 Willism
886 4221 1044 4285 Longswcrd
1055 4223 1107 4272 and
1120 4223 1226 4275 Idonea.

134 4289 243 4341 sichero
733 4289 744 4322 ⁸
758 4289 809 4338 For
820 4295 844 4338 et
856 4303 921 4337 anno
932 4295 957 4338 et
967 4287 1028 4337 rsod
1043 4297 1067 4338 et
1084 4297 1142 4338 onte
1159 4293 1226 4340 scili·

161 4355 295 4406 ’william
305 4355 474 4419 Iongsword.
701 4361 747 4406 cet.
782 4353 828 4404 See
839 4353 904 4402 Coss
919 4354 968 4403 564
980 4353 1064 4404 where
1081 4353 1126 4404 tho
1141 4354 1227 4417 jurem

162 4420 173 4452 ³
187 4421 235 4470 Sic.
701 4419 757 4484 give
769 4418 837 4469 their
847 4417 952 4468 vendict.

163 4485 173 4516 ⁴
187 4486 252 4536 Gorr.
272 4489 479 4538 Normonnorum.
517 4486 553 4536 As
568 4491 595 4536 to
607 4485 650 4536 the
709 4505 713 4514 ·
