3314 5238
305 421 369 490 470
600 437 749 500 mmm,
772 435 835 488 nn.
861 423 955 500 1231,
977 436 1039 486 nn
1065 424 1113 486 15.

304 607 337 672 ei
351 615 502 672 tenentur
516 605 557 672 sd
572 577 754 692 predictum
769 605 933 674 redditum
948 607 1085 696 singulis
1102 607 1196 674 annis
1216 607 1414 674 soluendum

305 732 363 796 per
387 721 509 776 certam
531 733 623 776 susm
645 733 743 796 quam
765 711 886 797 profert
908 721 943 777 et
965 735 1028 804 que
1051 719 1194 778 testatur
1215 711 1300 798 quod
1321 711 1414 776 idem

305 811 489 878 Willelmus
503 811 594 878 dedit
608 820 643 877 et
661 812 816 878 concessit
836 821 871 878 et
890 823 981 880 certe
998 837 1058 880 sne
1077 814 1282 880 confirmauit
1302 812 1412 880 eidem

305 913 447 980 Roberto
468 913 567 979 militi
588 935 646 979 suo
668 936 717 978 xv.
743 914 812 980 libr.
831 915 1079 1002 esterlingorum
1101 914 1323 1001 percipiendos
1344 913 1414 979 sin·

304 1017 390 1104 gulis
408 1017 502 1082 annis
521 1017 556 1082 in
573 1017 717 1082 manerio
737 1039 796 1082 suo
809 1017 851 1082 de
865 1017 1091 1084 Wulfrestuno
1104 1017 1147 1084 nd
1160 1016 1242 1082 duos
1256 1017 1413 1082 terminos

305 1119 406 1184 donec
420 1119 452 1182 ei
471 1119 630 1182 conferret
650 1141 701 1184 xv.
717 1117 786 1184 libr.
803 1127 888 1184 terre
908 1119 943 1184 in
958 1119 1050 1186 feodo
1065 1128 1100 1184 et
1119 1118 1310 1196 hereditate,
1323 1119 1414 1184 idem

305 1223 488 1288 Willelmus
510 1222 649 1288 cessauit
671 1245 692 1287 n
713 1222 874 1290 solucione
897 1223 963 1288 iem
985 1247 1044 1310 per
1064 1247 1120 1290 sex
1142 1245 1243 1289 annos
1261 1222 1413 1310 itaquod

306 1327 337 1392 ei
351 1349 372 1392 a
385 1335 472 1392 retro
486 1335 564 1392 sunt
579 1334 696 1412 quater
710 1326 832 1414 uiginti
852 1327 921 1392 libr.
938 1337 972 1392 et
986 1326 1098 1392 decem
1119 1328 1189 1394 lihr.
1204 1335 1239 1392 et
1253 1349 1311 1413 per
1325 1327 1413 1414 quod

305 1430 519 1496 deterioratos
533 1439 583 1496 est
598 1439 633 1496 et
647 1431 826 1518 dampnum
842 1431 942 1497 hebet
957 1430 999 1496 ed
1013 1431 1194 1498 uelencinm
1209 1441 1268 1498 etc.

370 1533 414 1598 Et
436 1533 621 1598 Willelmus
649 1556 708 1619 per
728 1542 931 1598 attornotum
954 1556 1050 1598 suum
1072 1535 1166 1600 uenit
1189 1543 1223 1600 et
1246 1536 1411 1623 cognoscit

306 1643 428 1700 cartam
451 1643 486 1700 et
504 1635 666 1721 cognoscit
680 1635 767 1722 quod
789 1635 888 1700 nichil
911 1635 942 1700 ei
964 1657 1119 1722 umquam
1142 1637 1218 1702 inde
1240 1637 1338 1702 soluit
1360 1647 1413 1702 set

306 1738 385 1802 dicit
411 1737 497 1824 quod
526 1738 591 1804 inm
621 1739 726 1803 tribus
751 1739 845 1804 nnnis
871 1739 989 1826 elapsis
1014 1741 1195 1826 essignauit
1222 1743 1253 1807 ei
1279 1765 1328 1806 xv.
1355 1741 1411 1806 lib.

306 1851 390 1907 terre
416 1842 451 1906 iu
473 1843 668 1930 Kiliugtone
690 1843 754 1908 scil.
782 1853 943 1909 trecentos
966 1867 1055 1910 acres
1079 1853 1163 1910 terre
1189 1855 1224 1910 et
1250 1846 1356 1910 uoluit
1379 1845 1413 1909 ei

306 1948 409 2012 facere
445 1955 567 2012 certem
604 1970 697 2012 suum
727 1947 768 2013 de
798 1948 911 2014 eedem
942 1957 1036 2026 terra,
1066 1957 1100 2014 et
1129 1949 1292 2014 Robertus
1320 1949 1412 2013 illum

305 2051 446 2137 recipere
461 2051 566 2116 noluit
586 2073 645 2116 nec
666 2060 788 2116 cenum
804 2074 902 2138 quam
923 2053 992 2139 ipse
1012 2052 1130 2117 hebuit
1148 2052 1282 2118 reddere
1304 2050 1411 2116 eidem

306 2152 469 2218 Willelmo
483 2162 534 2242 set
549 2163 636 2219 terre
655 2153 686 2218 ei
700 2153 779 2220 deta
793 2155 856 2220 fuit
876 2178 935 2241 per
954 2164 1060 2220 metes
1079 2165 1114 2220 et
1135 2155 1263 2221 bundas
1284 2164 1320 2220 et
1341 2155 1412 2241 ipse

306 2259 468 2326 Robertus
494 2261 558 2326 fuit
587 2261 622 2326 in
651 2261 770 2326 seisina
790 2262 839 2327 ite
860 2263 948 2348 quod
970 2263 1079 2328 tenuit
1100 2285 1134 2328 se
1157 2271 1347 2328 contentum
1369 2260 1411 2327 de

307 2371 393 2430 terra
414 2365 471 2430 illa
491 2387 549 2450 pro
575 2387 623 2429 xv.
648 2365 717 2430 libr.
741 2373 825 2430 terre
851 2374 887 2429 et
915 2365 991 2430 inde
1021 2365 1171 2452 producit
1200 2365 1282 2430 duos
1310 2373 1413 2430 testes

307 2491 444 2554 quorum
459 2489 544 2532 unus
559 2467 658 2534 nichil
674 2466 754 2533 dicit
768 2477 803 2533 et
818 2469 902 2533 nlius
916 2467 1017 2532 nichil
1032 2468 1236 2534 sufficienter.

372 2572 416 2636 Et
438 2572 600 2637 Rubertus
622 2572 768 2638 defendit
786 2573 872 2660 quod
893 2573 985 2639 nulla
1007 2581 1094 2638 tenu
1115 2573 1146 2638 ei
1164 2573 1227 2638 suit
1248 2573 1413 2659 assignata

307 2698 366 2740 nec
403 2697 559 2761 umquem
589 2674 630 2740 de
666 2675 776 2761 alique
811 2683 899 2740 terra
927 2697 961 2740 se
991 2675 1101 2740 tenuit
1132 2684 1324 2742 contentum
1352 2697 1413 2740 nec

307 2788 491 2846 attornetus
520 2779 680 2844 Willelmi
716 2777 840 2864 aliquid
876 2778 1020 2844 ostendit
1049 2780 1136 2878 quod
1172 2780 1213 2845 de
1242 2780 1351 2866 aliquo
1380 2780 1413 2844 ei

307 2883 509 2948 satisfactum
523 2881 588 2946 fnit
609 2881 672 2946 nisi
692 2881 733 2945 de
754 2880 881 2946 duobus
903 2880 1018 2945 mercis
1041 2889 1075 2945 et
1090 2880 1232 2946 dimidiu
1277 2881 1321 2946 Et
1335 2881 1414 2967 quis

308 2987 491 3052 Willelmus
512 2985 675 3074 cognoscit
697 2993 819 3050 certem
841 2994 876 3050 et
897 2985 998 3050 nichil
1020 2986 1164 3050 ostendit
1183 2986 1270 3072 quod
1291 2993 1412 3050 terram

307 3091 413 3156 eidem
435 3090 577 3156 Roberto
598 3089 792 3178 assignasset
814 3089 877 3154 nisi
898 3090 1024 3155 dictum
1047 3112 1143 3154 suum
1165 3089 1311 3174 simplex,
1326 3087 1413 3154 Gon-

306 3195 483 3260 sideratum
506 3203 557 3260 est
571 3193 676 3280 quod²
699 3194 903 3280 recuperauit
922 3195 1084 3280 arreragiis
1103 3203 1162 3258 etc
1179 3200 1213 3258 et
1228 3191 1412 3256 Willelmus

306 3297 341 3362 in
363 3297 579 3362 misericordia
597 3305 632 3362 et
654 3295 796 3383 dampno,
817 3296 1046 3382 perdonentur.
1089 3297 1135 3361 Et
1156 3303 1346 3381 preceptum
1360 3303 1412 3360 est

307 3401 490 3466 uicecomiti
519 3400 604 3487 quod
627 3401 668 3466 de
690 3401 784 3466 terris
806 3410 840 3466 et
862 3401 988 3466 catellis
1009 3400 1113 3486 ipsius
1134 3397 1291 3464 Willelmi
1313 3398 1412 3464 facist

307 3502 453 3568 denarios
467 3503 538 3567 illos
553 3511 587 3566 et
602 3502 674 3567 illos
689 3501 843 3567 hohesta
858 3502 910 3567 die
925 3511 985 3567 etc.
1001 3511 1036 3566 et
1051 3511 1141 3566 curte
1155 3509 1314 3566 tenentur.

372 3607 488 3671 Petrus
502 3606 543 3671 de
558 3605 699 3693 Delling’
715 3605 835 3692 optulit
850 3628 884 3670 se
899 3605 971 3691 iiijw
987 3604 1041 3668 die
1061 3626 1174 3668 uersus
1195 3602 1325 3668 Lecinm
1347 3625 1412 3689 que

212 3733 249 3764 ⁰·
307 3711 371 3776 fuit
386 3733 466 3776 uxor
479 3709 636 3776 Willelmi
655 3709 715 3774 filii
735 3710 897 3775 Roscelini
919 3710 959 3777 de
982 3708 1101 3796 placito
1123 3707 1209 3794 quod
1224 3708 1413 3774 warentizet

307 3815 338 3879 ei
357 3813 605 3880 eduocscionem
627 3813 759 3878 ecclesie
781 3813 821 3878 de
844 3813 985 3900 Delling'
1008 3835 1107 3899 quam
1121 3811 1305 3876 Willelmus
1327 3811 1414 3876 filius

307 3917 466 3983 Homonis
495 3918 615 3982 clamat
644 3926 683 3982 ut
708 3918 759 3982 ius
785 3939 881 3982 suum
906 3939 1019 3982 uersus
1044 3915 1184 3981 eundem
1211 3915 1354 3993 Petrum,
1377 3924 1413 3980 et

306 4023 393 4088 unde
408 4022 495 4087 idem
511 4023 628 4086 Petrus
643 4021 774 4086 uocauit
789 4043 861 4086 enm
880 4019 923 4085 cd
937 4027 1117 4084 warantum
1139 4041 1252 4084 uersus
1272 4018 1411 4084 eundem

307 4126 508 4190 Willelmum
534 4133 593 4192 etc.
639 4125 682 4189 Et
707 4124 805 4189 Lecie
829 4147 894 4188 non
920 4123 1014 4188 uenit
1040 4131 1075 4187 et
1100 4121 1217 4186 habuit
1242 4122 1329 4188 diem
1354 4146 1413 4209 per

307 4230 535 4296 essoniatorem
561 4252 657 4294 suum
683 4237 853 4315 postquem
880 4225 1079 4294 summonite
1102 4225 1173 4304 fuit,
1196 4235 1230 4291 et
1254 4235 1411 4292 testatum

307 4335 453 4422 estquod
468 4334 601 4402 ecclesia
615 4335 705 4398 ualet
719 4334 761 4398 xl.
773 4356 877 4411 marc,
887 4341 921 4397 et
935 4332 1009 4397 ideo
1024 4331 1065 4396 de
1081 4339 1167 4396 terre
1181 4339 1216 4394 et
1230 4329 1411 4396 hereditate

701 4463 710 4497 ¹
729 4463 827 4526 Supply
838 4463 969 4520 Rctertuc.
981 4462 1013 4512 B.
