3212 5230
419 443 562 503 amar,
584 441 647 492 nn.
674 427 766 502 1231,
788 442 850 491 na
876 429 923 490 15.
1152 428 1215 492 385

19 631 20 634 ’
125 615 337 682 Bartholomeo
348 616 438 702 quod
452 615 654 682 ostenderet¹
669 616 723 680 uel
738 615 847 702 alique
861 614 1067 680 munimenta
1080 637 1138 700 per
1152 637 1214 700 que

124 717 280 783 ostendere
293 727 402 804 posset
414 726 450 783 et
465 718 577 784 docere
588 717 675 804 quod
689 717 776 782 idem
788 717 862 782 Ado
876 717 1003 782 nullum
1018 717 1070 782 ius
1080 717 1215 782 haberet

19 833 20 840 ’
123 821 153 884 in
174 821 313 906 predicto
337 821 486 898 introitu,
513 829 547 886 et
572 821 641 908 ipse
666 821 773 886 nullas
798 829 902 886 cartas
927 843 986 886 nec
1012 819 1216 885 munimenta

19 961 20 992 1
122 923 254 988 ostendit
268 923 354 990 unde
370 923 435 1010 ipsi
448 945 507 1010 per
520 923 809 990 consideracionem
824 923 928 988 tocius
943 923 1109 1010 Hustengi
1122 923 1214 988 adiu·

122 1025 301 1092 dimucrunt
316 1027 381 1114 ipa
395 1027 469 1092 Ade
484 1027 634 1092 saisinam
649 1049 749 1094 suam.
1080 1017 1083 1022 ¹

178 1131 220 1196 Et
242 1132 320 1218 quia
341 1131 480 1218 predicti
502 1131 664 1196 Robertus
686 1139 721 1196 et
747 1131 993 1196 Bartholomeus
1019 1139 1214 1218 cognoscunt

121 1237 198 1322 quod
225 1237 349 1303 habent
379 1225 518 1302 liberum
547 1237 719 1302 introitum
748 1236 783 1304 in
813 1236 945 1302 domum
974 1237 1115 1322 ipsorum
1145 1237 1214 1302 sine

121 1341 345 1426 impedimento
372 1339 459 1426 quod
484 1339 600 1425 aliquis
626 1347 767 1426 opponat
793 1347 827 1404 et
853 1339 952 1404 nichil
978 1339 1091 1404 dicunt
1116 1361 1214 1425 quare

120 1441 197 1506 idem
217 1441 293 1507 Ada
314 1441 487 1506 introitum
508 1440 626 1506 hebere
648 1463 713 1505 non
734 1440 862 1518 debeat,
881 1463 941 1506 nec
963 1449 1086 1506 cartam
1108 1449 1214 1506 osten-

121 1545 203 1623 dunt,
216 1569 276 1612 nec
292 1567 414 1632 ponere
428 1567 462 1610 se
483 1545 598 1609 uolunt
619 1566 717 1631 super
737 1545 876 1630 patriam
900 1545 1145 1611 Consideratum
1165 1553 1216 1609 est

121 1649 196 1735 quod
209 1650 285 1714 Ada
299 1656 468 1714 remaneat
482 1648 516 1712 in
531 1646 648 1712 seisina
662 1669 722 1712 sua
735 1655 769 1712 et
787 1646 843 1711 elii
863 1647 898 1712 in
920 1647 1137 1712 misericordia
1158 1668 1215 1732 pro

121 1754 212 1818 strrlta
225 1755 367 1841 querela

39 1853 86 1916 111.
176 1859 282 1924 Aiicia
296 1881 361 1945 que
376 1857 440 1922 fuit
455 1879 534 1922 uxor
553 1856 710 1922 Willelmi
729 1855 770 1920 ds
790 1855 1077 1944 Wadingeleuldia
1094 1856 1215 1942 apellat
1295 1879 1333 1910 ο.

121 1962 279 2028 Wadnum
318 1962 424 2027 filium
460 1961 610 2049 Hugonis
649 1961 830 2026 Robertum
873 1962 1003 2026 fratrem
1044 1983 1140 2026 suum
1181 1969 1215 2025 et

122 2065 295 2132 Walterum
309 2065 415 2130 filium
430 2064 565 2130 Roberti
579 2064 619 2130 de
634 2072 738 2130 morte
754 2064 912 2130 Willelmi
926 2064 990 2130 uiri
1004 2065 1062 2130 sui

178 2170 220 2233 Et
234 2169 392 2234 Thomas*
411 2169 627 2234 Norwicensis
647 2168 824 2254 Episcopus
843 2168 1012 2234 mandauit
1032 2169 1217 2236 iusticiariis

122 2295 172 2358 per
186 2273 298 2338 literas
317 2295 393 2338 suas
413 2280 563 2358 patentes
585 2271 671 2358 quod
692 2271 800 2336 clerici
821 2279 898 2336 sunt
920 2280 954 2336 et
976 2273 1082 2338 mittit
1103 2295 1160 2358 pro
1183 2295 1216 2338 se

122 2375 313 2461 suppriorem
327 2375 369 2439 de
385 2374 537 2461 inpele⁸
552 2382 586 2438 et
600 2375 685 2460 petit
705 2396 760 2438 eos
779 2373 864 2439 sicut
884 2375 1013 2440 clericos
1033 2385 1068 2440 et
1088 2377 1217 2442 hberati

123 2488 190 2544 sunt
218 2479 377 2564 Episcopo
406 2477 491 2542 sicut
520 2477 627 2543 clerici
656 2486 695 2542 ut
724 2501 830 2543 coram
867 2501 905 2544 eo
941 2479 975 2544 in
1012 2479 1216 2545 accusacicne

123 2583 256 2649 mulieris
275 2581 476 2670 procedatur.
522 2582 565 2646 Et
580 2581 746 2648 sciendum
762 2582 848 2669 quod
863 2583 926 2670 ipsi
940 2584 1216 2670 inplacitauerunt

122 2687 289 2771 predictam
312 2687 453 2752 Aliciam
481 2687 517 2752 in
546 2688 635 2752 curia
664 2688 888 2754 cristianitatis
909 2711 968 2775 per
990 2689 1101 2755 literas
1122 2690 1215 2754 Dom.

123 2790 208 2878 Pape‚
229 2800 280 2857 set
305 2793 503 2856 inuenerunt
528 2792 673 2878 plegium
696 2792 753 2878 qui
774 2793 961 2879 manucepit
984 2817 1041 2880 pro
1063 2793 1110 2860 eis
1131 2793 1218 2880 quod

123 2893 259 2960 deoetero
273 2919 339 2961 non
354 2903 531 2982 sequentur
545 2897 702 2982 placitum
716 2897 807 2962 illud

80 3051 86 3062 .
179 2999 361 3066 Willelmus
386 3000 550 3074 Attewellf
572 3023 632 3087 pro
655 3025 689 3068 se
713 3011 748 3066 et
772 3002 889 3066 Emma
909 3025 1008 3067 uxore
1030 3002 1100 3068 eius
1125 3001 1217 3067 cuius
1271 3019 1335 3059 uuek-

125 3102 184 3168 loco
196 3104 331 3190 ponitur
342 3103 428 3189 petit
446 3126 558 3169 uersus
578 3105 755 3171 Radulfum
776 3107 807 3170 le
829 3107 915 3172 Hert
937 3106 1071 3172 terciam
1091 3114 1216 3192 partem

125 3209 250 3276 duarum
264 3211 441 3298 parciumJ
433 3211 450 3276 '.
426 3211 547 3299 Juirg.
562 3219 647 3277 terre
662 3235 737 3278 oum
751 3221 832 3299 pert.
848 3213 883 3278 in
899 3213 1038 3300 (lipham
1053 3223 1088 3279 et
1105 3236 1218 3280 uersus

126 3315 331 3402 Reginaldum
346 3317 377 3382 le
393 3317 478 3380 Hert
492 3325 527 3380 et
541 3317 702 3382 Amisiam
717 3340 850 3394 uxorem
861 3318 932 3384 eius
943 3319 1076 3384 terciam
1091 3326 1217 3404 partem

126 3419 214 3484 tercie
228 3421 329 3506 partis
346 3421 371 3507 j.
393 3419 473 3508 uirg.
494 3429 580 3486 terre
600 3445 674 3486 cum
689 3429 769 3508 pert
785 3421 821 3486 in
836 3421 949 3487 eadem
964 3422 1044 3487 uilla
1055 3431 1094 3486 ut
1108 3421 1217 3488 dotem
1229 3444 1267 3484 uu
1268 3445 1305 3484 na
1310 3445 1379 3483 soom

1228 3492 1286 3540 pellit
1294 3497 1351 3530 o-tte

126 3522 217 3608 ipsius
230 3525 345 3590 Emme
359 3533 420 3591 etc
1228 3539 1379 3624 linum

183 3628 224 3693 Et
247 3628 448 3717 Reginaldus
473 3636 507 3693 et
532 3629 692 3694 Radulfus
713 3629 852 3694 ueniunt
876 3639 910 3694 et
935 3639 1054 3695 uocant
1079 3631 1154 3696 inde
1176 3630 1325 3717 adlffi‘lfl
1244 3633 1325 3670 ΗΜ
1287 3679 1330 3718 J
1338 3677 1379 3716 „m

126 3741 292 3799 waramum
307 3733 342 3798 N
343 3733 504 3798 icholeum
519 3733 624 3798 filium
639 3733 775 3798 Roberti
794 3733 835 3798 de
856 3734 1061 3822 Wanetinge,
1076 3735 1217 3800 habeant
1228 3687 1309 3858 fdhhlll}
1293 3725 1374 3856 ἯΞ

127 3855 195 3898 eum
213 3859 232 3900 a
250 3835 303 3901 die
326 3843 388 3902 etc.
432 3835 476 3900 Et
498 3833 622 3900 dictum
644 3844 695 3901 est
717 3835 838 3900 eisdem
860 3836 1024 3901 Willslmc
1046 3843 1081 3902 et
1102 3818 1296 3901 Emme⁶¹⁸⁰⁰
1229 3865 1275 3904 ns„
1282 3829 1363 3903 affl?

127 3939 205 4022 quod
217 3940 356 4006 habeant
371 3963 447 4005 eum
461 3939 503 4005 ad
517 3940 699 4026 predictum
715 3941 891 4006 terminum
911 3941 989 4026 quia
1002 3941 1124 4006 habent
1142 3959 1281 4006 osumrod
1228 3911 1367 4043 &mserum
1290 3875 1379 3959 molum

128 4039 158 4103 in
171 4044 309 4109 custodia
323 4065 398 4109 curn
414 4051 500 4108 terra
514 4065 579 4108 sua
1228 4051 1293 4146 3¹¹2?
1286 4005 1361 4137 Hffig?

1229 4145 1322 4184 liciterub
1325 4144 1376 4184 not}

157 4195 378 4265 ¹Supplyoortar.
692 4201 1134 4253 rouchestheheirolthcfirsthu
1135 4201 1265 4277 sbandffi*
1229 4155 1323 4278 mapali

159 4261 314 4318 ’Blunrilla
692 4268 774 4318 who
766 4267 835 4317 1sin
852 4267 897 4317 the
919 4267 1028 4330 custody
1044 4268 1072 4316 of
1093 4267 1138 4316 the
1159 4249 1268 4316 wile*ua

158 4326 285 4424 'chipley
295 4331 406 4394 Pnory
398 4347 427 4381 1n
439 4333 548 4384 Sudolk
692 4333 745 4384 and
767 4333 863 4382 second
886 4332 1016 4383 husband.
1050 4332 1123 4395 'I'hey
1145 4335 1218 4381 must

158 4393 255 4446 ⁴Inan
270 4397 360 4448 action
378 4397 417 4446 lor
434 4397 518 4448 dower
534 4399 568 4462 by
584 4398 642 4448 wile
692 4397 805 4461 produce
816 4398 881 4448 him.

132 4457 179 4508 and
207 4463 297 4512 second
331 4461 453 4512 husband
483 4463 528 4513 the
548 4467 642 4514 tonant

208 4577 238 4624 u
784 4579 785 4582 ¹
1093 4567 1133 4626 25
