3308 5226
401 439 635 516 mosamius,
658 455 722 504 ln.
748 437 842 518 1232,
864 453 927 505 aa.
952 439 1088 524 ris-17,
1237 441 1297 504 681

191 625 215 692 J
217 633 359 692 uratores
381 628 494 693 dicunt
516 627 601 714 quod
629 629 795 716 predictus
824 629 898 694 Ada
924 629 1032 694 tenuit
1061 629 1095 694 in
1126 627 1301 716 uillenagio

191 751 290 794 unam
313 730 393 817 uirg.
417 739 451 796 et
473 732 609 797 alteram
632 732 712 819 uirg.
729 753 786 818 pro
800 731 936 797 seruicio
951 731 1090 796 faciendi
1106 733 1301 796 ferramenta

191 833 233 897 ad
249 856 378 900 carucae
393 834 516 899 domini
531 835 591 914 sui,
606 844 657 900 set
671 835 773 900 nichil
785 835 894 922 potuit
905 835 981 901 inde
992 834 1068 900 dere
1081 858 1139 900 nec
1151 834 1300 910 uendere,

192 945 227 1001 et
255 936 313 1002 illa
340 937 421 1023 uirg.
453 946 503 1002 est
532 935 574 1002 de
603 959 669 1024 qua
697 937 797 1002 assisa
832 937 1007 1002 arramiata
1042 945 1100 1002 est.
1146 937 1191 1002 Et
1226 935 1300 1000 ideo

192 1042 430 1108 consideratum
452 1051 503 1108 est
525 1044 612 1130 quod
634 1044 796 1109 Henricus
817 1044 918 1109 nichil
945 1043 1052 1130 capiat
1080 1065 1139 1129 per
1168 1043 1300 1108 assisam

191 1146 298 1224 istam,
313 1155 348 1212 et
363 1147 406 1212 sit
421 1146 456 1211 in
471 1146 689 1212 misericordia
705 1165 763 1234 pro
779 1148 859 1212 falso
874 1147 1011 1212 clamore
1027 1153 1062 1212 et
1080 1147 1103 1212 J
1104 1147 1246 1210 ohannes
1266 1153 1301 1210 et

192 1249 248 1313 alii
263 1249 340 1314 inde
356 1249 468 1335 quieti.
634 1241 637 1247 ¹

135 1393 141 1405 ·
258 1352 379 1417 ¹Alicia
400 1353 440 1418 de
464 1352 656 1440 Beudenges
678 1353 859 1418 attachiata
880 1353 943 1418 fuit
972 1353 1014 1418 ad
1042 1351 1300 1444 respondendum

193 1457 335 1523 Roberto
365 1458 481 1523 Purcel
511 1477 609 1544 quare
639 1457 716 1522 fecit
745 1465 876 1522 uastum
906 1465 941 1522 et
970 1456 1103 1522 exilium
1134 1455 1175 1521 de
1207 1456 1301 1520 terris

192 1561 341 1627 domibus
363 1559 507 1648 gordinis
531 1583 594 1647 que
618 1569 711 1626 tenet
734 1559 768 1624 in
793 1560 903 1624 dotem
929 1560 970 1624 de
996 1559 1178 1624 hereditate
1199 1559 1301 1644 ipsius

193 1663 328 1730 Roberti
351 1666 385 1730 in
409 1666 649 1732 Shcudewella¹
668 1665 708 1730 ad
725 1663 1035 1730 exhereditationem
1050 1663 1151 1749 ipsius
1167 1663 1301 1728 Roherti

192 1768 227 1832 in
242 1769 355 1833 eadem
371 1769 450 1834 uilla
464 1777 575 1834 contra
589 1769 842 1854 prohibicionem
858 1777 928 1845 etc,
948 1777 982 1833 et
1005 1768 1091 1832 unde
1113 1768 1193 1832 dicit
1215 1763 1301 1854 quod

193 1881 324 1936 uastum
339 1873 416 1937 fecit
430 1881 490 1938 eto.
508 1881 547 1936 ut
562 1893 667 1957 supra,
682 1871 769 1935 unde
784 1870 1015 1957 dampnificata
1028 1879 1079 1936 est
1094 1879 1153 1936 etc.
1170 1877 1204 1935 et
1224 1869 1300 1935 inde

193 1975 342 2062 producit
358 1985 417 2041 etc.

259 2079 302 2144 Et
323 2079 429 2144 Alicia
448 2078 541 2143 uenit
562 2085 597 2143 et
617 2076 763 2153 defendit
785 2077 854 2142 uim
878 2085 912 2141 et
935 2075 1087 2142 iniuriam
1111 2085 1242 2142 uastum
1265 2087 1300 2142 et

193 2181 447 2246 destruccionem
472 2191 507 2246 et
533 2181 619 2267 quod
645 2180 771 2246 nullum
798 2189 930 2246 uastum
956 2182 1033 2246 fecit
1060 2189 1119 2246 etc
1146 2181 1239 2267 ponit
1264 2203 1298 2246 sc

194 2307 291 2370 super
318 2285 466 2371 patriam.
513 2285 557 2349 Et
586 2284 660 2349 ideo
688 2293 878 2371 preceptum
909 2293 959 2350 est
996 2285 1179 2350 uicecomiti
1213 2286 1300 2371 quod

193 2389 368 2476 diligenter
381 2389 524 2475 inquirat
539 2388 566 2453 si
581 2388 728 2474 predicta
742 2389 848 2453 Alicia
862 2397 994 2453 uastum
1012 2389 1098 2466 fecit,
1113 2399 1148 2454 et
1167 2389 1195 2453 si
1214 2389 1300 2466 lecit,

193 2493 228 2558 in
250 2493 368 2580 quibus
389 2493 486 2558 rebus
507 2500 566 2557 etc.
590 2501 626 2556 et
647 2491 892 2578 inquisicionem
916 2492 1035 2558 habeat
1056 2515 1162 2558 coram
1177 2493 1299 2558 iustici-

193 2599 269 2663 ariis
284 2595 357 2662 etc⁸

138 2761 144 2774 ,
258 2699 462 2786 ⁴Stephanus
481 2699 522 2765 de
546 2699 643 2786 Haya
665 2699 864 2765 attachiatus
890 2699 953 2765 fuit
976 2700 1018 2766 ad
1041 2700 1299 2788 respondendum

195 2803 357 2869 Willelmo
373 2805 484 2869 Rossel
499 2827 598 2890 quare
614 2804 701 2890 cepit
716 2803 826 2868 aueria
841 2827 900 2868 sua
914 2813 948 2868 et
963 2827 1002 2868 ea
1016 2804 1136 2869 iniuste
1156 2804 1300 2870 detinuit

194 2917 306 2972 contra
324 2906 458 2972 uadium
478 2916 512 2973 et
532 2905 685 2994 plegium,
705 2914 740 2971 et
760 2907 846 2971 unde
870 2906 939 2992 ipse
959 2907 1106 2993 queritur
1125 2908 1299 2993 quodcum
1417 2914 1420 2922 ’

194 3011 312 3077 habere
341 3011 459 3076 debeat
487 3010 522 3075 in
550 3011 632 3075 uilla
661 3010 701 3075 de
731 3011 889 3096 Wycham
919 3033 1022 3074 unum
1047 3012 1120 3076 uer'
1141 3021 1175 3077 et
1197 3034 1300 3078 unum

194 3123 324 3180 taurum
347 3115 389 3179 ed
413 3115 556 3180 eundum
580 3115 679 3179 libere
703 3137 761 3200 per
784 3137 912 3200 campos
935 3123 970 3180 et
992 3116 1071 3180 alibi
1095 3125 1129 3181 et
1147 3117 1194 3181 ibi
1216 3117 1301 3184 irent

194 3217 278 3282 sicut
299 3217 346 3282 ire
368 3217 473 3282 solent
495 3225 529 3282 et
551 3216 680 3294 debent,
702 3215 789 3282 idern
813 3217 1000 3302 Stephanus
1018 3217 1129 3282 aueria
1142 3219 1199 3282 illa
1213 3219 1300 3305 cepit

193 3322 314 3387 iniuste
338 3331 372 3388 et
396 3331 492 3409 capta
514 3321 658 3386 detinuit
682 3329 793 3386 contra
817 3320 951 3385 uadium
976 3329 1010 3386 et
1033 3322 1187 3409 plegium,
1212 3323 1300 3388 unde

194 3424 407 3489 deterioratus
429 3433 479 3489 est
502 3425 575 3489 etc⁸
594 3431 629 3489 et
649 3423 736 3488 unde
756 3423 836 3488 dicit
860 3423 946 3510 quod
968 3425 1079 3489 eueria
1101 3425 1158 3490 illa
1181 3425 1299 3491 habere

194 3528 292 3594 dehet
307 3529 408 3594 libera
422 3529 457 3594 in
471 3529 559 3594 omni
574 3537 688 3615 aperto
702 3529 737 3593 in
752 3527 865 3594 eadem
881 3527 961 3592 uilla
976 3528 1010 3592 in
1033 3536 1127 3615 prato
1149 3528 1245 3594 bledo
1265 3539 1300 3595 et

194 3633 272 3698 alibi
286 3633 319 3697 in
336 3632 424 3697 omni
439 3631 530 3697 loco⁸.

260 3736 304 3800 Et
319 3733 505 3819 Stephanus
520 3734 612 3799 uenit
623 3743 657 3799 et
669 3733 814 3798 defendit
825 3733 893 3798 uim
905 3742 940 3800 et
951 3733 1103 3798 iniuriam
1114 3733 1298 3820 capcionem

194 3834 348 3899 iniustam
369 3842 403 3898 et
418 3833 643 3898 detentionem
658 3841 770 3897 contra
784 3833 918 3896 uadium
939 3841 973 3898 et
992 3833 1146 3920 plegium,
1161 3842 1196 3898 et
1215 3833 1298 3900 bene

194 3937 356 4024 cognoscit
370 3937 555 4024 capcionem
571 3935 611 4001 de
626 3936 779 4022 predictis
794 3936 921 4011 aucriis,
937 3937 1014 4023 quia
1024 3937 1103 4002 dicit
1114 3937 1199 4024 quod
1211 3938 1297 4004 idem

226 4087 283 4138 rB.
295 4103 330 4138 m.
343 4087 409 4138 1511.
770 4083 1054 4148 loolrtheotharway.
1087 4085 1176 4136 Bhas
1194 4101 1211 4136 a
1228 4089 1297 4148 post-

226 4153 415 4214 rswodewell',
430 4153 460 4202 B.
772 4149 868 4212 script:
895 4149 966 4198 Alica
988 4164 1039 4199 rrae
1062 4150 1143 4200 lound
1167 4151 1249 4216 guilty
1271 4153 1299 4203 ol

226 4219 279 4268 ⁸1t
297 4233 350 4268 was
367 4217 421 4267 still
437 4215 586 4266 considered
602 4229 637 4264 sn
654 4229 720 4278 open
771 4219 858 4263 waste.

194 4285 313 4342 question
325 4283 440 4333 whether
456 4283 506 4332 law
523 4280 608 4344 might
625 4286 671 4330 not
689 4281 720 4330 bs
803 4279 814 4310 ⁴
829 4279 860 4327 Β.
872 4293 908 4327 m.
921 4278 951 4328 14
960 4277 986 4327 d.

194 4348 281 4412 ivaged
302 4349 330 4397 in
348 4363 381 4398 arr
402 4348 487 4398 action
507 4348 534 4396 ol
552 4351 637 4396 waste.
672 4345 720 4395 See
803 4343 881 4400 ‘Sis
893 4343 924 4392 B.

194 4415 236 4465 Br.
262 4415 279 4462 f.
302 4413 386 4462 315b.
420 4413 508 4462 Hence
536 4411 646 4474 perhaps
674 4410 720 4460 the
803 4409 843 4442 Η
860 4409 911 4458 Not
922 4407 950 4458 in
961 4408 991 4459 Β.

194 4493 274 4543 many
285 4493 357 4528 cases
374 4478 401 4527 in
418 4477 471 4527 this
483 4477 622 4527 collection
634 4475 719 4526 which
