3196 5226
344 437 404 498 102
529 449 660 498 sinist
681 449 755 499 sun
778 449 914 508 snsrsu,
936 450 1000 498 no.
1026 437 1204 510 1220,an
1230 437 1258 497 4.

343 625 428 690 teuit
457 624 630 710 quemdam
663 623 815 688 clericum
843 621 1016 688 Werinum
1046 622 1176 688 nomine
1207 621 1249 686 ad
1278 615 1448 686 ecclesiam

343 730 431 794 illam
455 728 512 814 qui
536 728 578 793 ed
600 727 877 814 presentecionem
900 749 992 792 suem
1015 727 1080 791 suit
1101 726 1267 803 admissus,
1290 724 1450 812 capiendo

342 833 418 896 inde
433 832 564 916 explete
583 829 624 896 sd
644 829 824 894 uelenciam
845 828 954 894 dimid.
973 851 1013 892 m.
1029 839 1068 893 ut
1088 829 1123 894 in
1144 828 1364 893 oblacionibus
1386 837 1448 891 etc.

344 937 436 1000 etde
459 936 514 1000 illo
535 933 672 1000 Ricendo
694 933 861 998 descendit
882 933 934 998 ius
956 933 1044 996 illius
1066 932 1288 998 eduocecionis
1310 927 1450 996 Ricardo

345 1040 411 1103 filio
433 1061 491 1103 suo
513 1047 548 1102 et
569 1037 655 1123 petri
685 1037 781 1102 istius
811 1037 941 1102 Ricardi
972 1045 1007 1101 et
1035 1037 1077 1102 de
1106 1038 1175 1124 ipso
1205 1035 1342 1102 Ricardo
1372 1035 1450 1100 huic

345 1142 482 1208 Ricardo
497 1151 535 1206 ut
550 1141 690 1206 filiosuo
706 1149 765 1204 etc.
782 1147 817 1204 et
832 1140 891 1204 hoc
906 1140 1000 1205 offert
1015 1149 1074 1206 etc

411 1245 455 1309 Et
477 1244 654 1330 Episcopus
676 1265 734 1328 per
757 1250 960 1306 ottomatum
985 1265 1081 1307 suum
1107 1241 1252 1307 defendit
1276 1242 1327 1306 ius
1351 1264 1450 1306 suum

346 1373 431 1415 nunc
451 1358 486 1414 et
505 1349 585 1414 olias
599 1346 728 1434 quando
750 1345 922 1412 defendere
943 1347 1077 1412 debebit
1095 1356 1129 1411 et
1148 1345 1330 1432 dicitquod
1349 1347 1450 1411 uduo

346 1455 508 1518 necionem
544 1453 633 1518 illam
668 1451 769 1517 hebet
797 1452 867 1537 ipse
897 1473 937 1516 ex
968 1451 1052 1515 dono
1080 1459 1318 1516 antecessorum
1346 1451 1452 1536 ipsius

347 1557 477 1623 Ricardi
498 1580 556 1644 per
577 1565 699 1622 cortem
722 1579 814 1620 suem
829 1577 927 1642 quam
949 1557 1070 1642 profert
1092 1564 1204 1641 etque
1226 1555 1288 1620 hoc
1309 1563 1452 1620 testatur

347 1662 432 1748 quod
457 1661 613 1726 Ricardus
638 1660 679 1726 de
702 1661 863 1726 Kobeum’
885 1683 968 1725 auus
989 1661 1090 1746 ipsius
1112 1659 1242 1724 Ricsrdi
1263 1681 1321 1745 pro
1343 1659 1452 1724 salute

346 1773 404 1831 etc
429 1765 521 1830 dedit
550 1773 584 1830 et
609 1765 766 1829 concessit
792 1773 851 1830 etc
878 1765 1011 1829 ecclesie
1037 1765 1069 1829 S.
1096 1763 1267 1828 Trinitatis
1293 1763 1452 1830 Ciceetrie

346 1871 380 1935 in
409 1879 600 1957 perpetuam
629 1869 826 1956 prebendam
856 1870 1022 1934 ecclesiam
1052 1869 1092 1934 de
1122 1869 1347 1954 Syelmestone
1374 1891 1452 1933 cum

346 1973 477 2059 capellis
489 1973 582 2037 terris
595 1973 728 2038 decimis
743 1981 802 2036 etc
819 1981 853 2036 et
868 1995 940 2036 eam
955 1972 990 2036 in
1005 1994 1137 2036 monum
1152 1972 1275 2036 domini
1289 1972 1313 2037 J
1313 1971 1453 2037 ohannis

347 2077 556 2142 Oicestrensis
574 2077 724 2162 Episcopi
744 2076 922 2162 resigneuit
942 2077 977 2140 in
992 2098 1230 2163 quemcumque
1245 2077 1276 2140 ei
1290 2077 1453 2162 placuerit

347 2202 513 2265 personam
534 2179 781 2244 ecclesiasticam
800 2179 929 2242 nomine
950 2178 1111 2264 prebende
1134 2179 1234 2243 libere
1256 2179 1452 2242 transferen-

345 2283 431 2358 dam,
454 2283 537 2347 hanc
559 2292 670 2347 autem
693 2281 929 2346 concessionem
955 2281 1032 2346 fecit
1053 2303 1184 2345 assensu
1208 2281 1368 2346 Osmundi
1392 2281 1453 2346 filii

348 2395 382 2450 et
393 2385 520 2450 heredis
529 2386 588 2450 sui.
615 2386 741 2450 Profert
752 2387 853 2450 eciem
867 2386 976 2450 literas
987 2385 1026 2452 R.
1037 2385 1186 2472 Episcopi
1198 2385 1454 2451 Surrisbiriensis

348 2496 499 2574 potentes
521 2489 733 2553 testificantes
748 2488 833 2574 quod
855 2512 930 2553 cum
953 2489 1022 2574 ipse
1045 2499 1129 2554 esset
1147 2489 1325 2576 Episcopus
1343 2489 1452 2556 Cices-

348 2593 465 2657 trensis
488 2593 588 2679 quod²
610 2593 749 2658 contulit
772 2593 968 2679 prebendam
991 2593 1026 2658 in
1050 2595 1183 2660 ecclesis
1208 2593 1363 2660 Oicestrie
1388 2615 1454 2679 que

348 2694 483 2760 fundate
498 2705 547 2760 est
562 2695 596 2759 in
611 2694 744 2759 ecclesie
758 2695 798 2760 de
814 2695 956 2760 Hedfeld
971 2705 1006 2760 et
1025 2697 1060 2760 in
1082 2697 1215 2761 ecclesie
1234 2697 1274 2762 de
1290 2697 1453 2781 Syelmcs-

349 2807 426 2862 tona
445 2797 588 2862 dohanni
610 2797 776 2883 capellano
798 2807 856 2862 etc
873 2798 960 2863 unde
982 2799 1063 2864 dicit
1077 2800 1163 2884 quod
1184 2799 1272 2864 idem
1294 2799 1454 2864 Ricordus

349 2910 387 2965 ut
402 2901 494 2966 heres
509 2902 564 2966 aui
579 2901 630 2966 sui
645 2900 743 2966 debet
763 2901 1009 2968 aduocecionem
1032 2903 1122 2968 illam
1145 2904 1175 2968 ei
1190 2904 1397 2969 wnrantizere
1418 2913 1454 2969 et

350 3006 433 3090 petit
448 3004 533 3090 quod
548 3005 637 3070 illem
654 3005 683 3070 ei
699 3005 891 3070 werentizet.

415 3109 458 3172 Et
481 3109 636 3175 Ricardus
660 3109 850 3196 dicitquod
875 3119 965 3175 certo
987 3111 1045 3176 illa
1067 3135 1132 3176 non
1156 3111 1255 3176 debet
1281 3112 1312 3177 ei
1336 3131 1453 3176 nocero

349 3211 427 3295 quia
448 3220 592 3298 tempore
616 3212 753 3298 predicti
769 3212 893 3278 domini
916 3214 1050 3279 Henrici
1073 3215 1172 3302 Regis
1194 3216 1250 3280 aui
1272 3214 1455 3280 disseisitus

350 3315 414 3380 fuit
435 3315 591 3380 Ri'cerdus
612 3339 694 3382 auus
716 3340 794 3382 suus
817 3315 857 3381 de
880 3317 1029 3383 omnibus
1053 3320 1146 3383 terris
1169 3320 1235 3383 suis
1258 3341 1316 3404 per
1337 3320 1453 3384 uolun-

351 3428 454 3484 tatem
484 3420 606 3484 domini
636 3421 736 3507 Regis
760 3444 817 3508 pro
844 3421 983 3507 quedam
1006 3423 1253 3508 discordiaque
1279 3423 1343 3487 fuit
1367 3424 1455 3488 inter

239 3598 242 3602 ¹
349 3521 458 3607 ipsum
483 3521 657 3586 Ricardum
680 3533 715 3588 et
737 3524 939 3589 Willelmum
961 3523 1002 3588 de
1025 3524 1189 3600 Cabirum,
1212 3525 1260 3588 ite
1281 3524 1367 3610 quod
1390 3526 1455 3590 fuit

232 4373 261 4422 us
271 4373 283 4410 u
296 4373 299 4418 l

351 3635 443 3691 extra
457 3626 607 3691 seisinem
622 3649 680 3712 per
695 3651 750 3693 sex
765 3651 866 3694 annos
881 3638 916 3693 et
930 3629 1009 3694 dum
1024 3628 1090 3693 fuit
1107 3628 1155 3693 ito
1174 3629 1354 3694 disseisitus
1368 3630 1456 3696 fecta

352 3731 416 3795 fuit
430 3730 494 3795 iste
508 3739 597 3795 certe
611 3731 639 3795 si
658 3754 813 3817 umquem
830 3733 916 3797 fecta
930 3733 994 3797 fuit
1014 3732 1093 3797 dum
1113 3733 1236 3796 nullam
1257 3741 1454 3818 potestatem

353 3834 468 3898 hebuit
494 3833 534 3898 de
556 3834 651 3899 terris
672 3835 739 3900 suis
768 3845 818 3901 set
847 3845 960 3922 postea
988 3836 1016 3900 si
1046 3837 1130 3900 fecte
1159 3845 1252 3914 esset,
1274 3836 1339 3900 fuit
1368 3835 1454 3901 idem
1510 3892 1514 3900 .

352 3937 509 4002 Ricordus
531 3959 612 4002 auus
634 3959 712 4002 suus
734 3938 810 4003 inde
834 3939 964 4004 seisitus
987 3947 1022 4003 et
1047 3940 1249 4025 presentauit
1271 3939 1455 4026 predictum

353 4041 522 4106 Wcrinum
545 4041 695 4105 clericum
718 4050 753 4106 et
776 4041 853 4106 inde
877 4043 972 4106 offert
995 4065 1113 4128 ponere
1139 4065 1173 4106 se
1196 4065 1293 4128 super
1315 4044 1454 4128 petriam

352 4155 386 4209 et
401 4145 428 4209 si
443 4144 503 4209 hoc
523 4167 587 4208 non
607 4145 726 4210 sufficit
744 4147 840 4210 offert
859 4145 1055 4212 diracionare
1076 4155 1172 4233 prout
1190 4149 1279 4212 curie
1296 4148 1455 4212 consider-

351 4249 464 4314 aucrit.
486 4246 491 4333 Ι
805 4301 808 4312 .
1058 4335 1060 4342 Ι
1197 4290 1198 4294 =
1383 4295 1387 4303 ·

419 4353 460 4417 Et
478 4351 653 4438 Episcopus
676 4350 859 4437 dicitquod
881 4351 966 4416 fecta
986 4352 1048 4416 fuit
1069 4351 1104 4418 in
1125 4351 1203 4439 ligia
1223 4361 1384 4438 potestate
1401 4353 1456 4417 uui

812 4471 820 4503 ¹
838 4469 908 4521 Omit
920 4473 993 4534 quod.
