3260 5218
356 465 398 526 60
588 477 819 538 incuratum,
843 475 907 526 An.
932 463 1025 538 1219,
1047 477 1110 530 aa.
1134 464 1227 526 3-4.

352 643 525 708 seruioium
555 642 640 706 feodi
665 642 792 708 dimidii
816 642 930 707 militis
956 651 1015 708 etc.
1061 643 1186 707 Profert
1211 643 1313 707 eciam
1340 650 1490 706 mnam

354 747 488 811 Roberti
510 747 551 811 de
574 746 771 832 Harpedona
792 745 940 831 predicti,
958 767 1020 831 que
1036 753 1177 810 testatur
1197 745 1283 830 quod
1306 741 1491 808 concessit

354 859 388 914 et
411 849 615 914 confirmauit
639 848 672 912 N
674 848 797 912 ioholao
818 847 859 912 de
875 848 1030 912 Buleheie
1046 857 1080 911 et
1096 848 1267 912 heredibus
1282 847 1351 912 suis
1366 847 1488 911 dona-

354 954 477 1017 cionem
508 961 542 1017 et
572 952 807 1016 concessionem
837 974 935 1037 quam
965 951 1104 1016 Thomas
1135 952 1210 1036 Hay
1239 951 1270 1015 ei
1299 951 1379 1016 fecit
1410 973 1489 1036 pro

354 1052 504 1138 homagio
519 1060 553 1116 et
568 1051 703 1115 seruicio
718 1074 776 1114 suo
790 1051 831 1114 de
847 1051 1023 1114 medietate
1039 1051 1142 1114 tocius
1157 1051 1236 1114 uilla
1251 1050 1291 1114 de
1314 1051 1485 1136 Harpen-

355 1156 440 1220 dena
454 1163 513 1220 etc.
529 1155 564 1218 in
584 1154 797 1220 aduocacione
819 1153 1025 1218 ecclesiarum
1046 1161 1105 1218 etc.
1122 1153 1206 1217 sicut
1221 1161 1311 1218 carta
1325 1153 1486 1239 predicti

356 1260 479 1325 Thorne
509 1283 606 1347 quam
635 1259 710 1324 inde
746 1259 845 1323 habet
875 1266 1022 1323 testatur.
1069 1257 1194 1322 Profert
1223 1257 1325 1322 eciam
1356 1258 1484 1322 literas

357 1371 506 1447 patentes
529 1361 630 1447 ipsius
650 1361 786 1425 Roberti
806 1360 847 1424 de
863 1359 1083 1444 Harpendena
1097 1359 1132 1422 in
1152 1359 1485 1445 quibuscontinetur

358 1467 444 1552 quod
458 1467 526 1552 ipse
542 1465 697 1530 concessit
713 1474 747 1530 ct
762 1464 887 1530 dimisit
902 1463 1083 1550 Reginaldo
1103 1463 1143 1528 de
1164 1464 1249 1528 Albo
1270 1465 1481 1530 Monosterio

358 1579 462 1635 totam
491 1579 610 1634 terram
639 1569 680 1634 de
710 1569 931 1654 Harpendena
966 1590 1041 1632 cum
1075 1567 1225 1632 omnibus
1258 1569 1480 1654 pertinenciis

358 1675 502 1760 suisque
517 1675 581 1738 fuit
596 1673 747 1737 Nicholai
767 1673 807 1737 de
828 1672 955 1736 Buleha
974 1673 1133 1757 usquead
1149 1673 1328 1758 legitimam
1344 1682 1478 1739 etatem

358 1777 514 1841 heredum
538 1775 675 1862 predicti
701 1774 852 1840 Nicholai
878 1797 935 1859 pro
959 1775 1071 1838 decem
1095 1775 1210 1839 marcis
1235 1797 1315 1860 quas
1340 1775 1411 1861 ipse
1438 1776 1478 1840 ei

358 1881 449 1946 dedit
471 1881 555 1945 siout
582 1880 760 1944 Nicholaus
786 1879 951 1964 predictus
980 1879 1071 1942 illam
1097 1877 1214 1956 tenuit,
1240 1887 1275 1942 et
1304 1879 1392 1965 quod
1421 1881 1477 1944 ita

357 1983 531 2049 conuencio
561 1985 624 2048 fuit
650 1985 736 2048 facta
760 1983 847 2048 inter
871 2005 925 2047 eos
951 1983 1035 2047 sicut
1061 1983 1243 2068 predictum
1270 1993 1320 2047 est
1346 1984 1475 2048 scilicet

358 2087 444 2174 quod
459 2088 621 2152 Robertus
635 2087 750 2152 debuit
764 2086 863 2149 semel
876 2085 1042 2148 ecclesiam
1054 2084 1144 2148 illam
1156 2085 1232 2150 dare
1244 2093 1278 2150 et
1291 2087 1323 2150 N
1325 2086 1474 2151 icholaus

359 2191 438 2256 alias
453 2200 487 2255 et
502 2191 551 2255 ita
564 2189 760 2265 altematim
775 2189 869 2252 offert
885 2209 1002 2273 ponere
1018 2209 1051 2251 se
1067 2210 1164 2273 super
1178 2189 1317 2273 patriam
1323 2189 1355 2273 ¹.]

425 2295 484 2361 'Et
506 2297 668 2360 Robertus
690 2293 770 2359 dicit
792 2293 878 2378 quod
901 2300 988 2356 carte
1010 2291 1065 2355 ille
1086 2314 1150 2356 non
1171 2291 1292 2356 debent
1310 2293 1341 2356 ei
1355 2316 1471 2357 nocere

360 2399 441 2484 quin
462 2398 582 2462 habeat
604 2397 756 2462 seisinam
778 2419 870 2460 suam
891 2419 989 2482 quam
1012 2396 1043 2460 ei
1065 2395 1227 2481 cognouit,
1249 2396 1327 2482 quia
1348 2397 1376 2461 si
1398 2420 1469 2461 um-

361 2523 459 2587 quam
489 2501 572 2564 facte
602 2501 734 2564 fuerunt
763 2509 876 2585 postea
901 2499 1039 2586 predicti
1066 2499 1205 2564 Thomas
1231 2508 1266 2564 et
1292 2500 1471 2564 Nicholaus

360 2603 554 2667 remiserunt
584 2602 615 2666 ei
644 2609 752 2666 totum
781 2603 832 2667 ius
862 2611 897 2667 et
926 2603 1078 2668 clamium
1108 2603 1195 2689 quod
1224 2602 1410 2668 habuerunt
1436 2603 1471 2667 in

360 2703 573 2770 aduocacione
588 2703 675 2768 illius
690 2705 822 2769 ecclesie
837 2714 871 2769 et
891 2705 967 2770 inde
982 2706 1103 2791 profert
1118 2714 1240 2770 cartam
1256 2707 1378 2772 Thorne
1395 2707 1472 2793 Hay

361 2830 424 2893 que
449 2813 598 2884 testatur,
622 2806 708 2892 quod
734 2807 802 2892 ipse
824 2807 984 2872 relaxauit
1006 2815 1040 2872 et
1066 2807 1296 2894 inperpetuum
1321 2810 1470 2895 quietum

361 2909 515 2976 clamauit
530 2910 672 2975 Roberto
691 2910 732 2974 de
755 2911 785 2975 S.
802 2910 951 2976 Johanne
971 2910 1012 2974 de
1037 2911 1234 2996 Harpedena
1256 2921 1393 2998 cognato
1413 2935 1471 2977 suo

361 3013 492 3078 feodum
511 3014 608 3078 unius
629 3014 742 3078 militis
763 3014 848 3099 quod
869 3014 985 3079 habuit
1005 3015 1045 3078 de
1061 3015 1144 3079 dono
1159 3015 1261 3100 ipsius
1275 3017 1410 3081 Roberti
1430 3017 1471 3082 de

363 3115 560 3200 Harpedena
584 3123 643 3180 etc.
689 3115 815 3178 Profert
838 3114 941 3178 eciam
962 3125 1084 3179 cartam
1105 3117 1137 3179 N
1140 3116 1256 3181 icholai
1271 3118 1312 3181 de
1328 3118 1471 3183 Sedbam

363 3219 404 3284 dc
428 3219 555 3283 Buleho
578 3241 640 3304 que
665 3227 805 3282 testatur
824 3219 910 3304 quod
930 3220 1089 3284 relaxauit
1105 3229 1138 3284 et
1154 3221 1302 3306 quietum
1317 3222 1473 3286 clamauit

363 3321 594 3406 inperpetuum
614 3320 654 3383 de
674 3343 709 3384 se
729 3329 765 3384 et
785 3319 826 3383 de
846 3320 1019 3386 heredibus
1039 3322 1106 3386 suis
1127 3323 1269 3388 Robcrto
1289 3326 1329 3389 de
1345 3326 1472 3411 Harpo-

364 3425 448 3488 dena
467 3431 502 3490 et
522 3423 694 3488 heredibus
713 3425 780 3488 suis
802 3447 897 3490 omne
919 3425 970 3490 ius
990 3427 1076 3512 quod
1098 3427 1252 3492 clamauit
1274 3428 1392 3492 habere
1415 3451 1474 3514 per

365 3537 487 3593 cartam
516 3528 586 3592 siue
611 3551 670 3614 per
694 3529 759 3594 alia
783 3530 988 3595 munimenta
1013 3531 1048 3595 in
1073 3541 1247 3617 patronatu
1274 3534 1405 3598 ecclesie
1431 3535 1473 3598 de

366 3633 585 3718 Harpendena
613 3641 648 3696 et
676 3655 734 3718 pro
763 3633 824 3699 hac
852 3635 1051 3700 relaxacione
1082 3644 1116 3700 et
1142 3638 1254 3722 quieta
1279 3637 1474 3701 clamacione

365 3735 530 3822 predictus
566 3735 728 3801 Robertus
763 3737 854 3802 dedit
891 3738 922 3802 ei
958 3738 1130 3802 dimidium
1166 3741 1340 3805 seruicium
1376 3741 1474 3806 unius

365 3839 527 3904 fordinke⁸
542 3847 626 3904 torre
642 3863 739 3926 quarn
755 3841 900 3927 Rogerus
915 3842 1002 3907 filius
1018 3845 1148 3909 Milonis
1163 3845 1272 3910 tenuit
1292 3846 1327 3909 in
1347 3847 1473 3932 Harpe-

365 3945 449 4009 dena
475 3953 509 4008 et
534 3967 633 4008 unam
656 3967 762 4009 acram
784 3952 869 4009 terre
892 3968 989 4031 quam
1012 3947 1171 4013 Radulfus
1193 3949 1374 4014 auunculus
1396 3973 1474 4014 suus

365 4048 474 4113 tenuit
489 4049 523 4112 in
538 4047 698 4112 dominico
712 4048 752 4112 de
769 4049 997 4134 Harpendena,
1012 4051 1061 4115 ita
1081 4052 1167 4138 quod
1182 4052 1250 4138 ipse
1265 4075 1325 4117 neo
1340 4053 1475 4118 heredes

366 4153 417 4217 sui
431 4153 466 4216 in
480 4151 624 4237 predicto
639 4159 813 4238 patronatu
829 4153 974 4218 eiusdem
989 4155 1121 4220 ecclesie
1137 4179 1157 4220 a
1171 4155 1317 4241 predicto
1331 4157 1474 4222 Roberto

399 4405 674 4468 1mperiuratam,13.
944 4406 989 4457 the
1001 4411 1062 4455 note
1073 4405 1148 4456 book.

399 4470 409 4501 ²
426 4469 493 4520 Here
505 4471 594 4532 begins
608 4471 653 4520 the
668 4470 761 4521 second
779 4469 850 4533 quire
868 4473 896 4521 of
977 4471 988 4504 ³
1004 4471 1130 4534 fordinlre,
1144 4473 1179 4532 B;
1198 4472 1423 4536 asarthingland.
