3314 5238
362 455 424 516 454
657 469 807 530 1111111111,
830 411 895 519 sn
920 455 1013 530 1231,
1037 469 1100 518 111.
1126 458 1174 518 15.

360 641 546 708 iusticiariis
571 643 802 708 itinerantibus
828 641 916 730 apud
940 641 1199 709 Conuentriam¹.
1246 641 1324 708 Post
1346 644 1472 729 profert

359 745 471 811 Abbas
486 742 713 833 cirographum
729 747 851 813 sactum
872 771 978 812 coram
1000 747 1186 813 iusticiariis
1207 747 1295 834 apud
1317 747 1471 814 Conuen-

361 850 457 916 triam
487 859 522 915 et
551 849 637 937 quod
663 851 750 916 idem
781 851 945 916 Galfn'dus
967 851 1131 938 cognoscit
1153 859 1187 916 et
1217 850 1303 937 quod
1325 859 1471 916 testatur

360 954 446 1039 quod
472 955 616 1041 predicte
643 977 670 1020 v.
695 977 801 1020 marce
825 955 989 1041 assignate
1014 955 1147 1020 fuerunt
1169 954 1275 1019 eidem
1297 955 1467 1020 Beatricie.

360 1058 404 1122 Et
418 1058 491 1124 ideo
505 1059 618 1124 Abbas
632 1058 747 1124 reddat
762 1058 802 1123 de
818 1067 924 1123 cetero
940 1058 1046 1122 eidem
1067 1057 1228 1122 Beatricie
1243 1081 1270 1122 v.
1287 1081 1410 1123 marnas
1432 1067 1469 1123 et

359 1161 465 1228 eidem
482 1163 626 1228 Galfrido
636 1164 660 1250 j.
677 1185 819 1228 marcam
834 1171 868 1228 et
883 1163 1061 1228 satisfaciat
1074 1163 1219 1228 Galsrido
1229 1161 1269 1227 de
1282 1186 1348 1228 una
1358 1185 1469 1228 marca

357 1288 415 1351 pro
430 1267 599 1355 arreragiis
614 1277 648 1332 et
664 1267 829 1333 Galfridus
844 1268 878 1332 in
893 1267 1112 1333 misericordia
1125 1267 1348 1334 custodietur¹.

299 1416 305 1429 ·
423 1370 614 1436 'Abbatissa
642 1371 682 1436 de
721 1371 824 1435 Fonte
855 1370 1006 1436 Ebroldi⁴
1041 1393 1100 1458 per
1136 1379 1339 1436 attomatum
1368 1393 1466 1436 suum

292 1493 297 1506 ·
357 1472 479 1557 optulit
494 1495 527 1538 se
543 1495 656 1538 uersus
671 1471 855 1538 Johannem
871 1471 911 1536 de
928 1473 997 1559 Fay
1012 1472 1052 1538 de
1068 1473 1189 1558 placito
1204 1472 1290 1558 quod
1305 1472 1419 1538 reddat
1435 1473 1468 1537 ei

357 1575 411 1660 xij.
435 1598 530 1642 marc.
550 1599 630 1662 quas
651 1576 682 1640 ei
703 1575 820 1640 debuit
839 1575 880 1640 de
903 1575 1051 1662 arregiis⁵
1073 1577 1175 1640 annui
1197 1575 1344 1641 redditus
1366 1597 1465 1662 quem

357 1681 387 1745 ei
417 1679 540 1747 debuit.
586 1681 630 1746 Et
659 1681 826 1746 Johannes
855 1701 919 1744 non
950 1680 1043 1745 uenit
1072 1689 1106 1745 et
1132 1680 1249 1745 habuit
1273 1681 1353 1745 alias
1376 1679 1466 1746 diem

356 1783 521 1862 11111110,
543 1793 578 1850 ct
595 1791 779 1849 attomatus
802 1806 879 1848 suus
901 1805 935 1847 se
958 1783 1134 1848 essoniauit
1156 1791 1191 1849 et
1212 1785 1374 1849 essonium
1400 1807 1466 1848 non

356 1890 420 1954 fuit
450 1889 480 1954 11
507 1889 680 1954 allocutum
713 1887 791 1974 quia
811 1887 978 1954 Johannes
1001 1889 1091 1954 uisus
1120 1887 1184 1953 fuit
1213 1889 1247 1954 in
1278 1889 1375 1955 curia
1420 1889 1465 1953 Et

356 1992 428 2056 ideo
443 1993 680 2057 consideratum
697 2001 746 2056 est
761 1991 847 2078 quod
862 1991 1028 2057 Johannes
1043 1991 1249 2057 athachietur
1271 1991 1357 2079 quod
1379 1991 1424 2057 sit
1445 2013 1467 2056 a

354 2093 408 2160 die
423 2104 483 2162 111.

236 2333 249 2361 0
278 2333 311 2362 ou
356 2325 406 2368 xv.
433 2303 487 2367 sol.
518 2303 730 2367 Turronensis
761 2311 890 2368 monete
920 2325 1000 2389 qnos
1029 2303 1142 2368 furtim
1173 2313 1207 2368 et
1241 2303 1466 2368 fraudulenter

354 2405 517 2470 subtraxit
532 2429 552 2469 a
566 2405 759 2491 quibusdam
775 2407 1007 2470 mercatoribus
1022 2405 1305 2471 Wasooniensibus
1321 2407 1415 2471 uenit
1430 2415 1465 2471 et

292 2581 296 2589 ¹
354 2507 528 2574 aduocauit
550 2509 697 2574 denarios
719 2509 791 2574 illos
821 2518 855 2574 et
877 2509 981 2596 primo
1003 2509 1090 2574 illas'
1112 2509 1327 2576 deaduocauit
1349 2534 1463 2576 secun-

354 2613 433 2678 dum
449 2613 534 2700 quod
551 2623 708 2679 testatum
721 2613 784 2678 11111
794 2637 854 2700 per
864 2615 979 2701 pmbos
989 2615 1143 2681 homines
1190 2617 1234 2681 Et
1243 2617 1464 2702 interrogatus

354 2716 394 2782 de
424 2715 572 2802 pluribus
601 2715 856 2782 circumstanoiis
885 2717 991 2782 uariat
1028 2718 1063 2782 in
1100 2719 1259 2785 omnibus.
1304 2719 1348 2784 Et
1385 2719 1463 2805 quia

354 2829 512 2886 testatum
536 2831 586 2886 est
601 2821 687 2908 quod
702 2820 850 2886 denarios
868 2821 954 2886 11111ο
969 2823 1003 2886 in
1026 2821 1122 2887 inicio
1145 2831 1179 2887 et
1202 2823 1388 2888 conuictum
1411 2833 1463 2888 cst

353 2934 514 3010 percerte
528 2925 648 2990 indicia
662 2923 749 3012 quod
764 2925 888 2989 denarii
906 2923 954 2988 1111
975 2947 1040 2989 non
1058 2933 1136 2989 sunt
1156 2925 1207 2990 sui
1230 2926 1330 2990 immo
1350 2927 1463 3012 pocius

352 3027 569 3115 predictorum
585 3039 798 3094 mercatorum
811 3027 883 3114 ⁹qui
895 3037 1016 3093 sectam
1028 3029 1242 3094 sufficientem
1255 3027 1463 3115 producunt⁹,

353 3133 599 3198 Consideratum
615 3141 665 3198 est
685 3132 772 3218 quod
792 3139 984 3197 mercatores
1005 3131 1148 3197 habeant
1168 3133 1315 3199 denarios
1335 3135 1407 3198 illos
1428 3144 1463 3200 et

350 3235 517 3302 Johannes
538 3237 739 3302 custodiatur
761 3237 838 3323 quia
861 3237 965 3302 estin
988 3235 1102 3302 babitu
1126 3236 1273 3302 clericali.
1318 3237 1362 3302 Et
1385 3235 1463 3324 quia

351 3338 523 3435 dubitatur
552 3349 663 3405 utrum
695 3340 739 3406 sit
768 3339 935 3406 ordinatus
957 3342 1010 3406 uel
1040 3342 1205 3428 nunquia
1232 3341 1313 3408 dicit
1335 3365 1369 3408 se
1392 3365 1462 3408 esse

351 3435 531 3523 diaconum,
546 3443 616 3509 dies
631 3445 728 3510 datus
743 3453 793 3510 est
805 3445 836 3510 ei
851 3455 890 3510 ut
905 3454 984 3511 tunc
999 3448 1114 3532 probet
1129 3445 1289 3512 ordines¹⁰.

416 3543 553 3630 ¹¹Agnes
582 3567 646 3630 que
683 3545 748 3609 fuit
785 3567 865 3610 uxor
901 3547 1062 3611 Johannis
1091 3547 1195 3613 Chese
1224 3547 1310 3634 petit
1346 3571 1462 3614 uersus

249 3691 252 3698 ·
351 3649 553 3715 Willelmum
569 3651 707 3736 Crampe
723 3673 825 3714 unum
841 3650 1044 3738 mesnagium
1060 3675 1135 3716 cum
1150 3660 1231 3737 pert.
1247 3651 1282 3716 in
1305 3652 1461 3719 suburbio

351 3752 476 3816 Oxonie
499 3761 538 3817 ut
560 3753 669 3818 dotem
692 3775 783 3817 suam
807 3761 866 3818 etc.
912 3754 955 3818 Et
978 3754 1092 3818 balliui
1115 3755 1240 3820 Oxonic
1262 3755 1403 3820 ueniunt
1426 3763 1461 3822 et

350 3863 470 3942 petunt
489 3856 612 3921 curiam
628 3879 718 3920 suam
742 3878 801 3941 per
822 3855 1009 3921 libertatem
1033 3857 1158 3922 Oxonie
1181 3866 1216 3922 et
1237 3857 1361 3923 habe'nt
1383 3859 1461 3946 quia

381 4057 390 4089 ¹
409 4057 876 4120 8111111111.1.Η.]11.1111..Ῑο)1.ή.
960 4055 971 4088 ¹
988 4055 1059 4105 corr.
1072 4058 1218 4117 crrernur’ia,
1231 4055 1260 4106 Β,

347 4123 876 4186 11111111ιεὶ111111111111111111111111111
959 4119 970 4152 ¹
986 4122 1016 4171 B.
1031 4136 1066 4170 m.
1079 4123 1103 4170 8.

347 4192 442 4238 domini
453 4189 539 4248 Recio,
551 4188 582 4237 B.
959 4185 970 4218 ¹
987 4187 1057 4237 Corr.
1073 4187 1139 4244 illos,
1151 4185 1181 4234 B.

379 4255 390 4286 ¹
406 4251 611 4318 Imprisonment
622 4252 662 4302 ior
678 4251 756 4314 going
772 4247 875 4313 against
958 4251 970 4285 ⁸
987 4251 1086 4314 Supply
1097 4253 1275 4308 deoduocauit,
1286 4249 1317 4299 B.

347 4320 432 4369 afine.
467 4316 550 4368 Bhas
561 4333 596 4368 no
607 4320 773 4368 11111οά11111.
958 4317 998 4349 Η
1015 4317 1073 4366 Om.
1085 4317 1117 4365 B.

379 4385 390 4416 ¹
406 4385 437 4432 B.
449 4399 483 4436 m.
496 4383 545 4434 7d.
960 4381 981 4412 ¹⁰
992 4381 1179 4443 Alarchaolo
1188 4381 1216 4430 in
1225 4381 1269 4432 the
1277 4379 1381 4443 margin
1390 4382 1419 4430 of
1425 4382 1456 4431 B.

379 4449 574 4499 ⁴Fontevruult
596 4447 624 4498 in
646 4447 740 4510 Anjou.
764 4446 874 4497 Monesi.
960 4446 979 4477 ¹¹
997 4447 1027 4496 B.
1040 4461 1076 4496 nr.
1089 4450 1113 4496 8.

346 4515 395 4564 vol.
409 4517 432 4570 5,
444 4530 470 4578 p.
484 4515 556 4564 1085.
