3276 5234
364 444 427 506 212
667 455 803 515 unsrun,
826 455 890 503 nn.
916 439 1095 514 111111.
1120 445 1168 504 ll.

363 649 430 702 sua,
457 625 586 712 etquis
615 625 662 690 ibi
684 648 755 692 eam
786 625 932 703 adduxit,
955 633 989 690 et
1018 626 1105 712 quod
1134 627 1278 714 inquirat
1308 629 1380 714 quis
1405 628 1472 694 suit

363 727 477 807 scissor
497 727 555 814 qui
580 727 677 793 scidit
702 728 814 792 robam
841 750 943 807 suam,
967 727 1031 793 ¹ad
1056 729 1252 795 certificand'
1276 731 1382 796 iustic’
1408 740 1469 798 etc

362 830 449 898 adie
466 831 497 896 S.
514 831 599 896 Trin
616 831 650 894 in
666 854 715 896 xv.
732 831 808 895 dies.

428 933 471 998 Et
502 933 643 998 Salrerus
672 933 715 998 sit
744 933 876 997 interim
907 933 967 999 sub
996 933 1113 1020 plegio.
1158 933 1264 1021 Plegii
1294 935 1363 999 eius
1392 943 1471 1029 sunt

362 1034 546 1101 Willelmus
568 1035 608 1100 de
633 1035 783 1112 Suttona,
799 1034 970 1121 Philippus
992 1035 1032 1099 de
1054 1035 1081 1098 F
1081 1035 1273 1120 aukebergo.
1319 1037 1362 1101 Et
1378 1037 1471 1123 Epis·

361 1159 459 1223 oopus
479 1137 572 1224 ponit
594 1138 663 1202 loco
686 1159 744 1202 suo
766 1137 945 1201 Henricum
966 1136 1007 1202 de
1030 1137 1249 1203 Winteshulle
1267 1139 1322 1202 uel
1344 1139 1470 1204 Willel·

295 1302 297 1306 .
360 1261 451 1304 mum
467 1239 508 1305 de
524 1240 714 1306 Gruteuilla

365 1421 367 1424 Ι
426 1343 470 1408 Ε1
481 1343 587 1408 Alicia
601 1341 817 1407 committitur
830 1341 866 1406 in
881 1341 1028 1406 custodia
1042 1343 1193 1428 Episcopi
1209 1343 1469 1412 Sarrisbiriensis

239 1453 311 1523 257,
425 1443 576 1510 'Swanus
589 1444 630 1510 de
642 1445 803 1508 Westuna
817 1443 902 1529 petit
914 1465 1027 1508 uersus
1042 1444 1236 1531 Magistrum
1248 1446 1471 1512 Alexandrum

218 1556 331 1598 811111
360 1547 401 1612 (11
427 1548 563 1612 Dorsete
588 1547 612 1634 j
636 1546 798 1634 uirgatam
821 1555 856 1611 et
880 1547 905 1632 j.
928 1547 1102 1634 ferlingum
1125 1557 1210 1614 terre
1232 1573 1308 1614 oum
1330 1559 1410 1636 pert.
1434 1551 1470 1616 in

269 1671 271 1675 ·
362 1649 520 1716 Weatuna
543 1656 582 1714 ut
603 1649 655 1714 ius
676 1672 772 1714 suum
802 1657 862 1718 etc.
885 1649 971 1714 unde
1002 1651 1137 1716 Swanus
1166 1652 1206 1716 de
1229 1653 1386 1718 Westona
1407 1655 1472 1719 suit

359 1751 489 1818 saisitus
504 1761 648 1839 tempore
664 1752 799 1817 Henrici
813 1753 914 1839 Regis
928 1753 983 1818 aui
998 1763 1059 1820 etc.
1074 1756 1229 1841 capiendo
1244 1757 1320 1822 inde
1339 1759 1471 1845 expleta

359 1859 401 1924 ad
430 1858 608 1924 ualenciam
639 1865 698 1922 etc.
744 1858 788 1922 Et
810 1857 850 1922 de
875 1857 990 1922 Suano
1012 1857 1179 1925 descendit
1201 1861 1252 1926 ius
1274 1870 1359 1927 terre
1381 1863 1470 1928 illius

359 1971 498 2048 quatuor
526 1961 654 2026 filiabus
684 1961 759 2038 suis,
783 1961 906 2026 scilieet
936 1961 1087 2040 Gunilde,
1111 1964 1234 2043 Emma
1257 1965 1411 2032 Matillidi
1434 1975 1470 2031 et

359 2063 480 2128 Grecie.
526 2063 570 2126 Et
593 2062 736 2138 Matillis,
760 2062 911 2140 Gunilda,
933 2071 968 2127 et
991 2064 1111 2128 Emne³
1133 2075 1261 2130 mortue
1291 2076 1369 2132 sunt
1398 2068 1469 2133 sine

358 2165 476 2230 herede
495 2163 536 2229 de
556 2187 590 2228 se
611 2172 646 2228 et
666 2163 738 2228 ideo
758 2163 925 2230 deseendit
944 2165 996 2230 ius
1018 2174 1103 2232 terre
1125 2167 1213 2233 illius
1235 2169 1349 2234 Greoie
1371 2172 1470 2236 matri

357 2267 459 2353 ipsius
504 2266 621 2344 Swani,
658 2275 693 2330 et
732 2266 820 2331 idem
862 2268 1048 2332 Alexander
1086 2269 1150 2334 fuit
1194 2271 1281 2336 filius
1324 2274 1469 2359 predicte

198 2389 289 2476 {pho
275 2390 345 2476 J-Ju
359 2371 482 2448 Emme‚
497 2369 655 2434 undet
599 2391 656 2456 pe
641 2369 684 2433 tit
700 2376 820 2432 terram
835 2368 925 2433 illam
941 2378 979 2434 ut
994 2379 1179 2456 propartem
1195 2395 1287 2438 suam
1308 2397 1371 2461 que
1391 2399 1468 2442 eum

195 2484 269 2576 ’Ἢ
271 2483 328 2578 q2⁸1¹
358 2473 527 2560 contingit.

195 2581 337 2717 :pupi-Lm
267 2581 315 2616 ²⁰2⁰
426 2577 470 2641 Et
484 2576 669 2660 Alexander
683 2577 777 2642 uenit
788 2585 822 2641 et
833 2576 1002 2698 defendit
994 2601 1045 2642 rua
1059 2601 1155 2644 suum
1167 2589 1201 2646 et
1212 2581 1295 2647 bene
1278 2585 1469 2731 'cognoscit

225 2727 340 2801 aAd¹¹²

196 2679 337 2903 liupr?
361 2797 469 2876 potest
491 2789 526 2852 in
548 2797 635 2854 terra
656 2789 713 2854 illa
734 2811 773 2853 eo
795 2788 880 2874 quod
902 2789 1073 2854 bastardus
1095 2734 1153 2869 est,
1167 2792 1216 2857 ita
1237 2736 1360 2860 scilicet
1382 2797 1470 2881 quod

196 2867 340 2988 31dess
289 2901 459 2958 Ι1111111111
481 2891 545 2956 fuit
564 2915 622 2978 per
642 2899 782 2978 quatuor
800 2915 901 2956 annos
923 2901 1098 2978 antequam
1120 2905 1226 2960 mater
1246 2920 1306 2962 sua
1327 2900 1391 2964 fuit
1412 2899 1470 2965 de-

196 2997 306 3106 ‘illm
361 3003 513 3082 sponsata
532 2994 537 3081 Ι
556 3004 591 3060 11
606 2995 666 3060 hoo
681 2996 775 3060 offert
761 2996 924 3082 tprobare
938 2997 1023 3060 sicut
1037 2997 1127 3062 curia
1141 2999 1399 3066 considerauerit

426 3101 470 3163 Et
483 3100 617 3166 Swanus
629 3099 749 3186 precise
762 3100 939 3186 dicitquod
953 3107 1051 3166 natus
1062 3101 1125 3166 fuit
1112 3111 1210 3188 tpost
1225 3105 1469 3172 matrimonium

360 3211 570 3282 contractum,
586 3211 621 3268 11
639 3203 725 3289 quod
745 3204 910 3291 legitimus
930 3212 980 3268 est
1001 3213 1035 3268 11
1057 3205 1117 3270 hoc
1139 3207 1233 3272 offert
1254 3209 1389 3295 probare
1411 3210 1471 3278 ubi

360 3315 395 3374 et
410 3307 539 3394 quando
554 3308 643 3374 curia
657 3308 916 3374 considerauerit.

426 3409 519 3473 Idem
548 3409 733 3474 Alexander
762 3409 847 3495 petit
877 3431 989 3474 uersus
1013 3410 1154 3476 eundem
1177 3411 1330 3479 Swanum
1354 3414 1380 3501 j.
1403 3415 1470 3480 uir-

359 3521 471 3600 gatam
501 3519 535 3576 et
564 3521 714 3598 quartam
743 3519 869 3598 partem
899 3512 996 3576 unius
1025 3512 1153 3598 uirgate
1183 3522 1268 3580 terre
1297 3516 1332 3580 in
1354 3517 1469 3584 eadem

360 3617 440 3682 uilla
455 3624 494 3681 ut
508 3616 560 3680 ius
574 3639 669 3680 suum
685 3637 743 3700 per
757 3614 936 3701 predictam
951 3617 1152 3701 parentelam
1168 3625 1202 3683 et
1217 3641 1275 3704 per
1289 3621 1470 3705 predictam

360 3721 511 3786 seisinam
547 3719 686 3806 predicti
720 3718 836 3796 Swani,
865 3718 920 3783 aui
950 3719 1009 3796 sui,
1039 3721 1126 3786 unde
1156 3721 1236 3786 dicit
1265 3724 1352 3808 quod
1381 3725 1470 3791 idem

361 3825 497 3891 Swanus
511 3825 638 3888 nullum
653 3823 704 3888 ius
719 3823 818 3888 habet
833 3821 868 3886 in
884 3829 971 3886 terra
987 3822 1045 3887 illa
1064 3845 1102 3888 eo
1122 3825 1209 3912 quod
1228 3825 1399 3892 bastardus
1419 3837 1471 3894 est

361 3926 539 3992 secundum
554 3925 641 4011 quod
655 3925 836 4010 predictum
853 3933 910 3990 est.

428 4029 471 4094 Et
498 4029 633 4093 Swanus
656 4027 748 4091 uenit
772 4035 805 4091 et
831 4026 977 4091 defendit
1006 4027 1058 4092 ius
1083 4051 1178 4094 suum
1209 4039 1244 4096 et
1272 4031 1352 4097 dicit
1381 4033 1471 4118 quod

363 4131 529 4218 legitimus
544 4139 603 4208 est,
618 4138 652 4196 et
666 4136 764 4194 natus
783 4137 855 4215 post
876 4129 1119 4196 matrimonium
1139 4131 1223 4198 sicut
1245 4133 1336 4219 prius
1355 4143 1390 4201 et
1410 4135 1472 4202 hoc

365 4235 459 4299 offert
474 4233 609 4319 probare
624 4240 683 4296 etc

397 4385 524 4449 ¹Supply
543 4393 567 4434 et
595 4387 666 4434 illum
694 4387 780 4434 uenire
797 4386 891 4450 sociat,
976 4387 1034 4436 ¹13.
1045 4387 1144 4439 mad.

365 4451 395 4503 B.
975 4451 986 4482 ³
1003 4453 1059 4501 Om.
1072 4461 1096 4501 et
1107 4456 1195 4512 Eume,
1210 4453 1240 4506 B.
