3314 5238
362 450 427 513 460
660 461 810 521 rnnurr,
832 461 896 510 nn.
923 447 1015 522 1231,
1037 461 1101 512 sn.
1125 450 1173 512 15.

359 657 469 700 omncs
484 634 598 699 dicunt
614 656 679 698 uno
693 655 771 698 uoce
787 633 872 718 quod
891 633 1056 718 predictus
1071 633 1255 698 Willelmus
1274 655 1338 698 non
1358 633 1475 719 posuit

359 738 394 803 in
419 739 492 803 uisu
519 760 577 802 suo
600 737 662 802 nisi
685 747 815 802 tontum
839 737 919 802 duas
942 745 1050 822 partes
1067 737 1091 822 j.
1115 737 1191 801 rode
1214 759 1313 822 prope
1335 747 1471 822 pratum

358 841 460 927 ipsius
475 841 620 918 walteri,
636 851 670 906 et
689 863 803 906 reuera
824 841 933 927 posuit
956 841 990 906 in
1013 841 1087 906 uisu
1109 864 1168 906 suo
1188 839 1229 905 de
1250 853 1343 926 preto
1365 841 1472 925 ipsius

358 944 515 1009 Walteri¹
530 944 658 1008 circiter
672 943 748 1008 dim.
765 966 825 1008 ocr.
842 944 882 1008 de
898 965 961 1029 quo
977 943 1063 1008 idem
1085 943 1245 1007 Rcinerus
1266 951 1345 1007 tunc
1366 942 1469 1006 nichil

357 1049 513 1114 clamauit
542 1071 600 1112 nec
630 1047 736 1112 adhuc
766 1047 889 1133 aliquid
919 1048 1039 1112 clamat
1067 1046 1153 1111 sicut
1187 1046 1256 1132 ipse
1293 1046 1467 1132 cognoscit.

356 1153 525 1218 Judioium
548 1151 681 1239 ponitur
706 1153 741 1217 in
765 1161 948 1236 respectum
958 1151 976 1216 ¹.
1022 1152 1066 1216 Et
1091 1151 1259 1216 rccordum
1286 1151 1393 1216 estin
1416 1173 1468 1215 ro

358 1253 449 1320 tulo⁸
462 1265 521 1320 etc.
565 1255 627 1320 Et⁴
642 1254 719 1342 quia
733 1254 876 1319 belliuus
891 1253 985 1318 Dom.
1001 1253 1101 1340 Regis
1116 1262 1150 1318 et
1165 1254 1287 1318 uisores
1302 1262 1470 1318 testantur

357 1359 444 1446 quod
466 1359 552 1424 idem
577 1357 757 1423 Reinerus⁵
782 1379 846 1422 non
873 1358 981 1444 posuit
1008 1358 1043 1422 in
1069 1358 1142 1422 uisu
1166 1380 1225 1422 suo
1247 1357 1309 1438 nisi
1335 1367 1468 1422 tantum

357 1464 438 1528 duas
452 1473 561 1550 portes
579 1463 604 1548 j.
619 1462 695 1528 rode
713 1471 747 1526 et
766 1463 893 1528 circiter
907 1462 983 1527 dim.
1000 1485 1060 1527 acr.
1077 1484 1176 1548 quam
1199 1462 1286 1527 idem
1301 1462 1471 1526 Wolterus

357 1575 449 1632 tenet
467 1575 502 1632 et
517 1567 683 1632 Wolterus
704 1566 814 1652 posuit
836 1588 870 1630 se
893 1565 927 1630 in
950 1565 1039 1630 dicta
1060 1587 1171 1629 eorum
1190 1564 1277 1650 quod
1298 1565 1470 1630 emitteret

357 1673 587 1758 inperpetuum
611 1671 764 1736 clamium
790 1693 886 1735 suum
911 1671 938 1734 si
962 1678 1075 1734 contro
1096 1669 1204 1754 ipsum
1230 1668 1375 1733 dicerent
1399 1669 1468 1735 scil.

356 1775 385 1840 si
414 1798 478 1840 non
507 1775 666 1860 posuisset
689 1783 795 1840 totum
818 1783 950 1860 protum
972 1774 1007 1838 in
1029 1774 1103 1838 uisu
1126 1797 1194 1851 suo,
1218 1773 1468 1839 Consideratum

357 1879 515 1966 estquod
537 1879 696 1944 Reiuerus
725 1887 837 1943 tenent
866 1879 900 1943 in
930 1899 1008 1964 poce
1038 1886 1072 1943 et
1096 1877 1261 1942 Walterus
1284 1878 1318 1941 in
1343 1878 1468 1942 miseri-

357 1983 473 2050 cordio.

422 2084 562 2150 ‘Jurato
574 2086 667 2150 uenit
682 2085 888 2171 recognitum
901 2085 942 2150 de
957 2107 1114 2150 consensu
1130 2085 1275 2170 parcium
1296 2085 1324 2150 si
1344 2085 1468 2149 Nicho-

258 2205 298 2234 Μ
359 2189 430 2252 laus
444 2197 537 2274 poter
552 2188 725 2274 Reginuldi
740 2189 791 2254 ius
806 2188 896 2253 aliud
912 2189 965 2254 uel
980 2190 1082 2254 ulium
1097 2190 1280 2275 ingressum
1301 2189 1418 2254 hahuit
1433 2189 1470 2252 in

359 2312 388 2356 v.
402 2312 464 2356 ocr.
480 2300 563 2354 terre
585 2313 660 2354 cum
676 2299 757 2376 port.
772 2291 807 2354 in
823 2291 1117 2378 Tregenegethwic’
1133 2299 1167 2356 et
1183 2291 1303 2356 Sancto
1318 2291 1470 2354 Austello

360 2393 517 2457 Kumarh'
533 2401 568 2457 et
589 2393 624 2457 in
646 2393 797 2458 Kurwalu
819 2416 917 2480 quem
937 2417 995 2479 per
1015 2393 1196 2459 Robertum
1217 2393 1257 2458 de
1272 2394 1397 2458 Pridies
1413 2395 1471 2480 qui

359 2495 434 2562 inde
461 2519 525 2560 non
548 2496 665 2560 habuit
688 2496 751 2561 nisi
772 2497 953 2562 custodiam
975 2519 1051 2562 cum
1073 2497 1218 2562 Waltero
1240 2496 1281 2562 de
1304 2497 1471 2581 Trcuerhy

359 2601 436 2666 dum
453 2599 540 2664 idem
556 2599 720 2664 Walterus
741 2600 805 2664 fuit
825 2601 860 2664 in
880 2601 1027 2666 custodia
1047 2623 1107 2666 suu
1129 2609 1163 2665 et
1181 2601 1266 2665 infru
1286 2609 1420 2678 etatem,
1435 2611 1472 2666 et

360 2703 446 2768 unde
469 2703 555 2768 idem
576 2703 740 2768 Walterus
762 2703 843 2768 dicit
867 2704 953 2789 quod
977 2703 1051 2768 Ado.
1073 2712 1167 2788 puter
1189 2727 1266 2768 suus
1288 2704 1370 2768 obiit
1393 2705 1471 2769 inde

360 2807 489 2872 seisitus
503 2816 542 2872 ut
556 2807 597 2872 do
612 2807 704 2872 feodo
720 2815 789 2884 etc,
805 2816 839 2872 et
858 2808 945 2873 unde
965 2808 1052 2874 idem
1068 2808 1268 2895 Reginaldus
1287 2809 1472 2895 dicitquod

360 2911 524 2996 predictus
552 2911 627 2975 Ado
655 2935 720 2976 non
750 2912 831 2976 obiit
861 2911 937 2976 inde
966 2913 1097 2978 scisitus
1131 2921 1171 2977 ut
1200 2913 1241 2977 de
1270 2913 1363 2977 feodo
1393 2915 1474 2998 quin

360 3021 504 3099 tempore
534 3013 672 3099 predicti
701 3012 773 3078 Ade
811 3015 920 3078 tenuit
956 3014 1123 3101 predictus
1161 3015 1339 3080 Nicholaus
1375 3025 1474 3101 pater

360 3115 461 3202 ipsius
487 3115 661 3201 Reginaldi
691 3125 811 3180 terram
840 3117 930 3182 illam
961 3117 1010 3182 ito
1038 3118 1125 3203 quod
1155 3116 1287 3204 quidum
1317 3118 1473 3184 Oliuerus

361 3220 446 3285 filius
475 3220 613 3284 Isabelle
643 3220 758 3284 sororis
787 3221 890 3307 ipsius
927 3221 1079 3286 Nicholui
1115 3221 1324 3308 inplacitouit
1360 3221 1470 3307 ipsum

361 3325 556 3390 Nioholaum
586 3323 620 3388 in
647 3324 738 3388 curio
767 3324 859 3388 Dom.
886 3325 986 3411 Regis
1012 3325 1148 3404 chrici
1173 3325 1229 3389 aui
1251 3325 1344 3390 Dom.
1369 3326 1472 3411 Regis

360 3437 394 3493 et
420 3428 455 3492 in
485 3435 623 3512 tantum
645 3427 799 3512 processit
829 3427 957 3513 loquela
985 3427 1072 3491 inter
1102 3449 1156 3492 eos
1186 3425 1272 3512 quod
1301 3426 1473 3491 concordia

360 3535 445 3598 factu
466 3533 530 3597 fuit
552 3532 715 3596 intereos
737 3541 771 3596 et
794 3555 852 3616 pcr
873 3531 1099 3618 cirographum
1122 3531 1172 3596 et'
1195 3553 1253 3616 per
1274 3530 1362 3616 quod
1383 3540 1472 3596 term

360 3639 417 3702 illa
437 3637 592 3702 remansit
611 3637 721 3722 quiete
744 3637 807 3722 ipsi
829 3637 988 3702 Nicholco
1010 3646 1044 3702 et
1066 3636 1240 3702 heredibus
1261 3636 1337 3712 suis,
1352 3645 1387 3701 et
1409 3637 1471 3701 hoc

360 3741 482 3806 factum
512 3741 575 3806 fuit
604 3749 754 3827 presente
783 3741 929 3827 predicto
958 3740 1033 3804 Ado
1062 3749 1097 3805 et
1129 3741 1259 3806 desicut
1295 3739 1365 3826 ipse
1395 3739 1472 3804 Ado,

360 3847 486 3912 nullum
516 3846 667 3911 clumium
698 3846 849 3932 opposuit
878 3843 986 3908 noluit
1014 3843 1045 3907 ei
1071 3843 1265 3928 respondere
1292 3843 1355 3907 nisi
1381 3844 1472 3908 curia

359 3950 582 4027 consideraret,
598 3959 632 4014 et
654 3949 741 4014 unde
764 3949 927 4035 predictus
943 3949 1108 4012 Walterus
1127 3947 1212 4012 dixit
1233 3947 1319 4033 quod
1340 3948 1469 4012 nullum

360 4053 515 4140 placitum
531 4053 595 4117 fuit
615 4052 701 4116 inter
720 4051 902 4137 predictum
919 4050 1088 4116 Oliuerum
1112 4063 1147 4114 et
1167 4049 1364 4114 Nicholaum
1386 4060 1469 4114 tem·

392 4233 401 4265 ¹
418 4231 537 4281 Walter’s
558 4235 679 4294 ottomey
700 4233 748 4293 put
769 4230 797 4279 in
823 4229 887 4280 view
971 4227 1170 4290 ‘Apostscript
1181 4228 1210 4276 in
1222 4229 1252 4277 B.

360 4313 432 4347 some
443 4297 472 4346 os
480 4297 600 4346 Wolter's
611 4312 668 4345 own
680 4295 750 4346 lund.
970 4296 981 4326 ὅ
998 4295 1069 4343 Corr.
1086 4296 1209 4344 Walternr
1216 4312 1226 4352 ,·
1244 4293 1290 4344 but
1302 4293 1339 4344 sic
1350 4293 1382 4343 Β.

392 4363 403 4394 ²
419 4377 495 4424 mque
504 4365 532 4411 in
543 4365 653 4411 crastino
665 4364 818 4422 Animorum,
829 4361 860 4410 B.
970 4359 980 4392 ⁶
997 4360 1027 4408 B.
1040 4375 1073 4410 m.
1089 4361 1112 4410 9.

393 4427 534 4540 ’degerim
553 4429 579 4476 S.
598 4428 678 4477 Mitt.
698 4430 812 4490 proximo
831 4441 886 4488 pre·
970 4423 980 4456 ⁷
999 4425 1056 4474 Om.
1070 4431 1093 4474 et
1105 4424 1135 4473 B.

362 4495 442 4547 terito.
480 4529 485 4540 .
