3308 5226
356 431 419 494 638
661 441 802 502 nruaar,
823 442 888 490 no.
914 429 1007 502 1234,
1030 443 1092 492 aa
1118 432 1166 494 18.

355 618 469 682 dieunt
484 617 569 703 quod
585 639 656 680 non.
703 616 747 680 Et
762 615 839 700 quia
854 614 1018 700 predictus
1035 616 1219 681 Willelmus
1234 618 1316 682 obiit
1335 618 1466 682 saisitus

355 721 395 786 de
420 719 532 784 eadem
560 727 646 783 terra
669 726 706 782 ut
728 717 769 782 de
792 717 894 794 feodo,
916 726 951 782 et
973 717 1059 784 idem
1083 720 1248 786 Fabianus
1270 721 1408 786 intrauit
1431 721 1466 785 in

355 824 504 888 saisinam
528 845 626 908 quam
649 829 742 907 pater
764 844 842 886 suus
862 821 987 900 habuit,
1002 832 1037 888 et
1059 824 1146 888 idem
1170 825 1327 890 Ricardus
1349 825 1467 889 habuit

354 928 504 994 seisinam
527 949 585 1014 per
607 926 832 992 uendicionem
852 926 955 1012 ipsius
977 928 1123 1006 Fabiani,
1139 938 1173 994 et
1194 930 1272 1014 quia
1286 930 1349 1015 ipsi
1365 931 1466 1015 Hugo

354 1041 388 1096 et
404 1033 520 1096 Emma
533 1053 712 1116 numquam
727 1029 878 1094 saisinam
894 1029 970 1094 inde
986 1031 1172 1097 habuerunt
1187 1033 1250 1097 nisi
1269 1033 1310 1098 de
1330 1032 1467 1097 seruicio

355 1144 392 1200 ut
407 1136 563 1200 iuratores
583 1135 705 1212 dicunt,
721 1134 969 1200 Consideratum
991 1136 1148 1222 estquod
1170 1138 1270 1224 Hugo
1292 1146 1326 1202 et
1349 1137 1467 1201 Emma

353 1240 452 1304 nichil
467 1239 542 1303 inde
558 1239 695 1304 clamare
710 1245 865 1323 poterunt
879 1236 914 1300 in
930 1245 1017 1302 terra
1036 1239 1093 1302 illa
1112 1240 1181 1304 sine
1202 1249 1344 1304 waranto
1364 1239 1467 1325 ipsius

355 1345 469 1408 Emme
484 1343 524 1408 de
540 1341 616 1406 dote
631 1364 698 1420 sua,
713 1351 748 1406 et
763 1341 836 1406 ideo
852 1341 1011 1428 Magister
1028 1342 1201 1408 Ricardus¹
1217 1343 1293 1408 inde
1313 1343 1382 1408 sine
1402 1342 1466 1420 die,

354 1463 389 1511 et
403 1447 503 1533 Hugo
517 1445 552 1510 in
567 1445 790 1510 misericordia

420 1552 613 1637 Preoeptum
629 1549 692 1614 fuit
707 1549 891 1614 uicecomiti
906 1549 993 1634 quod
1014 1549 1190 1636 diligenter
1209 1550 1388 1636 inquireret
1408 1550 1466 1636 qui

356 1657 488 1720 fuerunt
508 1655 723 1741 recognitores
743 1655 841 1719 assise
862 1676 946 1718 noue
970 1653 1136 1718 dissaisine
1159 1677 1222 1740 que
1245 1678 1349 1741 nuper
1371 1665 1468 1740 capta

356 1759 420 1823 fuit
456 1757 544 1844 apud
577 1757 825 1822 Beddefouiiam
855 1780 961 1822 coram
992 1757 1134 1822 Henrico
1164 1757 1204 1822 de
1241 1759 1402 1844 Braybroc
1431 1770 1467 1823 et

355 1863 448 1929 sociis
462 1861 544 1928 suis'
559 1862 746 1927 constitutis
762 1863 848 1928 inter
868 1862 1046 1927 Radulfum
1066 1863 1107 1928 de
1123 1863 1253 1948 Tyuilla
1272 1871 1465 1948 querentem

355 1975 389 2030 et
416 1965 595 2028 Henricurn
621 1962 662 2027 de
686 1963 854 2028 Naffordia
875 1972 910 2028 et
934 1963 1128 2028 Matillidem
1152 1987 1285 2028 uxorem
1308 1989 1400 2029 suam
1424 1966 1465 2030 de

355 2077 543 2135 tenemento
557 2068 592 2132 in
612 2068 732 2153 Aspele
752 2076 787 2132 et
807 2091 861 2134 eos
881 2069 993 2134 uenire
1014 2071 1133 2134 faceret
1153 2092 1260 2134 coram
1280 2070 1467 2134 iusticiariis

355 2175 490 2239 Westrn’
506 2180 566 2238 eto.
581 2171 623 2236 ad
638 2171 882 2237 certificandum
897 2172 983 2257 ipsos
997 2171 1038 2236 de
1059 2181 1261 2238 sacramento
1281 2174 1368 2259 quod
1388 2174 1465 2238 inde

356 2279 509 2354 fecerunt,
532 2285 566 2340 et
595 2275 682 2340 unde
709 2275 771 2360 ipsi
796 2276 958 2340 Henricus
984 2285 1019 2340 et
1041 2277 1178 2341 Matillis
1201 2277 1309 2363 questi
1332 2278 1466 2342 fuerunt

355 2381 441 2468 quod
456 2381 622 2467 predictus
638 2381 800 2444 Henricus
814 2380 855 2444 de
877 2380 1038 2465 Braybroc
1058 2389 1093 2445 et
1113 2381 1190 2446 socii
1213 2383 1264 2446 sui
1286 2383 1407 2447 iniuste
1431 2393 1466 2448 et

355 2495 466 2551 contra
489 2485 623 2550 consid*
645 2485 737 2571 regni
761 2493 917 2570 ceperunt
943 2485 1075 2550 assisam
1102 2485 1202 2562 illam,
1225 2509 1262 2551 eo
1284 2487 1371 2573 quod
1392 2511 1465 2572 pre-

355 2587 461 2652 dictus
490 2587 652 2652 Henricus
678 2595 713 2650 et
740 2587 876 2652 Matillis
903 2595 982 2651 tunc
1008 2587 1161 2652 dixerunt
1185 2588 1272 2674 quod
1297 2611 1466 2674 recupera-

356 2698 475 2755 uerunt
497 2697 723 2754 tenementum
745 2689 828 2753 illud
850 2689 885 2752 in
907 2689 997 2754 ouria
1020 2689 1112 2754 Dom
1129 2689 1230 2777 Regis
1252 2701 1333 2776 aput
1356 2691 1466 2755 West·

356 2795 587 2860 monesterium
607 2817 713 2859 coram
734 2793 919 2858 iusticiariis
940 2817 999 2879 per
1020 2793 1177 2858 iudicium
1200 2794 1345 2860 eiusdem
1368 2796 1466 2872 curie,

356 2907 390 2962 et
404 2898 480 2964 inde
496 2897 606 2963 uocat⁴
621 2898 662 2962 ad
678 2907 857 2962 warantum
872 2898 993 2962 rotulos
1008 2897 1151 2982 ipsorum
1167 2897 1417 2964 iusticiariorum
1430 2910 1465 2964 et

356 3001 418 3086 ipsi
432 3001 474 3065 ob
489 3001 548 3066 hoc
567 3023 632 3065 uon
651 3001 830 3065 omiserunt
851 3001 931 3086 quin
950 3009 1105 3086 caperent
1124 3000 1257 3066 assisam
1277 3001 1374 3066 illam.
1422 3004 1466 3068 Et

355 3113 543 3191 preceptum
559 3105 622 3168 fuit
637 3104 723 3189 quod
738 3103 850 3168 uenire
866 3105 985 3168 faceret
1002 3104 1183 3190 predictum
1199 3105 1385 3171 Radulsum.

421 3211 465 3275 Et
487 3210 643 3274 iuratores
662 3209 802 3273 ueniunt
823 3217 858 3274 et
878 3209 992 3273 dicunt
1012 3209 1099 3295 quod
1118 3209 1282 3295 predictus
1303 3212 1466 3278 Henricus

355 3323 390 3378 et
419 3313 555 3378 Matillis
584 3313 705 3378 iniuste
735 3321 770 3376 et
799 3312 868 3376 sine
894 3312 1014 3378 iudicio
1040 3322 1075 3377 et
1101 3322 1174 3399 post
1201 3314 1377 3379 terminum
1400 3315 1464 3380 dis-

355 3419 550 3483 seisiuerunt
564 3419 671 3504 ipsum
688 3417 866 3482 Radulfum
881 3417 922 3482 de
937 3417 1014 3483 dim.
1030 3439 1132 3484 carue.
1149 3426 1243 3496 terre,
1258 3427 1293 3483 et
1307 3419 1356 3482 ita
1375 3419 1466 3505 prius

355 3521 508 3586 dixerunt
538 3543 643 3586 coram
672 3520 814 3585 Henrioo
844 3519 885 3584 de
916 3521 1076 3605 Braybroc
1106 3528 1141 3584 et
1170 3521 1263 3584 sociis
1292 3521 1366 3586 suis.
1420 3523 1466 3585 Et

357 3624 518 3689 Henricus
540 3625 687 3710 quesitus
707 3624 747 3688 de
768 3646 833 3709 qua
854 3623 982 3707 [terra⁶]
1006 3632 1140 3709 questus
1161 3624 1232 3702 fuit,
1248 3623 1328 3689 dicit
1349 3626 1464 3711 [quod]

356 3729 453 3793 istam
480 3728 583 3812 [dim]
607 3750 707 3793 carue.
731 3735 816 3790 terre
843 3726 951 3790 tenuit
974 3727 1074 3814 Hugo
1097 3727 1285 3792 Graunduu’
1307 3728 1356 3792 ita
1379 3731 1466 3815 quod

357 3832 464 3918 ipsum
478 3829 685 3917 inplacitauit
700 3830 734 3893 in
750 3829 839 3894 ouria
853 3831 945 3894 Dom
963 3829 1072 3916 Regis,
1087 3839 1122 3894 et
1137 3831 1243 3915 posita
1257 3831 1321 3895 fuit
1336 3832 1466 3918 loquela

357 3936 392 3999 in
406 3943 597 4020 respectum,
612 3933 690 4019 quia
704 3933 772 4018 ipse
789 3933 889 4018 Hugo
905 3932 969 3996 fuit
990 3931 1025 3996 in
1045 3933 1181 3996 seruicio
1197 3934 1288 3997 Dom.
1306 3934 1414 4022 RegIs,
1430 3945 1465 4000 et

356 4037 487 4102 interim
503 4037 595 4101 uenit
610 4036 696 4100 idem
712 4035 872 4100 Raduuus
887 4043 921 4099 et
936 4033 1143 4120 inplacitauit
1164 4034 1271 4120 ipsum
1287 4035 1463 4122 Hugonem

357 4142 397 4207 de
423 4141 537 4208 eadem
563 4151 649 4206 terra
674 4163 737 4227 que
762 4141 826 4204 fuit
851 4162 925 4226 pars
950 4139 1038 4204 illius
1065 4147 1149 4203 terre
1176 4161 1274 4224 quarn
1301 4140 1465 4206 Henricus

391 4349 399 4380 ¹
417 4350 542 4398 Ricardos
554 4347 639 4398 interl.
650 4347 685 4410 by
696 4350 842 4398 annotator.
966 4347 976 4378 ⁴
994 4347 1064 4396 Gorr.
1076 4355 1237 4398 mouerunt.

390 4413 680 4476 'supplyiosttciortie
693 4412 733 4477 (?).
966 4411 1124 4462 'Wordsin
1137 4413 1157 4476 []
1169 4413 1253 4464 interl.
1268 4413 1303 4476 by
1312 4417 1461 4465 annotator.

390 4479 401 4512 ³
417 4479 489 4527 Oorr.
500 4480 699 4527 cornocladinem
710 4478 752 4541 (7).
