3276 5234
352 416 418 487 266
650 428 790 488 amans,
814 426 877 479 an.
902 414 996 490 1229,
1018 426 1080 478 an.
1106 415 1155 478 13.

352 597 511 664 Gileberti
525 597 566 664 de
582 598 768 666 Stauntona
782 599 891 665 tenuit
902 607 1023 664 terram
1035 599 1125 664 illam
1135 606 1169 663 et
1181 598 1348 664 ecclesiam
1357 597 1458 676 illam,

291 691 293 696 ’
351 708 385 765 et
407 708 481 786 post
503 723 578 764 eum
600 700 734 787 quidam
756 701 914 766 Ricardus
935 701 1023 766 filius
1044 701 1146 787 ipsius
1168 699 1327 766 Leonardi
1349 699 1460 764 tenuit

350 811 470 868 terram
484 803 574 868 illam
589 812 624 868 et
639 804 815 882 ecclesiam,
829 811 864 869 et
877 811 952 889 post
964 803 1140 868 Ricardum
1151 803 1283 890 quidam
1295 802 1459 868 Robertus

350 915 445 992 pater
466 907 627 972 Gileberti
649 916 684 972 et
707 908 807 972 frater
828 907 960 974 Ricardi
981 908 1120 974 retinuit
1136 909 1263 993 laycum
1278 906 1408 972 feodum
1424 913 1459 970 et

350 1011 442 1076 dedit
467 1011 635 1076 ecclesiam
665 1011 755 1076 illam
784 1011 930 1098 predicto
960 1011 1111 1090 Galfrido‚
1144 1021 1178 1076 et
1201 1010 1321 1098 quesiti
1344 1017 1458 1074 utrum

349 1115 488 1202 predicti
517 1115 703 1181 Leonardus
726 1125 761 1181 et
783 1116 941 1182 Ricardus
963 1125 1142 1182 tenuerunt
1164 1124 1283 1181 terram
1305 1115 1396 1179 illam
1419 1121 1459 1178 ut

350 1219 478 1304 laycum
494 1219 633 1298 feodum,
650 1220 704 1284 uel
719 1227 759 1284 ut
773 1219 825 1284 ius
836 1220 969 1284 ecclesie
981 1219 1170 1296 sue,dicunt
1182 1219 1268 1305 quod
1279 1225 1459 1283 tenuerunt

351 1331 470 1386 terram
493 1321 583 1386 illam
605 1331 643 1386 ut
666 1322 795 1408 laycum
818 1322 958 1400 feodum,
973 1331 1008 1387 et
1030 1321 1116 1408 quod
1138 1321 1349 1387 reddiderunt
1371 1321 1460 1407 capi-

350 1425 472 1497 talibus
486 1424 626 1490 dominis
640 1426 726 1490 feodi
741 1449 769 1490 x.
786 1425 840 1490 soi
862 1447 921 1512 per
939 1447 1012 1490 ann
1057 1426 1102 1490 Et
1124 1425 1197 1490 ideo
1219 1424 1458 1490 consideratum

351 1537 401 1594 est
424 1528 510 1614 quod
532 1528 697 1594 Walterus
719 1528 832 1593 etalii
855 1536 990 1594 teneant
1011 1528 1047 1593 in
1068 1551 1156 1615 pace,
1179 1535 1214 1593 et
1236 1527 1402 1592 Galfiidus
1423 1528 1459 1592 in

350 1631 573 1698 misericordia

295 1795 302 1811 ,
417 1736 583 1801 ¹Ascelina
597 1759 660 1822 quc
676 1737 740 1802 fuit
754 1759 836 1802 uxor
849 1737 1011 1802 Johannis
1031 1737 1072 1802 de
1096 1731 1256 1804 Stanham
1278 1758 1337 1822 per
1356 1743 1458 1800 attor-

351 1847 466 1904 natum
488 1860 584 1903 suum
606 1838 692 1924 petit
713 1861 827 1903 uersus
846 1838 1031 1903 Jchannem
1053 1838 1094 1904 de
1116 1839 1237 1924 Aspele
1260 1847 1294 1903 et
1317 1838 1457 1902 Aliciam

351 1965 484 2008 uxorem
499 1942 569 2007 eius
584 1963 683 2006 unam
699 1942 779 2029 uirg.
796 1951 881 2007 terre
897 1965 971 2007 cum
987 1949 1068 2028 pert.
1083 1942 1118 2007 in
1133 1943 1345 2028 Aldnngtona
1356 1951 1395 2007 ut
1406 1942 1459 2006 ius

351 2056 386 2113 et
401 2046 617 2112 hereditatem
637 2069 738 2124 suam,
753 2055 788 2112 et
808 2047 843 2111 in
863 2069 961 2134 quam
984 2070 1049 2112 non
1071 2047 1171 2114 habet
1192 2049 1373 2134 ingressum
1396 2047 1461 2112 nisi

351 2175 410 2240 per
423 2151 606 2238 predictum
621 2150 645 2216 J
646 2151 807 2216 ohannem
822 2152 931 2216 uirum
946 2175 1043 2217 suum
1058 2152 1112 2217 cui
1126 2153 1197 2238 ipsa
1212 2160 1262 2216 est
1277 2151 1351 2217 etc.¹

418 2256 462 2320 Et
476 2254 500 2320 J
500 2255 642 2320 ohannes
658 2262 692 2318 et
706 2255 813 2320 Alicin
826 2255 966 2320 ueniunt
981 2263 1015 2320 et
1026 2255 1140 2320 dicunt
1155 2255 1241 2341 quod
1255 2277 1318 2320 non
1335 2255 1461 2320 habent

352 2359 533 2447 ingressum
558 2380 617 2444 per
639 2357 747 2444 ipsum
772 2358 968 2436 Jchannem‚
993 2367 1045 2423 set
1066 2382 1124 2445 per
1145 2359 1249 2445 ipsam
1271 2359 1459 2424 Ascelinam

353 2471 492 2528 matrem
507 2461 608 2547 ipsius
623 2460 728 2526 Alicie
744 2483 807 2546 que
822 2471 937 2548 sponte
953 2470 988 2526 et
998 2463 1084 2528 bona
1094 2463 1265 2528 uoluntate
1277 2485 1338 2527 sua
1351 2471 1386 2528 et
1400 2485 1461 2549 per

353 2590 519 2633 assensum
534 2565 635 2652 ipsius
650 2567 673 2632 J
674 2566 810 2632 ohannis
825 2567 917 2633 dedit
932 2568 963 2632 ei
978 2577 1098 2633 terram
1118 2568 1218 2645 illam,
1239 2575 1275 2634 et
1295 2568 1355 2633 hoc
1375 2567 1460 2632 bene

353 2680 455 2760 patet,
470 2672 547 2758 quia
560 2679 634 2756 post
648 2681 786 2736 mortem
801 2672 904 2758 ipsius
919 2673 943 2738 J
943 2673 1079 2738 ohannis
1093 2673 1157 2737 uiri
1179 2673 1230 2737 sui
1244 2671 1279 2736 in
1294 2672 1460 2737 uiduitate

353 2797 413 2840 sua
441 2782 546 2838 ratam
575 2773 692 2838 habuit
714 2773 924 2840 donacionem
950 2775 1040 2840 illam
1066 2799 1164 2862 quam
1191 2775 1221 2840 ei
1244 2773 1388 2853 fecerat¹,
1410 2775 1460 2840 ita

353 2879 440 2966 quod
462 2877 550 2964 cepit
571 2877 735 2942 redditum
758 2878 798 2944 de
821 2879 936 2944 eadem
958 2889 1053 2958 terra,
1075 2879 1198 2944 scilicet
1220 2901 1320 2943 unam
1342 2878 1460 2943 libram

352 2981 465 3046 cimini
478 3003 537 3066 per
551 2987 617 3044 tres
631 3003 732 3045 annos
747 2981 796 3045 ita
810 2982 897 3067 quod
917 2983 1017 3047 semel
1038 2981 1141 3069 cepit⁴
1161 3003 1218 3068 pro
1239 2981 1308 3046 libr.
1330 2981 1460 3068 cymini,

353 3093 388 3150 et
402 3085 478 3150 inde
493 3083 585 3170 ponit
599 3105 633 3148 se
649 3105 746 3170 super
759 3084 908 3150 iuratam

419 3189 463 3252 Et
477 3186 630 3252 Ascelina
644 3186 704 3252 hcc
725 3195 833 3252 totum
853 3187 1001 3253 defendit
1024 3196 1059 3253 et
1080 3187 1161 3268 dicit
1183 3187 1270 3274 quod
1291 3209 1459 3274 nunquam

354 3297 579 3378 postmortem
594 3289 657 3352 uiri
672 3290 723 3354 sui
738 3291 826 3377 cepit
846 3290 1011 3356 redditum
1032 3292 1135 3369 illum,
1151 3299 1201 3356 set
1224 3291 1318 3355 illum
1333 3312 1461 3377 semper

354 3394 512 3460 refutauit
523 3403 557 3458 et
568 3393 644 3458 inde
656 3395 748 3479 ponit
759 3418 794 3460 ee
803 3417 901 3481 super
911 3395 1062 3473 iuratam,
1073 3403 1108 3460 et
1119 3395 1202 3460 bene
1213 3393 1360 3459 concedit
1372 3393 1460 3480 quod

355 3501 382 3565 si
404 3500 511 3564 iurata
524 3497 612 3562 dicat
628 3498 714 3583 quod
735 3499 900 3564 redditum
915 3499 1010 3564 illum
1028 3507 1102 3585 post
1124 3506 1263 3562 mortem
1278 3497 1380 3583 ipsius
1400 3497 1424 3563 J
1425 3521 1459 3562 o-

354 3603 471 3668 hannis
485 3600 650 3686 receperit,
662 3603 749 3687 quod
760 3612 840 3668 tunc
849 3603 872 3667 J
873 3602 1016 3667 ohannes
1028 3611 1063 3666 et
1073 3601 1180 3666 Alicia
1189 3609 1323 3665 teneant
1334 3601 1369 3664 in
1379 3623 1460 3686 pace

353 3737 413 3802 per
433 3711 554 3778 donum
573 3709 667 3788 illud,
685 3707 736 3773 sin
755 3715 876 3784 autem,
897 3715 976 3771 tunc
1000 3693 1095 3769 κᾶθ’
1115 3704 1275 3768 Ascelina
1320 3703 1364 3768 Et
1386 3703 1460 3768 ideo

354 3817 414 3882 fiat
428 3817 535 3882 iurata
549 3826 583 3882 et
598 3815 711 3882 ueniat
726 3835 746 3877 a
760 3812 813 3876 die
828 3811 940 3876 Pasch.
955 3811 991 3875 in
1006 3817 1072 3873 tres
1087 3815 1167 3893 sept
1180 3807 1222 3872 ad
1233 3829 1460 3894 recognoscen-

355 3921 434 3986 dum
448 3919 476 3984 si
490 3919 636 4006 predicta
650 3915 801 3982 Ascelina
815 3923 888 4000 post
903 3921 1041 3978 mortem
1055 3911 1194 3998 predicti
1215 3911 1239 3976 J
1240 3910 1376 3976 ohannis
1395 3910 1461 3976 uiri

355 4023 407 4089 sui
435 4023 556 4109 recepit
578 4022 619 4087 de
640 4019 794 4108 predictis
815 4019 838 4084 J
840 4018 967 4082 ohanne
989 4023 1024 4081 et
1046 4015 1153 4080 Alicia
1173 4013 1338 4080 redditnrn
1360 4014 1461 4079 unius

388 4190 526 4240 ¹A.m.8.
931 4180 1034 4234 instead
1045 4183 1074 4244 cf
1083 4181 1128 4232 the
1139 4178 1228 4244 ponnd
1238 4180 1372 4229 orcumin.

388 4255 474 4306 ¹0m.
497 4263 542 4314 at,
564 4254 600 4314 A;
628 4255 671 4304 cai
692 4255 750 4318 ipsa
771 4254 800 4302 ia
822 4252 881 4301 atta
963 4247 1090 4297 ⁶Thisis
1107 4247 1152 4297 the
1168 4244 1330 4296 abbreviated
1351 4245 1417 4294 form
1432 4246 1465 4296 cf

356 4321 686 4382 contradicercrwrrpctnit.
930 4316 1038 4364 ratim.
1072 4309 1459 4385 ThewordinAisindistinct,

388 4386 516 4436 mear.
530 4385 549 4434 t.
561 4386 608 4434 321
620 4383 645 4434 b.
931 4375 1247 4436 butitseemstcberec’;
1265 4374 1383 4426 menna
1395 4379 1460 4426 rato

389 4451 400 4484 ⁴
416 4451 514 4515 Supply
525 4452 576 4514 iiij.
588 4466 617 4512 a,
632 4450 668 4512 Δ;
685 4450 743 4500 tour
759 4447 880 4510 shillings
931 4459 1042 4496 recover.
