3276 5234
468 455 614 515 nrum,
637 455 700 504 sn.
727 441 819 516 1229,
841 453 904 504 sn
929 442 977 506 13.
1211 445 1273 508 263

230 631 278 696 Et
297 632 481 698 Willelmus
504 633 668 698 Hemicus
690 640 725 696 et
747 631 914 696 Johennes
933 629 1024 694 selus
1042 629 1192 696 libertate
1215 655 1274 697 sun

157 731 290 796 intrant
319 731 353 796 in
381 753 582 818 responsum,
611 741 646 798 et
671 730 871 796 defendunt¹
896 739 932 796 et
960 731 1273 817 inprisonamentum

157 835 294 913 iniuste,
309 845 344 900 et
358 836 473 902 dicunt
488 835 575 922 quod
590 836 722 922 quidam
737 836 901 901 Rubertus
913 835 954 900 de
970 836 1157 922 Haueryate
1178 837 1273 902 home

160 937 304 1004 Comitis
325 940 446 1027 Rogeri
469 940 527 1026 qui
549 939 628 1004 tulit
648 939 817 1004 ceruisism
838 939 880 1004 ed
902 939 1110 1004 pendendum
1133 940 1167 1004 in
1189 963 1272 1005 nun-

159 1037 249 1102 dinis
277 1037 319 1103 de
349 1037 515 1104 Gemesm'
545 1039 638 1104 uenit
668 1039 841 1104 wlneratus
872 1047 907 1104 et
935 1039 1020 1104 male
1044 1047 1202 1106 tractatus
1231 1040 1273 1106 ed

159 1143 290 1207 dictum
320 1141 523 1206 Willelmum
553 1150 588 1206 et
616 1140 716 1206 socios
745 1152 901 1226 tanquam
934 1141 976 1206 ad
1011 1141 1149 1208 bellicos
1178 1143 1272 1211 Dom.

160 1245 273 1331 Regis,
295 1252 330 1308 et
351 1252 487 1330 questus
508 1244 573 1308 fuit
594 1245 641 1309 eis
658 1245 699 1310 de
719 1245 872 1330 predictis
893 1245 1035 1310 Rcberto
1055 1246 1095 1311 dc
1116 1247 1216 1311 Lenn'
1239 1255 1273 1311 et

161 1349 304 1416 Ricardo
328 1349 369 1414 dc
396 1349 566 1414 Albeuille
588 1348 773 1414 hominibus
801 1349 903 1434 ipsius
929 1349 1064 1414 Henrici
1085 1349 1126 1414 de
1149 1350 1272 1417 Ochum

160 1451 250 1537 quod
288 1459 400 1516 contra
440 1473 554 1536 pacem
590 1451 684 1515 Dom.
715 1449 816 1536 Regis
853 1449 1090 1515 wlnerauerunt
1126 1474 1202 1516 eum
1238 1462 1273 1518 et

160 1555 371 1620 abstulerunt
394 1554 426 1618 ei
455 1554 600 1618 tunicam
623 1563 771 1618 suamet
800 1553 1039 1639 supertunicam
1070 1554 1111 1620 de
1140 1566 1272 1636 russet0‚

161 1667 196 1722 et
226 1655 350 1744 optulit
379 1655 476 1721 dictis
505 1655 635 1720 balliuis
664 1656 799 1720 uedium
828 1664 863 1722 et
892 1656 1037 1743 plegium
1066 1657 1108 1723 ad
1137 1681 1273 1746 sequen·

161 1761 242 1826 dum
278 1784 393 1826 uersus
431 1781 494 1836 ecs,
531 1759 580 1824 ita
615 1757 702 1844 quod
734 1757 872 1844 predicti
907 1758 1090 1824 Willelmus
1125 1769 1159 1824 et
1195 1761 1272 1826 sccii

161 1866 214 1931 sui
238 1875 397 1952 tanquam
418 1864 533 1930 bellini
556 1861 680 1928 domini
702 1863 802 1950 Regis
824 1863 982 1929 miserunt
1003 1865 1165 1951 quendum
1187 1866 1273 1932 Abel

160 1971 362 2036 seruientem
388 1992 484 2034 suum
508 1969 551 2034 ad
579 1967 803 2034 attechicndos
832 1968 992 2055 predictos
1021 1970 1201 2034 Rebertum
1230 1969 1271 2036 de

160 2073 264 2139 Lenn'
296 2081 331 2138 et
365 2071 541 2137 Ricardum
576 2070 617 2136 de
646 2071 812 2136 Albeuilla
846 2093 920 2136 cum
956 2072 1101 2158 predicto
1131 2073 1274 2138 Rcberto

160 2176 203 2240 de
244 2177 436 2260 Haueryete
473 2181 639 2260 querente,
676 2173 733 2260 qui
769 2197 844 2238 cum
886 2174 963 2240 illuc
1005 2176 1157 2255 uenisset,
1194 2177 1274 2242 dicti

161 2281 329 2346 Rcbertus
355 2289 390 2344 et
412 2279 570 2344 Ricardus
592 2279 738 2344 homines
767 2279 869 2365 ipsius
899 2279 1033 2346 Henrici
1062 2303 1136 2346 cnm
1159 2282 1194 2346 ui
1215 2303 1275 2348 sua

161 2385 284 2450 iterum
316 2385 557 2448 wlnerauerunt
585 2383 768 2470 predictum
798 2383 979 2448 Robertum
1014 2384 1055 2448 de
1085 2385 1273 2472 Haueryate

161 2497 196 2554 et
223 2488 312 2553 male
335 2494 560 2552 tractauerunt
581 2486 764 2572 predictum
786 2485 872 2551 Abel
894 2486 1091 2550 seruientem
1113 2509 1171 2573 per
1192 2489 1274 2574 pilos

161 2599 197 2656 et
220 2589 482 2656 uerbersuerrmt
692 2587 704 2620 ¹
720 2587 849 2664 ictibus,
864 2595 899 2652 et
917 2611 991 2653 cum
1009 2588 1090 2653 dicti
1112 2589 1274 2656 Robertus

162 2704 197 2760 et
219 2695 309 2760 Abel
332 2693 505 2758 rediissent
534 2700 569 2758 et
591 2692 697 2778 questi
726 2691 864 2756 fuissent
892 2691 1045 2777 predictis
1074 2692 1204 2758 helliuis
1233 2694 1274 2759 de

161 2799 223 2862 tali
245 2796 511 2884 transgressione,
531 2795 611 2860 dicti
632 2794 746 2860 bellini
768 2802 969 2859 uocauerunt
990 2795 1111 2860 milites
1133 2805 1168 2862 et
1189 2820 1273 2863 mer-

160 2911 290 2968 catores
304 2909 387 2988 aput
403 2897 613 2966 Tolbothnm⁸
627 2899 827 2985 requirentes
842 2899 1011 2964 consilium
1024 2899 1102 2985 quid
1117 2899 1164 2965 cis
1178 2923 1275 2987 super

161 3005 225 3070 hoc
239 3013 328 3070 esset
343 3003 515 3092 egendum.

92 3119 117 3180 .'.
229 3107 417 3172 ‘Robertus
436 3107 477 3172 dc
495 3105 603 3170 uorz⁵
622 3105 708 3191 petit
725 3127 839 3170 uersus
860 3105 1048 3192 Philippum
1069 3105 1110 3172 de
1130 3107 1274 3194 Stieley⁸
1399 3153 1405 3166 .

163 3211 267 3298 xxiiij.
292 3211 402 3276 bouet
433 3218 615 3275 terrenum
636 3218 718 3296 pert.
740 3210 775 3276 in
798 3211 958 3276 Aselbsch
980 3219 1018 3275 ut
1040 3210 1092 3276 ius
1113 3234 1217 3290 suum,
1240 3220 1275 3278 et

163 3335 280 3380 uersus
310 3313 492 3378 Robertum
521 3312 625 3378 filium
654 3313 792 3378 Walteri
821 3313 862 3378 de
893 3313 1065 3401 Strnleghn
1093 3314 1135 3400 xj.
1165 3314 1273 3381 bouet.

162 3427 251 3482 terre
278 3415 314 3480 in
344 3415 526 3482 Chillewlla
554 3423 589 3480 ct
617 3415 698 3480 duas
727 3423 836 3501 partes
865 3414 1001 3480 duarum
1031 3415 1174 3482 bouetnr.
1200 3439 1274 3482 cum

162 3529 246 3608 pert
270 3519 307 3584 in
330 3519 445 3584 eedem
475 3518 561 3595 uilla,
584 3525 623 3582 ut
652 3517 703 3582 ius
732 3539 837 3594 suum,
859 3517 945 3581 unde
974 3517 1066 3583 Isilin
1093 3527 1275 3584 antecessor

163 3647 226 3689 sua
250 3623 316 3688 fuit
345 3622 457 3687 seisits
485 3622 520 3686 in
542 3620 703 3685 dominico
726 3630 766 3686 ut
791 3621 832 3686 de
858 3621 950 3686 feodo
974 3630 1010 3686 et
1035 3623 1105 3686 iure
1128 3631 1274 3709 tempore

164 3729 208 3793 Η
233 3727 336 3814 Regis
357 3725 413 3790 aui
442 3725 536 3790 Dom.
566 3725 675 3812 Regis,
698 3724 854 3810 capiendo
883 3725 958 3790 inde
987 3726 1118 3810 expleta
1146 3727 1188 3792 ad
1217 3750 1274 3792 ue-

164 3831 306 3898 lenciam
328 3853 358 3896 v.
380 3830 434 3894 sol
458 3837 493 3894 et
514 3830 665 3916 emplius,
686 3838 721 3894 et
743 3829 783 3894 de
812 3829 884 3915 ipse
909 3829 1000 3896 Isilis
1028 3831 1194 3897 descendit
1223 3833 1275 3898 ius

164 3948 252 4004 terre
283 3937 372 4001 illius
400 3936 529 4001 cuidam
559 3937 702 4001 Roberto
731 3944 770 4001 ut
799 3935 866 4000 filio
887 3944 922 4000 et
947 3935 1058 4002 heredi
1081 3959 1147 4016 suo,
1174 3937 1274 4002 etde

163 4043 223 4108 illo
240 4041 395 4119 Roberto,
409 4041 552 4106 Rcberto
571 4040 641 4105 filio
663 4048 698 4106 et
719 4039 832 4106 heredi
853 4062 921 4118 suc,
935 4047 969 4105 ct
991 4040 1032 4106 de
1054 4041 1110 4107 illo
1131 4041 1274 4108 Robertc

198 4223 209 4257 ¹
228 4221 487 4287 Supplysaperom.
504 4224 535 4273 Δ.
747 4223 818 4276 drsw
828 4223 913 4274 blood.

197 4290 304 4346 'ordin
317 4289 349 4337 A„
382 4288 438 4338 The
453 4289 553 4351 copyist
569 4288 627 4339 who
648 4289 697 4340 hss
780 4289 1023 4342 ’Ths'i'ollbooth

163 4355 214 4406 left
236 4369 253 4404 s
276 4353 357 4402 blank
384 4353 428 4402 did
456 4357 512 4415 not,
536 4355 550 4402 1
577 4369 696 4418 suppose,
779 4355 948 4406 ⁴A.m.‘ld.

165 4417 331 4470 understand
342 4417 479 4469 thstortis
494 4421 587 4470 ieritru
607 4435 697 4470 means
778 4421 882 4478 thiota,
896 4420 927 4470 A.

165 4486 231 4535 with
242 4485 315 4534 blind
327 4485 407 4546 thur,
418 4484 499 4534 blows
508 4483 591 4534 which
605 4483 639 4535 do
650 4489 696 4535 not
778 4486 791 4519 ⁸
807 4487 917 4550 Strclep
930 4485 960 4536 Δ.
