3276 5234
341 449 404 511 200
643 454 779 520 merua,
800 439 865 506 ho.
891 441 984 519 1227,
1006 457 1068 507 aa.
1093 446 1143 507 11.

339 633 426 698 unde
441 632 520 698 dicit
536 631 622 718 quod
637 632 708 719 ipsa
722 631 882 697 Nioholaa
896 631 994 696 debet
1010 631 1041 696 ei
1055 631 1177 696 donum
1198 631 1280 696 iilud
1295 631 1444 696 waranti-

339 759 419 802 zare.

405 842 448 905 Et
471 841 630 905 Nieholaa
650 862 708 925 per
729 847 931 905 attornatum
953 861 1049 904 suum
1075 840 1168 905 uenit
1195 849 1229 905 et
1253 839 1332 904 dicit
1358 839 1446 925 quod

339 954 426 1010 carte
456 945 511 1010 ille
542 968 607 1009 non
633 945 754 1010 debent
778 945 809 1009 ei
838 967 961 1022 nocere,
990 967 1051 1010 nee
1075 945 1181 1010 eidem
1204 945 1305 1009 Priori
1327 944 1445 1020 ualere,

340 1050 416 1135 quia
437 1058 608 1136 postquam
635 1049 798 1136 predictus
824 1051 924 1136 Hugo
947 1057 1070 1114 cartam
1094 1049 1183 1114 illam
1208 1049 1293 1126 feeit,
1316 1071 1445 1134 presen-
1505 1099 1507 1102 .

340 1153 426 1217 tauit
441 1154 527 1218 idem
549 1155 648 1240 Hugo
663 1155 864 1219 Willelmum
885 1154 926 1219 de
948 1155 1136 1219 Glannuilla
1151 1155 1207 1240 qui
1227 1153 1343 1218 ultimo
1363 1151 1447 1216 obiit

339 1278 475 1341 persona
489 1265 523 1320 et
537 1256 613 1320 inde
629 1257 722 1342 ponit
733 1277 767 1320 se
779 1279 876 1342 super
886 1256 1034 1321 iuratam.
1062 1257 1112 1320 De
1124 1264 1214 1321 carta
1224 1255 1446 1320 Bartholomei

341 1360 528 1446 dicitquod
558 1361 644 1425 mala
673 1371 731 1438 est,
761 1362 838 1448 quia
868 1363 954 1426 faeta
983 1361 1046 1425 fuit
1075 1368 1149 1446 post
1178 1367 1314 1424 mortem
1344 1359 1447 1445 ipsius

341 1463 568 1527 Bartholomei.

406 1567 450 1630 Et
466 1567 557 1630 Prior
575 1566 757 1653 dicitquod
777 1575 866 1631 carte
887 1567 989 1653 ipsius
1009 1567 1160 1654 Hugonis
1175 1569 1261 1632 faeta
1275 1567 1339 1632 fuit
1358 1575 1446 1652 post-

224 1685 228 1691 '
341 1690 438 1756 quem
461 1671 645 1736 Wiilelmus
667 1680 872 1757 presentatus
894 1673 965 1747 fuit,
986 1680 1021 1736 et
1042 1671 1118 1737 inde
1141 1672 1226 1758 petit
1248 1672 1388 1736 iuratam
1411 1681 1447 1736 et

343 1775 502 1839 Niehoiaa
521 1775 679 1839 similiter.
725 1775 768 1839 Et
790 1775 863 1839 ideo
877 1775 936 1839 fiat
950 1775 1025 1840 inde
1044 1776 1152 1840 iurata
1171 1784 1205 1840 et
1220 1775 1333 1840 ueniat
1353 1798 1374 1840 a
1393 1775 1446 1841 die

340 1880 463 1945 Pasohe
487 1881 522 1944 in
545 1903 647 1946 unum
669 1903 813 1944 mensem
840 1881 882 1944 ad
906 1880 1198 1967 recognoscendum
1228 1879 1256 1944 si
1281 1880 1447 1966 predictus

340 1986 439 2072 Hugo
462 1993 635 2071 postquam
664 1993 908 2070 presentauerat
937 1985 1045 2070 ipsum
1074 1985 1276 2049 Willelmum
1306 1983 1385 2048 feeit
1415 1983 1447 2048 ei

339 2097 470 2165 sertam,
485 2089 539 2153 uel
559 2088 587 2152 si
609 2087 811 2174 presentauit
830 2088 937 2173 ipsum
954 2087 1154 2151 Willelmum
1177 2095 1354 2173 antequam
1369 2087 1448 2152 fecit

340 2191 370 2254 ei
393 2199 523 2268 cartam,
539 2191 615 2277 quia
637 2199 706 2255 tam
728 2199 798 2268 ete,
820 2199 854 2254 et
877 2190 1008 2255 interim
1031 2213 1065 2255 se
1087 2190 1163 2255 inde
1187 2190 1236 2254 ita
1258 2190 1448 2268 certificent,

340 2301 379 2357 ut
393 2293 497 2357 iustie’
513 2293 589 2357 inde
608 2293 736 2379 plenius
755 2293 925 2358 certiorare
945 2293 1078 2379 possint.
1123 2293 1167 2357 Et
1189 2315 1373 2358 eoncessum
1396 2301 1447 2357 est

339 2397 520 2483 apartibus
535 2398 621 2482 quod
640 2397 710 2462 siue
730 2397 881 2462 uenerint
900 2397 941 2461 ad
959 2397 1046 2462 diem
1067 2397 1158 2462 illam
1180 2397 1249 2462 siue
1271 2419 1345 2474 non,
1360 2396 1446 2483 quod

339 2501 447 2565 iurata
461 2501 620 2586 procedat.

284 2656 290 2670 .
407 2604 449 2668 ¹J
450 2605 592 2668 ohannes
603 2603 643 2668 de
659 2604 772 2669 Monte
786 2606 894 2670 Aeuto
909 2615 943 2670 et
962 2607 1063 2670 Lueia
1077 2629 1157 2670 uxor
1172 2607 1241 2670 eius
1256 2605 1447 2671 summoniti

228 2721 253 2749 ¹¹⁸
341 2711 473 2774 fuerunt
495 2709 537 2773 ad
558 2709 816 2795 respondendum
838 2711 1003 2776 Willelmo
1026 2711 1067 2776 de
1089 2711 1202 2776 Monte
1225 2711 1332 2776 Acuto
1355 2709 1447 2774 fratri

341 2813 485 2878 eiusdem
508 2811 667 2876 Johannis
689 2835 788 2898 quare
810 2813 872 2898 ipsi
894 2814 1013 2878 nutriri
1034 2813 1159 2879 faeiunt
1180 2814 1222 2878 ad
1244 2813 1446 2878 exheredita-

341 2913 463 2978 tionem
478 2913 579 2998 ipsius
593 2913 759 2991 willelmi,
774 2914 936 2999 quandam
950 2915 1092 3002 garciam
1108 2915 1300 2980 Katerinam
1316 2915 1446 2980 nomine

342 3025 508 3102 tamquam
523 3016 623 3080 filiam
639 3025 673 3080 et
692 3016 843 3081 heredem
865 3039 976 3082 eorum
991 3017 1117 3083 desieut
1138 3018 1210 3104 ipsa
1229 3040 1294 3082 non
1315 3026 1365 3082 est
1379 3017 1447 3082 filia

340 3145 401 3186 nec
421 3121 513 3186 heres
535 3143 654 3198 eorum,
669 3145 729 3186 nee
750 3121 837 3186 idem
859 3121 1026 3186 Johannes
1047 3122 1148 3186 alium
1171 3121 1271 3187 habet
1293 3122 1445 3186 heredem

341 3233 551 3310 apparentem
567 3247 664 3310 quam
679 3225 787 3310 ipsum
798 3224 1000 3290 Willelmum
1015 3235 1054 3290 ut
1065 3225 1153 3291 idem
1162 3227 1346 3291 Willelmus
1357 3227 1447 3291 dicit.

407 3329 450 3392 Et
465 3329 630 3394 Johannes
650 3329 742 3393 uenit
762 3337 797 3393 et
812 3329 892 3393 dicit
907 3329 993 3415 quod
1007 3330 1130 3394 nullam
1145 3331 1286 3417 garciam
1301 3330 1447 3395 nutrire'

341 3433 427 3508 facit,
442 3453 501 3496 nec
523 3431 714 3495 Katen'nam
735 3453 794 3496 nee
814 3431 921 3508 aliam,
938 3432 1015 3517 quia
1032 3454 1199 3518 nunquam
1214 3433 1315 3496 filiam
1330 3431 1447 3496 habuit

177 3561 304 3648 mm
340 3559 400 3602 nec
429 3535 529 3600 alium
559 3535 711 3600 heredem
741 3535 841 3600 habet
863 3559 960 3622 quam
982 3537 1166 3622 predictum
1189 3537 1388 3603 Willelmum
1412 3545 1447 3601 et

176 3656 308 3742 gpflpggpw
341 3641 435 3706 offert
450 3649 509 3704 eto.

177 3752 285 3836 affigo
406 3745 450 3809 Et
465 3743 566 3808 Lucia
579 3743 757 3829 dicitquod
773 3767 886 3808 reuera
900 3745 1016 3810 habuit
1031 3767 1130 3810 unam
1148 3745 1258 3822 filiam,
1273 3755 1323 3811 set
1343 3746 1447 3812 nescit

177 3844 328 3938 ffi‘fflqff„
341 3847 368 3912 si
399 3847 492 3911 uiuat
521 3846 574 3911 uel
597 3869 671 3924 non,
700 3855 735 3912 et
760 3847 833 3912 ideo
859 3848 945 3934 petit
966 3847 1074 3914 uisum
1096 3848 1136 3913 de
1159 3871 1199 3914 ea
1220 3857 1255 3914 et
1276 3873 1351 3914 eum
1373 3872 1446 3914 eam

177 3939 320 4024 ἓῖξξῗζῖξὶΐ
341 3951 469 4028 uiderit,
484 3951 570 4016 dicet
585 3951 759 4017 ueritatem
774 3961 885 4017 utrum
900 3976 960 4018 sua
973 3953 1016 4018 sit
1031 3955 1085 4017 uel
1100 3976 1172 4018 non.

177 4035 298 4165 iiiiii&
407 4055 450 4120 Et
470 4076 567 4140 super
580 4054 640 4119 hoe
660 4055 753 4120 uenit
773 4055 922 4120 dominus
940 4055 1182 4142 Wyntoniensis
1204 4057 1396 4143 Episcopus⁸
1410 4058 1446 4122 in

177 4173 256 4221 positus
264 4174 290 4212 ad

176 4221 316 4259 orbessano.
375 4220 383 4252 ¹
401 4220 431 4269 B.
446 4235 481 4268 m.
494 4221 510 4267 2
521 4219 545 4270 d.
920 4222 934 4270 I
954 4220 1031 4272 think
1048 4221 1107 4272 that
1126 4220 1148 4270 it
1164 4236 1212 4272 ran
1220 4220 1399 4270 :-Reeordum
1416 4221 1447 4270 de

177 4267 296 4353 Qifflffi'
374 4285 385 4316 ²
403 4286 474 4336 Corr.
489 4287 593 4334 nutriri
921 4289 1278 4337 KaterinadeMonteAcuto.
1301 4285 1356 4335 The
1364 4300 1445 4334 anno-

373 4351 384 4382 ³
400 4351 474 4400 Peter
485 4350 530 4399 des
540 4350 648 4401 Roohes.
919 4357 989 4402 tator
1001 4367 1085 4402 seems
1097 4356 1124 4401 to
1139 4351 1216 4402 think
1230 4351 1289 4401 that
1304 4349 1447 4400 Katherine

373 4417 383 4448 ⁴
400 4417 471 4467 corr.
486 4418 523 4465 de.
546 4415 644 4465 Alittle
656 4415 868 4467 belowthisnote
918 4417 1182 4480 woasupposititious.
1225 4417 1348 4473 Breeton.
1365 4415 1446 4476 citing

341 4481 450 4531 another
455 4487 516 4530 note
522 4481 571 4531 has
577 4480 639 4530 been
644 4481 866 4545 partiallyerased.
918 4483 971 4534 this
980 4498 1038 4533 ease
1048 4483 1065 4534 f.
1077 4484 1108 4533 63
1118 4484 1143 4545 b,
1153 4497 1236 4532 seems
1242 4484 1270 4532 to
1279 4481 1354 4531 think
1359 4495 1388 4530 so
1393 4485 1444 4530 too.
