3314 5238
341 369 404 430 464
636 381 787 442 1111111111,
809 381 873 430 ln.
900 369 993 442 1231,
1015 383 1077 430 111
1104 371 1153 432 15.

339 553 407 618 filio
428 553 562 618 Roberti
583 575 640 638 pro
661 553 810 640 homagio
831 561 866 618 et
887 553 1024 618 seruicio
1045 575 1104 618 suo
1127 563 1229 620 totam
1252 556 1451 622 dominicam

340 665 459 722 terram
477 657 483 744 Ι
503 679 595 722 suam
625 657 659 721 in
690 657 888 722 Bradehulla
908 681 1006 744 quam
1033 659 1221 724 Bertrsmus
1247 660 1287 726 de
1313 661 1451 726 Verdun

339 769 433 845 pater
458 783 535 825 suus
564 769 599 824 et
628 761 769 825 Thomas
798 761 838 824 de
869 761 1003 826 Verdun
1033 751 1133 826 freter
1161 785 1239 827 suus
1269 773 1449 828 tenuerunt

339 864 512 928 tenendam
540 863 602 928 sibi
625 877 660 928 et
685 863 859 930 heredibus
882 866 949 929 suis
978 865 1019 930 de
1049 865 1195 951 predicto
1224 867 1383 932 Nicholao
1413 875 1449 930 et

337 967 511 1032 heredibus
533 967 600 1032 suis
622 989 679 1052 pro
701 991 730 1032 x.
746 969 835 1034 solid
851 991 910 1054 per
931 991 1003 1034 ann
1025 970 1115 1033 seluo
1131 969 1294 1048 forinseco,
1309 980 1344 1034 et
1366 967 1448 1033 dicit

338 1071 424 1157 quod
439 1072 526 1136 idem
542 1072 721 1136 Nicholaus
735 1072 766 1136 ei
781 1072 880 1138 debet
895 1073 1110 1139 warentizare.

404 1171 447 1234 Et
470 1171 648 1236 Nicholaus
671 1193 729 1256 per
753 1180 955 1238 attornatum
982 1195 1077 1237 suum
1101 1173 1195 1238 uenit
1221 1182 1255 1238 et
1282 1171 1448 1258 cognoscit

337 1281 460 1338 cartam
480 1281 515 1338 et
537 1273 636 1338 nichil
659 1274 802 1339 ostendit
822 1297 921 1360 quare
943 1298 1008 1340 non
1028 1275 1167 1340 debeat¹
1190 1285 1224 1340 et
1243 1275 1321 1362 quia
1341 1274 1447 1339 conti·

337 1384 435 1440 netur
449 1376 483 1440 in
498 1385 588 1440 carta
602 1375 687 1462 quod
702 1375 789 1440 idem
806 1377 984 1441 Nicholaus
999 1375 1091 1441 dedit
1112 1387 1146 1441 et
1167 1378 1323 1442 concessit
1338 1377 1446 1441 eidem

338 1480 469 1550 Andros
484 1479 661 1545 secundum
677 1481 764 1566 quod
778 1477 960 1566 predictum
976 1487 1026 1543 est
1047 1487 1151 1543 totam
1166 1479 1360 1544 dominicam
1381 1488 1447 1543 ter-

339 1607 407 1650 ram
430 1607 522 1649 suam
538 1607 636 1670 quam
657 1583 773 1648 hebuit
791 1583 825 1646 11
846 1583 927 1646 11111
945 1583 1011 1658 illa,
1027 1581 1276 1648 Consideratum
1296 1583 1449 1668 estquod

338 1687 486 1752 Andreas
500 1687 576 1752 inde
591 1687 660 1751 sine
675 1687 729 1752 die
745 1694 780 1750 et
796 1685 973 1750 Nicholaus
988 1685 1023 1750 in
1037 1685 1264 1750 misericordia.

405 1791 513 1856 Leuca
526 1789 567 1854 de
584 1790 775 1854 Kaumuilla
789 1789 910 1875 optulit
924 1811 959 1854 se
973 1788 1051 1873 iiij‘0.
1067 1788 1121 1853 die
1143 1811 1255 1852 uersus
1270 1787 1446 1852 Ricardum

339 1894 379 1960 de
404 1893 595 1958 Kaumuilla
616 1892 656 1956 de
680 1893 800 1978 placito
823 1891 922 1956 tercie
948 1891 1051 1976 partis
1074 1891 1210 1956 manerii
1235 1890 1277 1956 19
1305 1890 1449 1956 Oliftona

339 2005 374 2062 et
388 1996 526 2061 membri
540 1996 591 2060 sui
605 1995 646 2060 de
662 1994 899 2081 Henegetona¹
913 2017 1012 2079 quam
1027 1993 1146 2058 clamet
1169 2003 1208 2058 ut
1228 1993 1447 2080 pertinentem

339 2099 381 2164 ad
395 2099 505 2164 dotem
525 2121 617 2164 suam
638 2107 699 2162 etc.
745 2099 789 2162 Et
809 2097 967 2161 Ricardus
988 2119 1053 2160 non
1076 2096 1170 2160 uenit
1192 2105 1253 2162 etc.
1274 2105 1308 2160 et
1330 2097 1449 2162 habuit

339 2203 426 2269 diem
456 2226 515 2289 per
543 2203 772 2268 essoniatorem
801 2224 897 2266 suurn
923 2224 944 2266 a
968 2201 1021 2265 119
1046 2209 1107 2266 etc.
1152 2200 1320 2265 Judicium
1347 2201 1449 2265 tercia

340 2329 412 2392 pars
435 2307 583 2392 capiatur
603 2306 638 2370 in
661 2327 794 2369 manum
817 2304 911 2368 Dom.
934 2303 1034 2390 Regis
1050 2311 1098 2392 Ι91
1122 2302 1191 2368 dies
1221 2311 1280 2368 etc.
1312 2311 1347 2368 et
1376 2303 1446 2389 ipse

339 2417 584 2474 summoneatur
598 2409 685 2494 quod
698 2408 742 2472 sit
757 2416 818 2472 eto.

405 2513 568 2578 Robertus
585 2513 692 2577 Foliot
711 2511 869 2577 Ricardus
887 2512 927 2576 de
948 2512 1081 2576 Hidona
1100 2535 1158 2598 per
1178 2521 1359 2578 attornatos
1373 2535 1449 2578 suos

272 2632 292 2661 ²
344 2624 464 2702 petunt
486 2621 599 2681 uer'sus
622 2614 852 2680 Eadmundum
875 2615 915 2680 ds
936 2615 1129 2680 Tudenham
1151 2615 1362 2680 medietatem
1382 2639 1449 2681 me·

340 2719 474 2784 dietatis
497 2720 582 2784 19911
604 2720 679 2784 dim.
704 2720 818 2784 militis
840 2743 915 2784 cum
944 2729 1025 2806 pert.
1052 2721 1087 2784 11
1117 2721 1302 2786 Stauntona
1330 2731 1369 2786 ut
1399 2722 1450 2787 ius

340 2843 435 2886 suum
451 2831 511 2886 etc.

406 2926 450 2990 Et
473 2925 684 2990 Eadmundus
706 2925 799 2990 uenit
822 2935 857 2990 et
879 2925 964 3011 petit
990 2927 1066 2991 inde
1097 2927 1214 3006 uisum,
1236 2928 1357 2994 habeat
1386 2939 1447 2996 etc.

342 3032 385 3096 Et
409 3029 576 3094 sciendum
598 3030 684 3115 quod
705 3030 802 3095 Johel
832 3030 873 3094 de
900 3031 993 3096 Valle
1023 3031 1123 3096 Torta
1151 3041 1186 3096 et
1216 3033 1381 3100 Galfridus
1410 3035 1451 3100 de

341 3134 542 3220 Baringtona
570 3133 744 3220 participes
770 3133 912 3218 ipsorum
936 3133 1071 3198 Roberti
1095 3143 1130 3200 et
1152 3135 1283 3201 Ricardi
1309 3160 1452 3203 summo-

342 3238 405 3303 niti
427 3247 505 3302 sunt
527 3247 562 3302 et
584 3239 701 3302 nolunt
724 3237 816 3324 sequi
841 3237 882 3302 (19
906 3247 999 3323 parte
1022 3261 1085 3324 que
1110 3261 1165 3304 eos
1190 3241 1361 3328 contingit.
1405 3243 1452 3307 Et

340 3341 413 3406 ideo
427 3349 605 3427 sequantur
619 3341 676 3405 alii
696 3341 736 3405 de
751 3349 844 3426 purte
865 3364 925 3406 sua
945 3342 1006 3406 1199
1026 3365 1091 3406 191
1113 3343 1265 3408 obstante
1280 3344 1367 3429 quod
1386 3344 1451 3430 ipsi

340 3465 405 3508 non
420 3451 574 3508 secuntur
588 3442 670 3508 919ι

406 3546 586 3612 *1191111111
623 3545 729 3612 'filius
765 3547 902 3612 Roberti
939 3556 974 3611 et
1011 3547 1173 3612 Robertus
1204 3548 1290 3612 filius
1320 3549 1452 3616 Ricardi

234 3677 247 3706 ο
341 3651 551 3716 essoniatores
580 3651 715 3717 Roberti
744 3652 785 3716 de
809 3652 1004 3738 Stradlegha
1025 3651 1217 3738 optulerunt
1238 3675 1272 3717 se
1294 3653 1372 3738 iiiju
1396 3655 1450 3720 die

340 3774 453 3816 uersus
475 3753 655 3818 Robertum
685 3753 725 3818 19
748 3753 842 3838 Moyz
872 3753 913 3818 de
942 3753 1062 3838 placito
1091 3753 1192 3839 xxiiij.
1223 3755 1333 3820 bouat.
1364 3764 1450 3821 terre

339 3877 414 3920 cum
440 3856 815 3941 [191111011919119119,ο
840 3857 875 3920 11
905 3857 1065 3921 Heselbec
1095 3865 1129 3922 et
1158 3857 1200 3942 xj.
1232 3858 1340 3924 bouat.
1364 3869 1450 3925 terre

340 3979 415 4022 curn
437 3967 518 4044 pert.
541 3957 576 4022 in
600 3957 796 4023 Chelewella
821 3966 856 4022 et
881 3957 1019 4022 duarum
1044 3957 1189 4044 parcium
1214 3959 1314 4025 trium
1340 3961 1449 4027 bouet.

340 4072 425 4127 terre
440 4085 514 4127 cum
529 4070 609 4148 pert.
626 4062 660 4126 11
680 4055 793 4127 eadem
814 4062 894 4126 uilla
908 4084 988 4148 quas
1007 4061 1095 4126 idem
1116 4062 1278 4128 Robertus
1298 4064 1338 4129 de
1354 4059 1449 4151 Moya

373 4285 380 4316 ¹
400 4283 497 4346 supply
508 4285 532 4332 ei
544 4285 713 4333 warentiam.
950 4286 961 4316 ⁴
978 4285 1007 4333 B.
1019 4299 1055 4334 m.
1068 4287 1108 4335 11.

373 4350 383 4380 ²
400 4348 498 4397 Clilton
512 4348 655 4410 Oampville
666 4347 718 4398 and
729 4348 865 4398 Haunton.
951 4349 961 4380 ⁸
977 4352 1107 4408 Robertus,
1120 4350 1150 4402 B.

371 4415 382 4447 ⁸
399 4414 441 4464 Br.
456 4414 473 4464 1.
489 4413 544 4464 429.
927 4411 930 4418 '
949 4415 960 4446 ⁶
977 4415 1034 4465 Om.
1049 4418 1077 4464 in
1090 4417 1247 4474 t'teleoeua.
1260 4416 1290 4467 B.
