3260 5218
340 433 381 498 11
522 445 650 494 mersa
672 443 745 494 suo
767 443 916 504 ramur,
938 440 1003 490 aa.
1029 427 1213 504 1219‚,s.s.
1237 430 1266 493 3.

339 613 413 679 1166
427 613 533 680 adhuc
547 614 632 700 petit
648 622 681 678 61
697 614 861 678 Walterus
876 613 935 679 hoo
955 613 1108 700 cognouit
1128 622 1162 678 et
1182 614 1255 679 ideo
1270 613 1448 680 considera·

341 725 413 780 tum
433 724 483 780 est
503 715 590 802 quod
612 715 769 802 Magister
790 716 910 782 habeat
932 716 1039 780 uisum
1062 725 1097 780 et
1118 716 1192 781 ideo
1214 715 1311 782 datus
1332 725 1382 782 661
1403 717 1450 781 616

341 820 445 886 11666
459 820 511 885 116
527 820 559 886 S.
574 820 648 886 Joh.
664 819 698 884 in
714 827 779 884 tres
794 820 991 905 septimanas
1006 828 1040 884 61
1054 820 1187 884 interim
1202 829 1263 886 etc.
1286 819 1291 906 Ι

406 925 451 988 Ε1
474 925 631 1010 Magister
652 924 744 1010 ponit
767 925 835 989 loco
854 947 912 990 suo
932 925 1115 990 Walterum
1137 925 1177 990 de
1200 925 1451 1011 Beningeburgo

342 1037 376 1093 et
398 1029 563 1094 Walterus
585 1029 678 1115 ponit
700 1030 768 1094 loco
790 1052 848 1094 suo
870 1030 1035 1116 Rogerum
1055 1030 1154 1116 Bigot
1173 1037 1234 1096 etc.
1250 1037 1284 1094 et
1302 1028 1452 1094 similiter

341 1154 454 1196 uersus
469 1131 656 1196 Prior-issam
670 1132 709 1198 (16
723 1131 974 1218 Serninpezheyt
989 1132 1028 1198 de
1041 1133 1161 1218 placito
1177 1141 1260 1198 terre
1274 1141 1327 1198 otc.

277 1293 283 1306 ‚
407 1235 501 1300 Idem
525 1235 690 1300 Walterus
712 1234 832 1320 optulit
856 1256 890 1298 66
914 1243 1029 1320 quarto
1051 1234 1103 1300 die
1128 1257 1241 1300 uersus
1264 1235 1450 1300 Priorissam

269 1338 287 1367 ²·
342 1338 383 1403 de
399 1338 605 1404 Minketona¹
621 1360 684 1424 que
699 1360 733 1402 66
748 1338 924 1402 6666616611
939 1338 979 1402 16
994 1339 1080 1403 malo
1095 1339 1172 1404 lecti
1186 1361 1300 1404 uorsus
1314 1361 1390 1403 eum
1410 1338 1451 1402 de

342 1440 462 1526 placito
477 1449 561 1504 terre
582 1447 643 1506 616.
660 1448 694 1504 61
717 1439 871 1504 Priorissa
891 1462 957 1504 non
978 1439 1072 1504 uenit
1094 1449 1154 1506 etc.
1175 1462 1235 1504 nec
1255 1439 1376 1504 milites
1395 1439 1452 1524 qui

343 1545 489 1608 fecerunt
504 1543 611 1607 uisum
626 1541 667 1606 16
682 1564 721 1606 66
740 1551 775 1606 61
794 1565 891 1627 super
911 1542 970 1607 hoc
990 1542 1083 1606 uenit
1098 1542 1282 1608 Willelmus
1296 1542 1336 1606 de
1352 1543 1453 1626 Percy

344 1635 443 1709 frater
457 1643 602 1709 eiusdem
617 1643 755 1707 Walteri
770 1651 804 1707 et
819 1643 903 1708 dixit
918 1643 1004 1729 quod
1023 1644 1092 1729 ipse
1113 1653 1205 1708 16661
1225 1653 1346 1708 terram
1365 1643 1452 1708 unde

344 1747 501 1833 placitum
521 1753 571 1811 661
591 1745 626 1810 16
646 1745 805 1810 dominico
826 1753 860 1810 et
883 1769 949 1810 non
973 1746 1134 1823 Priorissa,
1154 1755 1189 1810 et
1209 1747 1373 1812 Walterus
1393 1745 1453 1810 hoc

345 1851 496 1938 cognouit
519 1859 553 1916 61
574 1850 710 1916 retraxit
732 1872 766 1914 66
786 1872 899 1915 uersus
918 1873 990 1914 eam
1011 1858 1045 1914 et
1064 1873 1130 1916 non
1144 1851 1218 1914 uult
1233 1850 1325 1936 sequi
1339 1872 1452 1914 uersus

346 1977 418 2020 eam
443 1963 478 2019 et
503 1954 576 2019 ideo
601 1954 637 2018 in
661 1953 878 2018 misericordia
903 1961 938 2017 61
963 1953 1064 2040 plegii
1089 1953 1141 2018 sui
1166 1953 1206 2018 de
1233 1953 1453 2040 prosequendo

345 2057 502 2124 similiter.
562 2059 606 2122 Et
635 2057 801 2123 sciendum
831 2057 917 2144 quod
946 2058 1125 2122 uioecomes
1161 2057 1330 2122 mandauit
1367 2056 1454 2142 quod

346 2162 500 2228 Priorissa
524 2162 595 2226 uisa
620 2161 683 2226 fuit
709 2169 743 2225 61
769 2160 855 2246 quod
881 2161 1002 2224 milites
1027 2160 1187 2225 dederunt
1211 2161 1241 2224 61
1265 2161 1452 2247 languorem

346 2275 381 2331 61
395 2275 573 2352 posuerunt
588 2266 619 2330 61
634 2265 721 2330 diem
735 2287 756 2328 a
769 2264 822 2329 die
837 2264 927 2328 uisus
942 2264 993 2328 sui
1006 2264 1042 2328 in
1051 2265 1078 2351 j.
1094 2287 1217 2330 annum
1232 2263 1320 2350 apud
1338 2263 1453 2328 turrim

347 2369 603 2434 Londoniensem
624 2375 658 2431 et
678 2367 750 2431 1166
770 2366 961 2431 mandatum
981 2375 1031 2431 est
1051 2367 1203 2432 Priorisse
1222 2388 1281 2453 per
1301 2366 1454 2432 clericum

347 2472 497 2558 Magistri
518 2471 686 2557 hospitalis
708 2470 845 2556 predicti
867 2470 953 2555 quod
975 2470 1087 2534 mittat
1109 2470 1151 2534 ad
1172 2470 1294 2535 curiam
1317 2478 1351 2534 61
1374 2479 1454 2535 1666

347 2576 521 2640 mandetur
542 2576 572 2639 61
595 2574 770 2660 quidinde
793 2575 896 2638 facere
919 2573 1051 2638 dobeat'
1072 2573 1143 2660 ipsa
1163 2582 1276 2659 postea
1298 2574 1388 2638 misit
1411 2573 1454 2636 ad

348 2677 470 2742 curiam
485 2685 520 2742 et
533 2677 631 2763 petiit
646 2676 813 2741 licenciam
827 2676 980 2762 surgendi
995 2685 1029 2740 et
1044 2677 1144 2741 habet
1163 2677 1247 2740 61661
1267 2676 1307 2740 16
1327 2675 1456 2762 loquela

348 2780 388 2844 de
404 2801 469 2864 qua
482 2779 569 2844 idem
585 2779 749 2843 Walterus
763 2778 899 2842 retraxit
913 2801 947 2842 se
963 2776 1035 2844 eto.³

415 2883 528 2948 Simon
543 2882 583 2946 16
599 2883 699 2947 Kirna
713 2891 747 2946 61
762 2882 880 2946 Roesia
894 2905 975 2946 uxor
994 2881 1064 2947 6166
1083 2884 1273 2968 optulerunt
1290 2905 1324 2947 66
1339 2889 1455 2968 quarto

275 2980 290 3010 ¹·
349 2984 401 3050 die
416 3007 529 3049 uersus
543 2985 718 3071 Hugonem
734 2983 774 3048 de
790 2985 858 3070 Lay
876 2984 916 3048 de
936 2984 1056 3069 placito
1076 2985 1162 3070 quod
1181 2993 1265 3050 esset
1285 2986 1456 3050 auditurus

348 3089 515 3170 recordum
531 3098 565 3154 61
580 3089 736 3154 iudicium
752 3111 847 3154 suum
862 3089 903 3153 16
917 3088 1016 3154 assisa
1032 3089 1146 3154 mortis
1164 3089 1372 3154 antecessoris
1392 3112 1455 3174 que

348 3195 547 3260 summonitor
575 3195 638 3258 fuit
664 3193 830 3257 intereos
855 3193 890 3256 in
916 3193 1005 3258 ouria
1028 3193 1151 3257 domini
1175 3193 1274 3280 Regis
1297 3193 1457 3260 Johannis

349 3299 390 3363 16
416 3323 446 3364 x.
469 3299 598 3364 bouatis
622 3306 705 3362 terre
732 3319 807 3362 oum
831 3297 1040 3382 pertinenciis
1065 3297 1100 3361 in
1125 3297 1312 3382 Appeltona
1337 3306 1396 3362 616.
1422 3307 1456 3360 61

350 3403 450 3489 Hugo
479 3425 544 3466 non
573 3401 666 3466 uenit
696 3409 756 3466 etc.
787 3409 837 3466 set
866 3424 900 3466 se
930 3402 1105 3466 essoniauit
1133 3401 1174 3466 de
1203 3402 1288 3466 malo
1317 3401 1393 3465 lecti
1422 3409 1457 3464 61

350 3507 511 3571 cssonium
533 3527 598 3570 non
620 3505 735 3570 iacuit*
754 3514 813 3570 etc.
835 3515 869 3570 et
888 3507 961 3571 ideo
981 3515 1260 3571 resummoneatur
1279 3506 1365 3592 quod
1379 3505 1422 3570 611
1437 3527 1458 3570 6

350 3609 403 3674 die
424 3609 457 3675 S.
472 3608 631 3673 Johannis
650 3609 686 3673 in
705 3633 754 3674 xv.
776 3609 844 3673 dies
866 3617 901 3674 et
922 3611 1101 3674 uicecomes
1123 3610 1199 3674 loci⁵
1220 3611 1457 3697 recognitorum

351 3711 408 3797 qui
427 3711 577 3775 obierunt
597 3719 698 3796 ponat
717 3711 796 3776 alios
815 3711 864 3775 ita
883 3711 969 3797 quod
989 3712 1108 3776 habeat
1128 3721 1179 3776 161
1199 3722 1233 3776 61
1251 3714 1332 3777 tales
1347 3721 1406 3776 616.
1423 3720 1458 3776 61

351 3815 423 3880 illos
444 3815 556 3879 uenire
578 3816 676 3880 faciat
697 3823 757 3880 616.
780 3823 814 3880 61
835 3815 1002 3880 athachiet
1026 3816 1169 3880 Alanum
1196 3817 1236 3880 de
1263 3817 1398 3882 Folifeat
1424 3821 1458 3878 et

352 3917 495 3982 Alanum
511 3917 550 3982 de
566 3918 762 4003 Knapetona
776 3926 810 3982 et
824 3919 1004 3984 Robertum
1020 3919 1181 4005 Sepeshee
1197 3927 1257 3986 etc.
1338 3925 1340 3930 ’

386 4119 396 4150 ¹
413 4119 623 4168 Nun-Monkton.
634 4119 748 4169 Monast.
760 4118 793 4170 iv.
808 4119 863 4170 192.
932 4123 959 4172 16
971 4123 1013 4182 get
1025 4133 1069 4182 up.
1102 4120 1147 4169 Br.
1160 4119 1177 4170 1.
1192 4119 1274 4170 3551).

388 4183 400 4216 ²
414 4184 493 4234 What
501 4185 600 4234 follows
608 4184 693 4234 would
703 4185 881 4247 bepostsoript
963 4186 974 4216 ⁴
991 4184 1106 4234 Tharais
1118 4199 1154 4234 no
1169 4184 1255 4234 essoin
1269 4183 1301 4232 da
1315 4181 1384 4231 malo
1400 4181 1459 4230 lecti

356 4263 391 4300 on
403 4249 446 4298 the
457 4250 512 4300 roll.
931 4249 1007 4300 inan
1018 4249 1110 4300 assiae.
1144 4250 1187 4299 Br.
1203 4250 1220 4297 1.
1234 4248 1317 4296 3441).
1349 4248 1420 4296 More
1432 4247 1461 4295 61

388 4313 471 4363 ³The
497 4313 609 4377 prioress
638 4313 736 4377 having
763 4313 881 4364 essoined
932 4314 1310 4372 111666116616166,Ο66637.

355 4379 453 4428 herself
462 4379 502 4427 for
513 4379 686 4429 bed-sickness
700 4383 772 4428 must
783 4381 840 4442 stay
852 4379 880 4428 in
964 4381 974 4412 ⁶
991 4379 1062 4432 Gerr.
1077 4383 1138 4430 loco.

356 4443 404 4494 bed
416 4444 503 4494 unless
514 4443 558 4494 the
574 4443 654 4494 Gourt
667 4445 736 4508 gives
751 4443 797 4494 her
810 4445 880 4494 leave
