3212 5230
341 449 404 512 392
643 461 783 522 annm,
805 401 870 510 in
894 445 988 522 1231,
1011 459 1073 508 aa
1097 447 1146 508 15.

341 629 415 694 auia
439 628 541 714 ipsius
563 627 683 693 Idonee
710 628 802 693 cuius
829 627 922 692 heres
948 626 1020 713 ipsa
1049 635 1099 692 est
1128 627 1251 692 hahent
1277 635 1338 693 etc
1365 626 1454 690 unde

342 741 524 822 queruntur
548 732 634 820 quod
660 733 753 798 Dom.
778 731 849 796 Rex
874 731 931 795 ult
956 751 1070 816 capere
1097 729 1278 796 manerium
1304 729 1389 794 illud
1415 739 1456 794 nt

343 837 497 903 eseaitam
593 835 703 901 ²terre
720 833 840 900 Norm'.

180 947 324 1036 mma
409 941 453 1005 Et
468 940 652 1005 Willelmus
672 949 707 1006 et
727 939 850 1004 Idonea
871 961 930 1025 per
951 939 1094 1004 Alanum
1117 939 1285 1026 Paganum
1308 938 1456 1024 positum

181 1041 298 1128 {lgm
344 1045 412 1109 loco
427 1043 530 1130 ipsius
545 1043 665 1108 Idonea
680 1042 722 1108 ad
738 1042 928 1108 lucrandum
944 1051 1003 1108 etc.
1021 1043 1160 1108 ueniunt
1178 1051 1213 1108 et
1232 1042 1347 1107 dieunt
1368 1041 1458 1129 quod

181 1137 318 1221 113ῗῆξῶ
343 1169 408 1212 non
432 1157 566 1232 possunt
589 1145 632 1212 ad
655 1155 777 1210 cartam
801 1145 903 1232 ipsius
926 1145 1085 1210 Nicholae
1106 1145 1307 1232 respondere,
1325 1145 1457 1210 desiout

181 1229 320 1314 matidii*
344 1251 431 1316 idem
448 1250 630 1314 Willelmus
644 1258 695 1314 est
709 1249 794 1313 inira
808 1256 941 1326 atatem,
956 1257 991 1313 et
1005 1249 1091 1334 petit
1106 1257 1229 1314 etatem
1244 1271 1344 1314 suam.

180 1323 275 1361 obstante

181 1368 298 1454 hiihdi
409 1355 453 1418 Et
469 1354 620 1419 Oliuerus
636 1361 670 1418 et
686 1353 845 1418 Nicholaa
859 1354 973 1419 dicunt
993 1353 1081 1440 quod
1101 1354 1226 1418 Idonea
1246 1376 1328 1418 uxor
1349 1353 1458 1439 ipsius

181 1461 315 1547 ffiffl‘
345 1455 503 1521 Willelmi
525 1477 588 1542 que
610 1463 661 1520 est
683 1455 776 1520 heras
798 1456 957 1522 Nicholae
978 1457 1019 1522 de
1043 1457 1147 1542 Rapa,
1162 1464 1197 1521 et
1216 1456 1270 1521 oui
1289 1456 1458 1521 hereditas

181 1553 314 1594 ¹¹¹⁰‘⁰“²¹⁸¹·
344 1559 499 1624 deuoluta
520 1567 579 1636 est,
598 1567 649 1624 est
671 1559 766 1644 plene
788 1559 894 1635 etatis,
915 1569 950 1624 et
970 1567 1089 1646 petunt
1108 1559 1264 1625 iudicium
1284 1559 1312 1624 si
1333 1558 1458 1624 debeat

344 1663 522 1750 exspectari
548 1671 618 1727 etas
643 1661 746 1748 ipsius
771 1662 936 1728 Willelmi.
982 1663 1058 1727 Post
1088 1663 1182 1727 uenit
1207 1663 1394 1728 Willelmus
1421 1671 1458 1726 et

180 1793 235 1834 aa
343 1768 434 1832 salua
459 1774 548 1831 etate
574 1787 634 1830 sua
656 1765 737 1830 dicit
759 1764 845 1851 quod
867 1765 1014 1851 predicta
1035 1773 1122 1830 terra
1143 1787 1207 1829 non
1230 1774 1280 1830 est
1300 1765 1458 1830 eschaeta

344 1871 436 1936 Dom.
460 1869 560 1957 Regis
583 1891 643 1934 neo
669 1891 737 1934 esse
761 1868 860 1934 debet
884 1869 977 1955 quasi
1003 1869 1044 1934 de
1070 1869 1165 1934 terris
1191 1870 1457 1934 Normannorum

343 1973 421 2060 quia
450 1981 595 2058 tempore
629 1972 728 2057 Regis
763 1971 894 2037 Ricardi
928 1981 1104 2058 antequam
1135 1973 1338 2038 Normannia
1367 1981 1457 2038 esset

343 2077 472 2163 perdita
496 2077 583 2142 facta
609 2077 672 2142 suit
698 2076 838 2162 quedam
862 2077 968 2142 finalis
993 2077 1162 2142 concordia
1184 2077 1333 2142 incuria
1357 2076 1455 2141 Dom.

343 2180 443 2267 Regis
460 2179 547 2266 apud
569 2177 769 2244 Cedamum⁸
786 2177 873 2243 inter
894 2177 978 2244 filias
997 2187 1032 2243 et
1052 2179 1186 2244 heredes
1208 2178 1340 2244 Ricardi
1359 2179 1402 2243 de
1422 2179 1456 2243 la

343 2285 446 2370 Haya,
470 2284 535 2348 scil.
561 2283 740 2348 Gerardum
764 2283 805 2348 de
829 2283 1010 2348 Kaunuilla
1033 2293 1067 2348 et
1094 2283 1288 2348 Nicholaam
1318 2305 1456 2347 uxorem

342 2387 412 2452 eius
434 2385 609 2451 Ricardum
632 2387 672 2452 de
695 2385 825 2450 Humaz
848 2395 882 2450 et
902 2386 1027 2451 Juliam
1042 2407 1175 2450 uxorem
1191 2386 1262 2450 eius
1277 2393 1312 2448 et
1327 2385 1456 2450 Willel-

342 2513 432 2554 mum
447 2490 487 2553 de
503 2489 617 2553 Rullos
632 2499 666 2553 et
682 2489 855 2554 Isabellam
876 2511 1010 2554 uxorem
1029 2489 1100 2554 eius
1119 2489 1160 2554 de
1185 2489 1336 2554 omnibus
1358 2490 1456 2555 terris

343 2615 405 2677 que
421 2591 544 2656 habent
559 2591 593 2655 in
608 2591 749 2678 Anglia⁴
764 2600 988 2656 remanserunt
1003 2613 1062 2677 per
1079 2591 1281 2656 concordiam
1296 2590 1456 2678 predictis

342 2693 484 2759 Gerardo
499 2694 540 2759 de
556 2694 735 2760 Kaunuilla
749 2703 783 2759 et
798 2695 957 2759 Nicholae
972 2693 1065 2760 uxori
1079 2695 1158 2772 eius,
1173 2703 1208 2758 et
1225 2693 1288 2758 alie
1311 2703 1398 2758 terre
1418 2695 1456 2760 in

342 2799 544 2864 Normannia
565 2809 789 2864 remanserunt
810 2799 963 2884 predictis
981 2798 1118 2863 Ricardo
1133 2806 1168 2862 et
1182 2799 1206 2863 J
1206 2799 1272 2862 ulie
1287 2799 1456 2864 Willelmo

343 2911 377 2966 et
400 2902 539 2966 Isabelle
565 2901 763 2967 diuidenda³
785 2903 873 2966 inter
897 2925 951 2966 eos
977 2911 1011 2966 et
1037 2901 1113 2966 inde
1138 2901 1260 2987 profert
1289 2901 1455 2987 quoddam

341 3005 566 3091 cirographum
582 3004 668 3091 quod
683 3005 861 3092 sigillatum
876 3013 926 3069 est
943 3003 1058 3092 sigillis
1079 3003 1298 3090 predictorum
1320 3004 1456 3071 Ricardi

342 3115 376 3170 et
398 3106 488 3170 Julie
503 3106 660 3171 Willelmi
680 3116 715 3171 et
735 3107 874 3172 Isabelle
897 3105 990 3172 euius
1014 3106 1195 3193 cirographi
1219 3108 1454 3194 transcriptum

341 3210 565 3276 athaohiatum
588 3219 639 3276 est
658 3211 693 3276 in
713 3211 777 3276 fine
797 3211 892 3276 istius
906 3211 1005 3276 rotuli
1014 3210 1034 3290 ⁸,
1048 3220 1083 3276 et
1097 3211 1181 3276 bene
1196 3211 1277 3276 dicit
1292 3211 1379 3297 quod
1394 3233 1455 3297 per

342 3315 543 3380 concordiam
568 3315 657 3380 illam
684 3315 766 3380 11111τ
790 3314 954 3400 predictus
984 3314 1146 3380 Gerardus
1171 3323 1206 3380 et
1232 3316 1393 3380 Nicholaa
1418 3315 1454 3381 in

341 3418 460 3482 seisina
468 3419 508 3484 de
520 3419 634 3484 eadem
646 3427 733 3484 terra
742 3419 778 3483 in
792 3420 914 3506 Anglia
928 3420 1079 3485 omnibus
1093 3420 1209 3485 diebus
1223 3419 1292 3484 uite
1307 3420 1453 3506 ipsorum

342 3522 451 3587 et⁸de
466 3531 559 3609 parte
575 3547 711 3610 suaque
732 3547 786 3589 eos
806 3525 1017 3612 contingebat
1038 3525 1079 3590 de
1101 3523 1248 3610 predicta
1268 3524 1452 3591 hereditate

342 3635 376 3692 et
391 3627 454 3712 ipsi
468 3628 503 3690 in
517 3627 636 3692 saisina
649 3636 727 3692 sunt
742 3628 856 3694 eadem
871 3629 999 3694 racione
1015 3637 1049 3692 et
1064 3628 1150 3693 unde
1166 3627 1246 3692 dicit
1261 3627 1348 3714 quod
1363 3637 1453 3694 terra

340 3729 398 3794 illa
411 3751 577 3815 nunquam
593 3730 657 3794 fuit
677 3731 827 3796 eschaeta
847 3741 885 3796 ut
906 3731 948 3796 de
970 3731 1064 3796 terris
1087 3731 1350 3796 Normannorum
1372 3731 1453 3818 quia

341 3831 509 3896 eoncordia
530 3831 587 3896 illa
606 3833 693 3897 facta
712 3833 776 3898 fuit
790 3841 936 3920 tempore
951 3833 1052 3921 Regis
1067 3833 1198 3898 Ricardi
1212 3833 1255 3898 ad
1268 3833 1378 3899 minus
1392 3858 1452 3922 per

373 3967 607 4030 ¹Aspaeeislelt.
638 3968 694 4019 The
705 3969 866 4034 kingela'rms
916 3969 1031 4034 dropped
1043 3973 1106 4032 out;
1122 3969 1170 4018 but
1182 3969 1204 4019 it
1215 3969 1380 4031 waspartol
1394 3969 1450 4020 this

341 4032 385 4082 the
396 4033 459 4082 land
471 4048 501 4082 as
516 4033 575 4082 that
591 4033 620 4082 ol
634 4049 685 4084 one
698 4035 727 4084 ol
742 4035 786 4086 tha
801 4037 865 4085 Nor·
916 4037 1009 4098 family
1020 4039 1203 4098 arrangement
1215 4034 1274 4084 that
1283 4035 1384 4084 Gerard
1394 4035 1448 4085 and

340 4113 417 4148 rnans
440 4098 497 4148 who
521 4099 639 4148 forfaited
661 4099 729 4149 their
754 4101 866 4164 English
916 4101 959 4150 his
981 4101 1039 4150 wila
1061 4100 1157 4150 should
1178 4099 1244 4150 hara
1265 4099 1312 4150 tha
1334 4101 1448 4164 English

340 4167 436 4213 estates
447 4163 475 4211 in
486 4163 579 4212 John's
592 4164 652 4228 day.
916 4165 1002 4218 landa.

374 4227 464 4276 ’This
486 4243 545 4278 oasa
566 4228 590 4277 is
612 4229 680 4278 cited
701 4229 735 4294 by
751 4232 866 4282 Braeton
950 4231 1031 4282 'Sia

341 4292 359 4343 l.
373 4294 430 4352 423,
442 4295 470 4341 1ο
481 4308 559 4355 prove
570 4293 624 4342 this
635 4293 717 4356 point.
753 4297 799 4346 See
811 4297 867 4348 also
949 4295 960 4329 ⁸
977 4297 1032 4346 The
1049 4295 1108 4358 ples
1124 4295 1174 4345 roll
1191 4294 1296 4346 whence
1313 4295 1390 4350 these
1406 4313 1446 4348 ex-

341 4357 385 4406 the
396 4357 497 4407 casada
508 4358 549 4407 W.
561 4357 711 4423 Lungesper
723 4361 741 4410 1.
754 4363 839 4412 4111.
917 4365 1003 4424 eerpts
1014 4377 1079 4411 were
1091 4361 1176 4413 made.

372 4422 383 4454 ³
400 4423 469 4471 (laen
481 4423 509 4471 in
521 4423 682 4488 Normandy.
949 4426 959 4458 ⁷
978 4426 1027 4476 Sic.

373 4487 383 4518 ⁴
419 4487 547 4551 Probably
580 4504 651 4540 some
684 4491 767 4542 words
800 4491 866 4543 have
949 4491 1048 4541 ⁸Corr.
1063 4500 1099 4540 ut.
