3276 5234
159 477 291 525 mmm
303 475 387 524 rnmr
401 473 477 524 nnn
492 473 695 522 mnnnnnx
710 471 815 533 ninn—
825 469 890 522 en.
905 457 997 532 1229,
1013 471 1075 522 nn
1090 459 1139 522 13.
1181 459 1243 521 281

160 656 243 713 tenet
277 647 493 714 molendinum
529 645 612 712 illud
648 646 683 710 in
712 643 806 710 feodo
835 652 1019 710 ettometue
1047 645 1111 710 fuit
1140 644 1246 710 eidem

160 752 303 818 (lnnfiido
320 751 359 816 ed
376 749 580 816 reddendum
602 749 634 814 ei
655 748 838 836 predictum
859 747 1023 814 redditum
1039 747 1117 834 quie.
1138 749 1247 814 tenuit

159 856 362 922 molendinum
390 855 474 920 illud
503 855 546 920 ad
574 854 660 919 feodi
688 855 814 919 firmam
843 876 902 940 per
930 853 1091 940 predictos
1120 853 1161 918 lx.
1192 853 1245 918 eol.

160 960 198 1025 Et
217 970 324 1045 posteo
344 969 474 1025 coactus
497 961 562 1024 fnit
582 981 641 1046 per
661 958 844 1045 predictum
867 957 974 1022 Adam
996 957 1037 1023 de
1060 957 1141 1022 Alte
1162 956 1248 1042 Ripa

159 1063 235 1150 qnod
258 1087 319 1128 non
342 1063 452 1150 potuit
481 1063 587 1128 eidem
616 1061 772 1126 (lausi-ido
800 1060 934 1126 reddere
963 1059 1146 1146 predictum
1175 1059 1246 1124 red·

159 1167 253 1231 ditum
269 1175 304 1232 et
320 1167 459 1232 libenter
480 1165 512 1231 ei
533 1164 725 1230 reddidisset
747 1164 775 1229 si
796 1186 893 1229 ausus
916 1173 1000 1228 esset
1022 1185 1080 1249 pro
1101 1161 1246 1248 predicto

159 1268 229 1346 Ada,
242 1269 324 1334 unde
338 1269 453 1334 dicunt
467 1268 554 1355 quod
567 1267 732 1354 predictus
746 1266 820 1332 Ado
833 1265 1011 1332 dioseisiuit
1029 1287 1105 1330 eum
1126 1271 1160 1330 et
1180 1287 1245 1328 non

160 1372 307 1457 predictus
333 1373 507 1438 Johnnnes.
553 1372 597 1436 Et
625 1371 699 1436 ideo
720 1371 956 1436 consideratum
979 1379 1029 1435 eet
1051 1369 1137 1456 quod
1159 1369 1245 1434 Gau·

161 1475 247 1539 fridus
265 1474 468 1561 recuperauit
488 1474 639 1539 seieinom
659 1497 752 1538 suam
773 1481 807 1538 et
821 1473 896 1538 Ada
915 1473 950 1538 in
972 1472 1195 1549 misericordie,
1210 1479 1245 1536 et

162 1578 318 1644 (lanfridus
338 1579 382 1644 sit
403 1580 439 1643 in
460 1577 678 1644 misericordie
698 1600 756 1664 pro
778 1579 858 1643 falso
879 1578 1017 1642 clamore
1039 1599 1151 1642 uersus
1173 1599 1245 1662 pre-

161 1681 267 1748 dictum
296 1683 490 1750 Johannem.
533 1683 594 1748 mo
626 1683 662 1747 in
690 1682 837 1770 portibus
867 1681 1088 1746 transmarinis
1117 1689 1151 1746 et
1180 1703 1245 1745 non

162 1786 246 1852 hebet
259 1795 385 1853 terram

81 1891 127 1953 ooo.
214 1891 319 1956 Amisa
337 1891 430 1956 uenit
450 1891 655 1977 recognitum
675 1891 704 1955 si
725 1890 891 1956 lohannes
911 1889 1020 1957 Oebus
1041 1888 1161 1954 iniuste
1184 1897 1243 1954 etc

162 1993 319 2059 dimeisiuit
341 1995 491 2059 Emmom
513 1993 683 2058 Duredent
707 1993 746 2059 de
776 1993 877 2058 libero
906 1999 1094 2058 tenemento
1122 2013 1182 2056 suo
1209 1991 1244 2056 in

162 2096 303 2161 lkenlmm
333 2105 406 2182 poet
434 2096 572 2182 primam
602 2105 663 2162 etc.
706 2096 750 2160 Et
779 2095 945 2162 «Iohannes
973 2119 1038 2160 non
1066 2093 1160 2159 uenit
1193 2101 1370 2158 eetmnrme

161 2200 308 2265 lohannes
333 2199 442 2265 Blund
467 2199 608 2264 bellinus
631 2198 700 2264 eius
726 2205 761 2262 et
788 2197 889 2263 nichil
918 2197 998 2262 dicit
1027 2203 1138 2262 contre
1166 2194 1243 2260 essi·

161 2325 224 2368 mm

212 2407 375 2472 Jmntores
399 2405 514 2471 dicunt
542 2405 629 2492 quod
658 2405 789 2492 quidam
819 2405 984 2472 Johannes
1014 2403 1122 2470 Gebus
1151 2409 1245 2488 pater

160 2509 239 2575 istius
257 2510 416 2575 Johennie
436 2509 529 2574 dedit
549 2509 606 2574 inti
626 2510 770 2575 Johenni
791 2533 890 2575 unam
916 2510 1031 2596 uirget.
1055 2515 1139 2572 terre
1169 2529 1243 2572 cum

160 2623 226 2698 pert
240 2615 273 2679 in
286 2615 448 2680 Ikenham
462 2636 561 2700 quom
581 2613 745 2680 lohannes
765 2615 796 2680 le
811 2616 920 2682 Blund
937 2615 1045 2680 tenuit
1065 2612 1165 2678 libere
1186 2634 1244 2698 pro

161 2717 207 2802 iiij.
220 2741 240 2782 e
259 2727 293 2784 et
307 2717 374 2804 viij.
389 2717 418 2783 d
436 2739 496 2803 per
516 2739 647 2795 annum,
661 2717 710 2782 ita
732 2717 817 2804 quod
839 2728 912 2805 post
932 2718 1140 2784 donacionem
1154 2721 1244 2787 illam

161 2822 239 2888 uenit
264 2823 429 2910 predictus
456 2821 623 2910 lohannes
644 2822 731 2886 filius
753 2829 787 2887 et
810 2823 905 2888 eiecit
926 2824 1033 2911 ipsum
1059 2827 1243 2895 Johonnem

162 2929 308 2994 Blundum
333 2929 374 2994 de
404 2937 491 2993 terra
518 2927 576 2992 illa
603 2935 638 2992 et
667 2926 777 2992 tenuit
805 2950 878 2993 eam
906 2928 941 2994 in
970 2953 1069 2996 manu
1099 2955 1158 2998 sua
1186 2955 1245 3020 per

161 3053 247 3096 unum
266 3054 389 3097 annum
409 3039 443 3095 et
465 3037 577 3116 posteo
590 3029 682 3095 dedit
703 3053 775 3096 eam
798 3031 854 3097 isti
876 3033 990 3100 Emme
1005 3035 1053 3102 ita
1068 3037 1153 3124 quod
1174 3039 1245 3126 ipsa

161 3133 213 3198 fuit
227 3135 298 3200 inde
315 3135 351 3200 in
371 3131 488 3200 seieine
505 3156 564 3220 per
582 3133 663 3200 duos
684 3157 792 3201 annos.
837 3137 881 3201 Et
902 3147 1073 3225 postquem
1095 3141 1245 3230 ipseper

162 3245 273 3304 tantum
297 3248 429 3326 tempus
451 3239 514 3304 fult
535 3239 570 3303 in
592 3238 710 3304 eeisina
730 3241 824 3305 uenit
852 3240 939 3306 idem
968 3243 1135 3312 dohannes
1156 3248 1243 3314 filius

161 3350 189 3406 et
204 3343 373 3410 disseisiuit
394 3343 572 3430 predictam
594 3343 745 3408 Emmem
765 3342 770 3430 Ι
789 3351 823 3408 et
845 3349 964 3409 temam
986 3345 1075 3412 illam
1098 3351 1243 3418 restituit
1307 3365 1358 3418 [ει]

160 3445 250 3512 cidem
270 3447 414 3514 Johnnni
439 3447 573 3514 Blund0.
620 3449 664 3512 Et
685 3447 841 3512 iuratores
862 3448 1009 3534 requisiti
1031 3451 1059 3517 ei
1080 3455 1244 3539 predictus

160 3549 308 3618 lohannes
331 3553 480 3618 Blundus
501 3552 610 3617 tenuit
638 3553 871 3617 terramillam
901 3553 936 3618 in
965 3555 1058 3621 feodo
1085 3581 1144 3645 per
1171 3583 1243 3646 pre-

160 3651 267 3719 dictum
284 3655 457 3721 seruicium
476 3655 530 3720 uel
552 3663 591 3719 ut
612 3654 772 3720 firmarius
794 3654 932 3740 predicti
953 3656 976 3721 J
977 3657 1112 3724 ohannis
1133 3663 1243 3747 patrie,

159 3755 200 3822 ite
217 3760 298 3846 quod
318 3783 394 3825 enm
415 3781 566 3824 emouere
587 3759 696 3845 potuit
717 3759 759 3824 nd
780 3759 984 3826 uoluntatem
1006 3783 1107 3841 suem,
1129 3764 1243 3832 dicunt

160 3861 233 3946 quod
250 3862 334 3929 idem
353 3863 377 3928 J
378 3863 520 3928 ohannes
541 3861 689 3928 Blundus
710 3869 829 3928 terrem
851 3862 942 3928 illam
964 3866 1072 3930 tenuit
1093 3866 1128 3932 in
1150 3869 1242 3937 feodo
1254 3855 1361 3964 ffltm

186 4111 194 4144 ¹
209 4113 222 4163 1
234 4115 296 4166 hove
310 4119 358 4168 not
373 4120 417 4182 yet
434 4117 516 4168 round
532 4117 576 4169 the
591 4117 664 4183 judg-
715 4119 747 4176 D.
759 4119 812 4170 end
827 4117 890 4169 then
902 4117 1022 4169 dieseiser
1033 4119 1056 4168 D
1068 4119 1122 4170 end
1133 4122 1242 4175 enfeolls

160 4183 229 4230 ment.
260 4181 379 4242 Brcctcm
391 4183 409 4234 l.
421 4185 477 4244 177,
486 4183 665 4236 dimumesthe
715 4184 752 4246 ῦς
768 4185 791 4234 D
807 4184 896 4247 brings
911 4185 987 4234 novel
1002 4183 1122 4234 diereirin
1139 4187 1242 4248 against

161 4256 209 4292 cene
216 4249 244 4319 ct
253 4245 346 4309 length,
357 4248 439 4310 citing
445 4263 505 4312 cyre
516 4249 544 4298 ol
550 4249 665 4299 Willinm
714 4249 752 4310 B3
769 4251 839 4300 Held
849 4249 908 4299 thot
918 4249 942 4298 D
954 4264 1003 4299 eon
1018 4253 1065 4299 not
1081 4265 1183 4301 recovor
1197 4253 1242 4304 the

161 4305 256 4372 llelcrgh
270 4311 297 4361 in
312 4312 462 4372 Middleoex,
480 4313 583 4378 Trinity
599 4317 666 4365 term
716 4317 847 4365 tenement
863 4314 911 4364 but
930 4313 989 4364 thot
1005 4314 1033 4364 ln
1050 4313 1095 4364 the
1111 4315 1198 4367 oetion
1216 4319 1241 4368 D

161 4371 188 4420 Δ.
206 4372 237 4450 Β.Ι
260 4375 297 4438 13,
320 4378 368 4428 bnt
382 4377 527 4458 judgment,
545 4379 578 4429 he
594 4393 662 4443 coya,
715 4394 764 4430 oen
786 4378 875 4430 obtcin
898 4379 965 4456 from
986 4379 1009 4428 B
1030 4393 1047 4430 o
1066 4383 1198 4432 tenement
1214 4385 1243 4434 ol

107 4505 111 4514 ·
162 4443 666 4572 rmffrffim'e‘nlllol
716 4444 1096 4574 {lt-tltttttrttt·
1130 4447 1241 4510 “⁰⁰⁶
