3314 5238
342 364 405 426 442
637 375 787 436 rarurrr,
810 374 874 424 an.
899 361 992 436 1231,
1014 375 1076 424 an
1103 363 1150 423 15.

341 547 411 633 ipse
439 547 474 612 in
502 547 698 612 solucionem
722 555 757 611 et
780 545 917 611 tailliam
942 546 1019 612 lecit
1050 555 1085 611 et
1118 547 1270 634 cognouit
1303 555 1339 611 et
1368 546 1446 612 inde

340 651 489 737 producit
504 659 633 716 sectam.
673 715 676 728 ,

406 754 449 818 Et
466 753 581 819 Sibilla
595 775 654 838 per
667 759 869 816 attornatum
884 775 980 816 suum
994 752 1074 817 dicit
1097 751 1183 839 quod
1204 775 1269 816 non
1292 751 1390 817 debet
1411 752 1445 816 ei

339 857 530 944 respondere
553 857 631 942 quia
651 857 717 920 iarn
739 855 796 941 iiij.
820 855 913 920 annis
936 857 1054 942 elapsis
1075 857 1240 944 predictus
1263 857 1443 922 Nicholaus

340 960 392 1024 uir
405 981 483 1024 suus
505 958 589 1023 uixit
612 967 646 1022 et
668 957 696 1022 si
717 957 786 1044 ipso
808 958 957 1023 debitum
979 958 1062 1023 illud
1084 967 1265 1024 mutuasset
1287 958 1358 1044 ipsa
1378 981 1446 1022 non

340 1073 471 1129 tenetur
507 1063 698 1148 respondere
734 1085 810 1127 oum
846 1062 917 1148 ipsa
952 1085 1017 1127 non
1054 1063 1098 1128 sit
1134 1063 1227 1128 heres
1267 1087 1345 1129 suus
1385 1087 1447 1129 nec

339 1168 507 1234 mutuauit
542 1168 694 1232 debitum
728 1189 787 1253 per
821 1189 955 1232 manum
989 1189 1082 1232 suam
1117 1176 1152 1232 et
1182 1168 1265 1232 benc
1298 1167 1447 1232 defendit

340 1271 427 1359 quod
441 1271 512 1358 ipsa
526 1293 584 1356 per
598 1293 731 1335 manum
746 1293 838 1335 suam
858 1292 1027 1356 nunquam
1049 1270 1199 1335 denarios
1221 1293 1281 1335 nec
1303 1271 1449 1335 luituras

341 1399 401 1441 neo
415 1377 573 1462 pennulas
588 1375 756 1440 mutuauit
770 1375 812 1440 ab
827 1397 874 1439 eo.
918 1375 996 1440 Post
1014 1375 1167 1462 cognouit
1182 1377 1252 1462 ipsa
1266 1399 1325 1462 per
1345 1385 1450 1440 attor-

341 1489 456 1544 natum
480 1501 576 1543 suum
600 1476 685 1564 quod
708 1477 857 1542 debitum
879 1478 911 1542 ei
932 1477 1106 1543 liberatum
1129 1479 1193 1544 fuit
1215 1488 1249 1544 et
1271 1480 1357 1565 quod
1376 1481 1453 1566 ipsa

342 1581 419 1646 fecit
434 1581 571 1645 tuillium
587 1589 620 1643 et
635 1579 772 1643 intrauit
787 1579 821 1642 in
836 1579 1031 1645 solucionem
1047 1591 1192 1666 tempore
1214 1582 1277 1646 uiri
1298 1581 1358 1647 sui
1404 1581 1452 1645 Et

344 1684 420 1770 quin
434 1693 513 1748 tunc
528 1681 686 1746 discordia
700 1681 763 1746 suit
778 1681 865 1746 inter
878 1682 982 1768 ipsam
999 1691 1033 1748 et
1049 1685 1156 1748 uirum
1168 1707 1263 1749 suum
1277 1684 1451 1750 Consider-

343 1796 435 1851 atum
465 1795 515 1850 est
541 1785 626 1870 quod
652 1784 766 1849 reddat
792 1785 941 1850 debitum
965 1795 999 1850 et
1025 1787 1125 1852 sitin
1147 1787 1365 1854 misericordia
1389 1811 1451 1876 pro

344 1890 467 1955 iniusta
480 1887 669 1952 detencione
675 1887 691 1952 ¹.

345 2247 406 2312 DE
435 2247 643 2313 TERMINO
667 2247 698 2312 S.
722 2247 986 2312 TRINITATIS
1006 2245 1138 2312 ANNO
1156 2245 1299 2310 REGNI
1314 2243 1453 2309 REGIS

706 2349 1085 2430 QUINTODEGIMO’.

226 2610 240 2628 ⁹
289 2657 296 2672 ,
410 2590 590 2655 'Wolterus
605 2590 799 2677 Espigurnel
814 2599 848 2654 et
864 2589 1023 2656 Celestrie
1043 2611 1124 2654 uxor
1143 2590 1213 2654 eius
1232 2611 1291 2675 per
1310 2588 1453 2653 eundem

288 2735 293 2746 ·
345 2694 527 2759 Walterum
564 2704 624 2760 etc.
661 2702 781 2780 petunt
817 2716 932 2758 uersus
970 2693 1112 2757 Priorem
1150 2693 1191 2758 de
1224 2691 1453 2757 Kenilwurthe

344 2797 592 2863 aduocacionem
607 2797 739 2862 ecclesie
754 2796 795 2861 de
811 2797 1020 2860 Muluertona
1034 2804 1073 2859 ut
1095 2797 1146 2860 ius
1167 2795 1268 2880 ipsius
1283 2795 1453 2870 Celestrie,

345 2899 432 2964 unde
448 2898 580 2985 quidam
601 2899 764 2964 Henrious
783 2907 877 2984 pater
894 2899 996 2986 ipsius
1014 2897 1170 2962 Celestrie
1185 2897 1249 2961 luit
1267 2897 1396 2962 scisitus
1416 2897 1455 2960 in

345 3003 505 3067 dominico
520 3025 578 3068 suo
594 3011 633 3068 ut
647 3003 687 3068 de
703 3003 795 3068 feodo
811 3013 845 3068 et
859 3003 929 3068 iure
945 3012 1090 3088 tempore
1107 3003 1149 3068 R
1165 3003 1265 3090 Regis
1284 3003 1339 3067 aui
1354 3003 1451 3067 Dom

345 3105 455 3191 Regis,
471 3105 520 3170 ita
541 3105 628 3192 quod
649 3106 852 3191 presentauit
874 3105 916 3170 ad
938 3106 1075 3171 eandem
1097 3106 1266 3171 ecelesiam
1287 3105 1453 3192 quendam

347 3207 528 3272 Galhidum
551 3209 683 3273 fratrem
705 3231 801 3273 suum
825 3208 882 3294 qui
905 3209 947 3273 ad
971 3209 1248 3294 presentacionem
1273 3233 1365 3274 suam
1387 3210 1455 3274 fuit

345 3309 504 3374 admissus
534 3319 568 3374 et
597 3312 685 3396 cepit
710 3312 842 3396 explete
864 3310 907 3376 ed
931 3312 1112 3376 ualenciam
1138 3311 1214 3377 dim.
1238 3335 1334 3377 maro.
1355 3321 1394 3377 ut
1416 3313 1454 3377 in

346 3413 565 3478 oblacionibus
580 3423 614 3479 et
629 3415 701 3479 aliis
717 3416 970 3481 obuenoionibus
985 3423 1045 3482 etc.
1055 3425 1090 3482 et
1101 3416 1141 3481 de
1153 3417 1298 3502 predicto
1310 3417 1454 3482 Henrioo

346 3517 513 3582 descendit
536 3518 587 3582 ius
613 3519 701 3584 illius
731 3519 954 3584 aduocacionis
983 3519 1039 3584 isti
1069 3519 1226 3585 Celestrie
1255 3529 1294 3584 ut
1322 3520 1387 3584 filie
1418 3529 1455 3585 et

346 3619 467 3696 heredi,
482 3628 516 3684 et
531 3619 617 3705 quod
632 3621 698 3686 talo
714 3621 758 3686 sit
772 3621 824 3686 ius
838 3645 934 3686 suum
950 3623 1045 3686 offert
1060 3631 1121 3689 eto.

411 3725 456 3788 Et
471 3725 562 3788 Prior
576 3747 634 3812 per
648 3733 851 3790 ettornstum
866 3749 962 3790 suum
977 3727 1071 3792 uenit
1085 3736 1119 3791 et
1130 3727 1277 3792 defendit
1290 3727 1341 3814 ius
1356 3749 1454 3792 suum

346 3849 433 3892 nunc
448 3836 482 3892 et
497 3827 577 3892 alias
592 3827 650 3892 ubi
665 3836 699 3892 et
711 3827 857 3914 quando‘
872 3837 907 3893 et
929 3828 1078 3894 saisinam
1100 3829 1238 3915 predicti
1262 3829 1397 3894 Henrici
1418 3839 1454 3894 et

347 3939 455 3996 totum
470 3939 505 3996 et
525 3931 618 4017 ponit
635 3953 670 3996 se
690 3931 726 3995 iu
747 3953 900 4019 magnam
921 3933 1054 3998 assisam
1077 3933 1171 3998 Dom.
1187 3934 1287 4021 Regis
1309 3942 1344 4000 et
1365 3935 1454 4020 petit

378 4143 429 4193 1A
446 4145 552 4196 notable
573 4161 640 4196 csse.
672 4145 751 4196 Feme
771 4151 873 4198 corerta
923 4147 1008 4212 plight
1018 4149 1174 4200 sndIhavc
1184 4153 1231 4200 not
1242 4149 1323 4200 found
1333 4149 1454 4212 quitssll

346 4207 427 4272 living
443 4215 519 4272 apert
535 4211 602 4260 from
617 4211 665 4261 her
683 4211 805 4262 husband
823 4228 872 4262 can
923 4214 968 4264 the
978 4229 1051 4264 cases
1060 4214 1145 4265 which
1156 4231 1200 4266 are
1211 4215 1239 4265 in
1251 4216 1296 4266 the
1303 4215 1455 4267 note-book.

346 4277 464 4324 contraot
475 4289 491 4324 a
501 4275 570 4326 debt.
956 4278 967 4312 ³
982 4279 1013 4329 B.
1025 4295 1061 4328 m.
1073 4281 1098 4331 3.

379 4339 456 4388 ’For
477 4339 531 4389 this
551 4345 618 4391 term
639 4341 789 4392 B=Oorsm
805 4341 873 4405 Rege
955 4344 1083 4410 ⁴Supply
1104 4346 1235 4410 defendere
1262 4347 1379 4405 debebit:
1406 4345 1457 4397 but

347 4403 406 4454 Bell
427 4403 475 4454 No.
499 4406 539 4454 ³8.
573 4405 628 4456 'l'he
650 4407 698 4456 roll
720 4407 743 4457 is
766 4408 795 4457 iu
823 4407 873 4458 bsd
924 4408 999 4459 sioB.
