<?xml version="1.0" encoding="UTF-8"?>
<!DOCTYPE html PUBLIC "-//W3C//DTD XHTML 1.0 Transitional//EN"
    "http://www.w3.org/TR/xhtml1/DTD/xhtml1-transitional.dtd">
<html xmlns="http://www.w3.org/1999/xhtml" xml:lang="en" lang="en">
 <head>
  <title>
</title>
<meta http-equiv="Content-Type" content="text/html;charset=utf-8" />
  <meta name='ocr-system' content='tesseract 3.04.00' />
  <meta name='ocr-capabilities' content='ocr_page ocr_carea ocr_par ocr_line ocrx_word'/>
</head>
<body>
  <div class='ocr_page' id='page_1' title='image "./bractonsnoteboo04bracgoog_0026.png"; bbox 0 0 3260 5218; ppageno 0'>
   <div class='ocr_carea' id='block_1_1' title="bbox 353 443 1272 518">
    <p class='ocr_par' dir='ltr' id='par_1_1' title="bbox 353 443 1272 518">
     <span class='ocr_line' id='line_1_1' title="bbox 353 443 1272 518; baseline -0.008 -6"><span class='ocrx_word' id='word_1_1' title='bbox 353 451 393 512; x_wconf 88' lang='lat'>18</span> <span class='ocrx_word' id='word_1_2' title='bbox 534 460 663 510; x_wconf 77' lang='lat' dir='ltr'>unsrun</span> <span class='ocrx_word' id='word_1_3' title='bbox 685 459 758 508; x_wconf 76' lang='lat' dir='ltr'>aun</span> <span class='ocrx_word' id='word_1_4' title='bbox 779 458 928 518; x_wconf 81' lang='lat' dir='ltr'>rarurrr,</span> <span class='ocrx_word' id='word_1_5' title='bbox 951 457 1016 506; x_wconf 68' lang='lat' dir='ltr'>nu.</span> <span class='ocrx_word' id='word_1_6' title='bbox 1042 443 1135 518; x_wconf 77' lang='lat'>1219,</span> <span class='ocrx_word' id='word_1_7' title='bbox 1157 457 1220 506; x_wconf 72' lang='lat' dir='ltr'>aa.</span> <span class='ocrx_word' id='word_1_8' title='bbox 1245 445 1272 506; x_wconf 81' lang='lat'>3.</span> 
     </span>
    </p>
   </div>
   <div class='ocr_carea' id='block_1_2' title="bbox 351 625 1475 4225">
    <p class='ocr_par' dir='ltr' id='par_1_2' title="bbox 351 625 1475 1030">
     <span class='ocr_line' id='line_1_2' title="bbox 351 625 1475 721; baseline -0.01 -21"><span class='ocrx_word' id='word_1_9' title='bbox 351 634 437 721; x_wconf 91' lang='lat' dir='ltr'>quod</span> <span class='ocrx_word' id='word_1_10' title='bbox 463 634 592 720; x_wconf 85' lang='lat' dir='ltr'>quando</span> <span class='ocrx_word' id='word_1_11' title='bbox 616 631 689 697; x_wconf 88' lang='lat' dir='ltr'>finis</span> <span class='ocrx_word' id='word_1_12' title='bbox 712 631 767 696; x_wconf 88' lang='lat' dir='ltr'>ille</span> <span class='ocrx_word' id='word_1_13' title='bbox 794 631 898 694; x_wconf 84' lang='lat' dir='ltr'>faetus</span> <span class='ocrx_word' id='word_1_14' title='bbox 924 629 987 694; x_wconf 87' lang='lat' dir='ltr'>fuit</span> <span class='ocrx_word' id='word_1_15' title='bbox 1009 627 1096 694; x_wconf 91' lang='lat' dir='ltr'>idem</span> <span class='ocrx_word' id='word_1_16' title='bbox 1118 627 1284 694; x_wconf 84' lang='lat' dir='ltr'>Johannes</span> <span class='ocrx_word' id='word_1_17' title='bbox 1307 649 1371 692; x_wconf 92' lang='lat' dir='ltr'>non</span> <span class='ocrx_word' id='word_1_18' title='bbox 1395 625 1475 690; x_wconf 88' lang='lat' dir='ltr'>fuit</span> 
     </span>
     <span class='ocr_line' id='line_1_3' title="bbox 351 730 1475 818; baseline -0.01 -15"><span class='ocrx_word' id='word_1_19' title='bbox 351 738 386 803; x_wconf 92' lang='lat' dir='ltr'>in</span> <span class='ocrx_word' id='word_1_20' title='bbox 401 737 519 802; x_wconf 85' lang='lat' dir='ltr'>saisina</span> <span class='ocrx_word' id='word_1_21' title='bbox 533 736 573 800; x_wconf 89' lang='lat' dir='ltr'>de</span> <span class='ocrx_word' id='word_1_22' title='bbox 589 743 675 800; x_wconf 84' lang='lat' dir='ltr'>terra</span> <span class='ocrx_word' id='word_1_23' title='bbox 692 733 757 808; x_wconf 86' lang='lat' dir='ltr'>illa,</span> <span class='ocrx_word' id='word_1_24' title='bbox 772 731 872 798; x_wconf 89' lang='lat' dir='ltr'>immo</span> <span class='ocrx_word' id='word_1_25' title='bbox 891 731 1055 818; x_wconf 86' lang='lat' dir='ltr'>predictus</span> <span class='ocrx_word' id='word_1_26' title='bbox 1077 732 1176 818; x_wconf 87' lang='lat' dir='ltr'>Hugo</span> <span class='ocrx_word' id='word_1_27' title='bbox 1199 731 1262 794; x_wconf 82' lang='lat' dir='ltr'>fuit</span> <span class='ocrx_word' id='word_1_28' title='bbox 1284 731 1318 794; x_wconf 92' lang='lat' dir='ltr'>in</span> <span class='ocrx_word' id='word_1_29' title='bbox 1340 730 1475 794; x_wconf 82' lang='lat' dir='ltr'>seisina</span> 
     </span>
     <span class='ocr_line' id='line_1_4' title="bbox 351 834 1472 921; baseline -0.007 -15"><span class='ocrx_word' id='word_1_30' title='bbox 351 841 436 906; x_wconf 89' lang='lat' dir='ltr'>siout</span> <span class='ocrx_word' id='word_1_31' title='bbox 458 841 498 905; x_wconf 94' lang='lat' dir='ltr'>de</span> <span class='ocrx_word' id='word_1_32' title='bbox 521 841 578 906; x_wconf 84' lang='lat' dir='ltr'>ille</span> <span class='ocrx_word' id='word_1_33' title='bbox 599 839 686 904; x_wconf 91' lang='lat' dir='ltr'>unde</span> <span class='ocrx_word' id='word_1_34' title='bbox 708 837 875 903; x_wconf 83' lang='lat' dir='ltr'>Johsnnes</span> <span class='ocrx_word' id='word_1_35' title='bbox 896 835 1064 900; x_wconf 73' lang='lat' dir='ltr'><strong>dimiserat</strong></span> <span class='ocrx_word' id='word_1_36' title='bbox 1089 857 1123 900; x_wconf 92' lang='lat' dir='ltr'>se</span> <span class='ocrx_word' id='word_1_37' title='bbox 1147 843 1181 898; x_wconf 89' lang='lat' dir='ltr'>et</span> <span class='ocrx_word' id='word_1_38' title='bbox 1204 834 1280 900; x_wconf 90' lang='lat' dir='ltr'>inde</span> <span class='ocrx_word' id='word_1_39' title='bbox 1304 834 1396 921; x_wconf 93' lang='lat' dir='ltr'>ponit</span> <span class='ocrx_word' id='word_1_40' title='bbox 1427 855 1472 898; x_wconf 84' lang='lat' dir='ltr'>se</span> 
     </span>
     <span class='ocr_line' id='line_1_5' title="bbox 352 941 730 1030; baseline -0.011 -22"><span class='ocrx_word' id='word_1_41' title='bbox 352 966 449 1030; x_wconf 91' lang='lat' dir='ltr'>super</span> <span class='ocrx_word' id='word_1_42' title='bbox 462 943 602 1008; x_wconf 83' lang='lat' dir='ltr'>iuratam</span> <span class='ocrx_word' id='word_1_43' title='bbox 618 941 730 1027; x_wconf 87' lang='lat' dir='ltr'>patrie.</span> 
     </span>
    </p>

    <p class='ocr_par' dir='ltr' id='par_1_3' title="bbox 352 1041 1470 1543">
     <span class='ocr_line' id='line_1_6' title="bbox 418 1041 1470 1130; baseline -0.006 -19"><span class='ocrx_word' id='word_1_44' title='bbox 418 1047 461 1110; x_wconf 90' lang='lat' dir='ltr'>Et</span> <span class='ocrx_word' id='word_1_45' title='bbox 485 1047 671 1110; x_wconf 81' lang='lat' dir='ltr'>Gilebertus</span> <span class='ocrx_word' id='word_1_46' title='bbox 697 1043 783 1130; x_wconf 91' lang='lat' dir='ltr'>petit</span> <span class='ocrx_word' id='word_1_47' title='bbox 808 1043 965 1107; x_wconf 87' lang='lat' dir='ltr'>iudicium</span> <span class='ocrx_word' id='word_1_48' title='bbox 991 1042 1019 1107; x_wconf 89' lang='lat' dir='ltr'>si</span> <span class='ocrx_word' id='word_1_49' title='bbox 1048 1042 1108 1106; x_wconf 90' lang='lat' dir='ltr'>hoo</span> <span class='ocrx_word' id='word_1_50' title='bbox 1137 1041 1255 1106; x_wconf 87' lang='lat' dir='ltr'>debeat</span> <span class='ocrx_word' id='word_1_51' title='bbox 1284 1041 1315 1106; x_wconf 90' lang='lat' dir='ltr'>ei</span> <span class='ocrx_word' id='word_1_52' title='bbox 1344 1063 1470 1106; x_wconf 83' lang='lat' dir='ltr'>nocere</span> 
     </span>
     <span class='ocr_line' id='line_1_7' title="bbox 352 1144 1469 1236; baseline -0.006 -22"><span class='ocrx_word' id='word_1_53' title='bbox 352 1149 439 1236; x_wconf 91' lang='lat' dir='ltr'>quod</span> <span class='ocrx_word' id='word_1_54' title='bbox 460 1149 627 1214; x_wconf 89' lang='lat' dir='ltr'>Johannes</span> <span class='ocrx_word' id='word_1_55' title='bbox 653 1147 753 1212; x_wconf 88' lang='lat' dir='ltr'>talem</span> <span class='ocrx_word' id='word_1_56' title='bbox 776 1145 1026 1210; x_wconf 85' lang='lat' dir='ltr'>conuenoiouem</span> <span class='ocrx_word' id='word_1_57' title='bbox 1053 1145 1130 1209; x_wconf 83' lang='lat' dir='ltr'>fecit</span> <span class='ocrx_word' id='word_1_58' title='bbox 1155 1144 1300 1230; x_wconf 86' lang='lat' dir='ltr'>predicto</span> <span class='ocrx_word' id='word_1_59' title='bbox 1323 1144 1469 1230; x_wconf 85' lang='lat' dir='ltr'>Hugoni</span> 
     </span>
     <span class='ocr_line' id='line_1_8' title="bbox 353 1247 1465 1341; baseline -0.006 -23"><span class='ocrx_word' id='word_1_60' title='bbox 353 1261 387 1318; x_wconf 88' lang='lat' dir='ltr'>et</span> <span class='ocrx_word' id='word_1_61' title='bbox 409 1253 437 1318; x_wconf 90' lang='lat' dir='ltr'>si</span> <span class='ocrx_word' id='word_1_62' title='bbox 459 1251 519 1316; x_wconf 87' lang='lat' dir='ltr'>hoc</span> <span class='ocrx_word' id='word_1_63' title='bbox 541 1273 606 1314; x_wconf 91' lang='lat' dir='ltr'>non</span> <span class='ocrx_word' id='word_1_64' title='bbox 628 1249 747 1314; x_wconf 87' lang='lat' dir='ltr'>suffieit</span> <span class='ocrx_word' id='word_1_65' title='bbox 769 1247 856 1334; x_wconf 91' lang='lat' dir='ltr'>quod</span> <span class='ocrx_word' id='word_1_66' title='bbox 878 1247 952 1312; x_wconf 91' lang='lat' dir='ltr'>finis</span> <span class='ocrx_word' id='word_1_67' title='bbox 974 1248 1078 1312; x_wconf 84' lang='lat' dir='ltr'>faetus</span> <span class='ocrx_word' id='word_1_68' title='bbox 1098 1247 1162 1312; x_wconf 83' lang='lat' dir='ltr'>fuit</span> <span class='ocrx_word' id='word_1_69' title='bbox 1176 1248 1263 1341; x_wconf 81' lang='lat' dir='ltr'>inter</span> <span class='ocrx_word' id='word_1_70' title='bbox 1277 1249 1465 1334; x_wconf 84' lang='lat' dir='ltr'>predictum</span> 
     </span>
     <span class='ocr_line' id='line_1_9' title="bbox 354 1351 1467 1438; baseline -0.004 -17"><span class='ocrx_word' id='word_1_71' title='bbox 354 1356 520 1422; x_wconf 83' lang='lat' dir='ltr'>Simonem</span> <span class='ocrx_word' id='word_1_72' title='bbox 547 1363 581 1418; x_wconf 87' lang='lat' dir='ltr'>et</span> <span class='ocrx_word' id='word_1_73' title='bbox 607 1353 791 1418; x_wconf 84' lang='lat' dir='ltr'>Johannem</span> <span class='ocrx_word' id='word_1_74' title='bbox 817 1361 944 1438; x_wconf 87' lang='lat' dir='ltr'>patrem</span> <span class='ocrx_word' id='word_1_75' title='bbox 973 1351 1075 1438; x_wconf 89' lang='lat' dir='ltr'>ipsius</span> <span class='ocrx_word' id='word_1_76' title='bbox 1104 1352 1255 1438; x_wconf 88' lang='lat' dir='ltr'>Hugonis</span> <span class='ocrx_word' id='word_1_77' title='bbox 1283 1359 1467 1438; x_wconf 76' lang='lat' dir='ltr'>antequam</span> 
     </span>
     <span class='ocr_line' id='line_1_10' title="bbox 352 1455 1315 1543; baseline -0.001 -21"><span class='ocrx_word' id='word_1_78' title='bbox 352 1458 417 1522; x_wconf 85' lang='lat' dir='ltr'>fuit</span> <span class='ocrx_word' id='word_1_79' title='bbox 431 1457 625 1543; x_wconf 79' lang='lat' dir='ltr'>desponsata</span> <span class='ocrx_word' id='word_1_80' title='bbox 639 1465 673 1520; x_wconf 87' lang='lat' dir='ltr'>et</span> <span class='ocrx_word' id='word_1_81' title='bbox 688 1455 763 1520; x_wconf 89' lang='lat' dir='ltr'>inde</span> <span class='ocrx_word' id='word_1_82' title='bbox 779 1477 813 1520; x_wconf 89' lang='lat' dir='ltr'>se</span> <span class='ocrx_word' id='word_1_83' title='bbox 828 1455 921 1541; x_wconf 91' lang='lat' dir='ltr'>ponit</span> <span class='ocrx_word' id='word_1_84' title='bbox 936 1477 1032 1541; x_wconf 88' lang='lat' dir='ltr'>super</span> <span class='ocrx_word' id='word_1_85' title='bbox 1046 1455 1185 1520; x_wconf 85' lang='lat' dir='ltr'>iuratam</span> <span class='ocrx_word' id='word_1_86' title='bbox 1200 1456 1315 1542; x_wconf 84' lang='lat' dir='ltr'>patrie.</span> 
     </span>
    </p>

    <p class='ocr_par' dir='ltr' id='par_1_4' title="bbox 354 1557 1466 1957">
     <span class='ocr_line' id='line_1_11' title="bbox 419 1557 1466 1644; baseline -0.002 -20"><span class='ocrx_word' id='word_1_87' title='bbox 419 1561 463 1624; x_wconf 87' lang='lat' dir='ltr'>Et</span> <span class='ocrx_word' id='word_1_88' title='bbox 479 1559 622 1626; x_wconf 84' lang='lat' dir='ltr'>Oristiua</span> <span class='ocrx_word' id='word_1_89' title='bbox 636 1558 764 1644; x_wconf 76' lang='lat' dir='ltr'>quesita</span> <span class='ocrx_word' id='word_1_90' title='bbox 778 1558 835 1622; x_wconf 93' lang='lat' dir='ltr'>ubi</span> <span class='ocrx_word' id='word_1_91' title='bbox 850 1567 935 1622; x_wconf 86' lang='lat' dir='ltr'>esset</span> <span class='ocrx_word' id='word_1_92' title='bbox 950 1558 1050 1644; x_wconf 83' lang='lat' dir='ltr'>Hugo</span> <span class='ocrx_word' id='word_1_93' title='bbox 1070 1558 1122 1622; x_wconf 91' lang='lat' dir='ltr'>uir</span> <span class='ocrx_word' id='word_1_94' title='bbox 1141 1581 1219 1624; x_wconf 90' lang='lat' dir='ltr'>suus</span> <span class='ocrx_word' id='word_1_95' title='bbox 1238 1557 1366 1644; x_wconf 85' lang='lat' dir='ltr'>quando</span> <span class='ocrx_word' id='word_1_96' title='bbox 1384 1557 1466 1622; x_wconf 88' lang='lat' dir='ltr'>finis</span> 
     </span>
     <span class='ocr_line' id='line_1_12' title="bbox 354 1659 1465 1746; baseline -0.005 -18"><span class='ocrx_word' id='word_1_97' title='bbox 354 1663 459 1728; x_wconf 82' lang='lat' dir='ltr'>faetus</span> <span class='ocrx_word' id='word_1_98' title='bbox 480 1662 544 1726; x_wconf 90' lang='lat' dir='ltr'>fuit</span> <span class='ocrx_word' id='word_1_99' title='bbox 565 1660 645 1725; x_wconf 89' lang='lat' dir='ltr'>dicit</span> <span class='ocrx_word' id='word_1_100' title='bbox 667 1659 753 1746; x_wconf 92' lang='lat' dir='ltr'>quod</span> <span class='ocrx_word' id='word_1_101' title='bbox 776 1660 839 1724; x_wconf 83' lang='lat' dir='ltr'>fuit</span> <span class='ocrx_word' id='word_1_102' title='bbox 861 1659 948 1724; x_wconf 89' lang='lat' dir='ltr'>ultra</span> <span class='ocrx_word' id='word_1_103' title='bbox 969 1681 1056 1724; x_wconf 88' lang='lat' dir='ltr'>mare</span> <span class='ocrx_word' id='word_1_104' title='bbox 1079 1668 1113 1723; x_wconf 88' lang='lat' dir='ltr'>et</span> <span class='ocrx_word' id='word_1_105' title='bbox 1132 1659 1218 1744; x_wconf 93' lang='lat' dir='ltr'>quod</span> <span class='ocrx_word' id='word_1_106' title='bbox 1237 1669 1350 1745; x_wconf 85' lang='lat' dir='ltr'>postea</span> <span class='ocrx_word' id='word_1_107' title='bbox 1366 1660 1465 1724; x_wconf 90' lang='lat' dir='ltr'>uenit</span> 
     </span>
     <span class='ocr_line' id='line_1_13' title="bbox 354 1763 1462 1853; baseline -0.003 -23"><span class='ocrx_word' id='word_1_108' title='bbox 354 1775 427 1853; x_wconf 90' lang='lat' dir='ltr'>post</span> <span class='ocrx_word' id='word_1_109' title='bbox 456 1765 555 1830; x_wconf 88' lang='lat' dir='ltr'>finem</span> <span class='ocrx_word' id='word_1_110' title='bbox 584 1764 677 1830; x_wconf 89' lang='lat' dir='ltr'>illum</span> <span class='ocrx_word' id='word_1_111' title='bbox 707 1773 741 1828; x_wconf 89' lang='lat' dir='ltr'>et</span> <span class='ocrx_word' id='word_1_112' title='bbox 771 1763 835 1826; x_wconf 86' lang='lat' dir='ltr'>fuit</span> <span class='ocrx_word' id='word_1_113' title='bbox 864 1763 962 1827; x_wconf 90' lang='lat' dir='ltr'>uiuus</span> <span class='ocrx_word' id='word_1_114' title='bbox 988 1785 1046 1848; x_wconf 88' lang='lat' dir='ltr'>per</span> <span class='ocrx_word' id='word_1_115' title='bbox 1070 1786 1121 1828; x_wconf 84' lang='lat' dir='ltr'>xv.</span> <span class='ocrx_word' id='word_1_116' title='bbox 1147 1785 1248 1828; x_wconf 85' lang='lat' dir='ltr'>annos</span> <span class='ocrx_word' id='word_1_117' title='bbox 1272 1771 1306 1827; x_wconf 87' lang='lat' dir='ltr'>et</span> <span class='ocrx_word' id='word_1_118' title='bbox 1332 1764 1462 1828; x_wconf 92' lang='lat' dir='ltr'>nullum</span> 
     </span>
     <span class='ocr_line' id='line_1_14' title="bbox 354 1870 679 1957; baseline -0.009 -20"><span class='ocrx_word' id='word_1_119' title='bbox 354 1872 506 1938; x_wconf 85' lang='lat' dir='ltr'>clamium</span> <span class='ocrx_word' id='word_1_120' title='bbox 521 1870 679 1957; x_wconf 90' lang='lat' dir='ltr'>apposuit.</span> 
     </span>
    </p>

    <p class='ocr_par' dir='ltr' id='par_1_5' title="bbox 354 1971 1461 3074">
     <span class='ocr_line' id='line_1_15' title="bbox 420 1971 1459 2058; baseline 0.001 -20"><span class='ocrx_word' id='word_1_121' title='bbox 420 1974 544 2040; x_wconf 85' lang='lat' dir='ltr'>Eadem</span> <span class='ocrx_word' id='word_1_122' title='bbox 566 1973 709 2040; x_wconf 82' lang='lat' dir='ltr'>Cristina</span> <span class='ocrx_word' id='word_1_123' title='bbox 730 1972 815 2058; x_wconf 88' lang='lat' dir='ltr'>petit</span> <span class='ocrx_word' id='word_1_124' title='bbox 838 1971 951 2037; x_wconf 90' lang='lat' dir='ltr'>eodem</span> <span class='ocrx_word' id='word_1_125' title='bbox 970 1971 1065 2037; x_wconf 91' lang='lat' dir='ltr'>modo</span> <span class='ocrx_word' id='word_1_126' title='bbox 1085 1972 1217 2037; x_wconf 79' lang='lat' dir='ltr'>terciam</span> <span class='ocrx_word' id='word_1_127' title='bbox 1240 1981 1365 2058; x_wconf 86' lang='lat' dir='ltr'>partem</span> <span class='ocrx_word' id='word_1_128' title='bbox 1387 1974 1459 2039; x_wconf 90' lang='lat' dir='ltr'>red-</span> 
     </span>
     <span class='ocr_line' id='line_1_16' title="bbox 354 2077 1459 2144; baseline -0.001 -1"><span class='ocrx_word' id='word_1_129' title='bbox 354 2079 444 2144; x_wconf 90' lang='lat' dir='ltr'>ditus</span> <span class='ocrx_word' id='word_1_130' title='bbox 466 2101 516 2142; x_wconf 87' lang='lat' dir='ltr'>xv.</span> <span class='ocrx_word' id='word_1_131' title='bbox 540 2078 714 2142; x_wconf 87' lang='lat' dir='ltr'>solidorum</span> <span class='ocrx_word' id='word_1_132' title='bbox 736 2099 849 2142; x_wconf 70' lang='lat' dir='ltr'>[tarsus</span> <span class='ocrx_word' id='word_1_133' title='bbox 874 2077 1075 2142; x_wconf 88' lang='lat' dir='ltr'>Willelmum</span> <span class='ocrx_word' id='word_1_134' title='bbox 1101 2077 1142 2141; x_wconf 93' lang='lat' dir='ltr'>de</span> <span class='ocrx_word' id='word_1_135' title='bbox 1165 2077 1197 2141; x_wconf 86' lang='lat' dir='ltr'>la</span> <span class='ocrx_word' id='word_1_136' title='bbox 1219 2077 1323 2143; x_wconf 77' lang='lat' dir='ltr'>Meroe</span> <span class='ocrx_word' id='word_1_137' title='bbox 1348 2077 1382 2141; x_wconf 93' lang='lat' dir='ltr'>in</span> <span class='ocrx_word' id='word_1_138' title='bbox 1405 2101 1459 2142; x_wconf 90' lang='lat' dir='ltr'>ea-</span> 
     </span>
     <span class='ocr_line' id='line_1_17' title="bbox 354 2181 1461 2248; baseline -0.002 0"><span class='ocrx_word' id='word_1_139' title='bbox 354 2183 429 2248; x_wconf 89' lang='lat' dir='ltr'>dem</span> <span class='ocrx_word' id='word_1_140' title='bbox 453 2181 533 2246; x_wconf 85' lang='lat' dir='ltr'>uilla</span> <span class='ocrx_word' id='word_1_141' title='bbox 555 2191 595 2246; x_wconf 90' lang='lat' dir='ltr'>ut</span> <span class='ocrx_word' id='word_1_142' title='bbox 618 2181 728 2246; x_wconf 87' lang='lat' dir='ltr'>dotem</span> <span class='ocrx_word' id='word_1_143' title='bbox 752 2204 844 2246; x_wconf 88' lang='lat' dir='ltr'>suam</span> <span class='ocrx_word' id='word_1_144' title='bbox 867 2189 926 2246; x_wconf 86' lang='lat' dir='ltr'>eto.</span> <span class='ocrx_word' id='word_1_145' title='bbox 972 2181 1015 2245; x_wconf 90' lang='lat' dir='ltr'>Et</span> <span class='ocrx_word' id='word_1_146' title='bbox 1038 2181 1221 2246; x_wconf 88' lang='lat' dir='ltr'>Willelmus</span> <span class='ocrx_word' id='word_1_147' title='bbox 1241 2181 1386 2246; x_wconf 85' lang='lat' dir='ltr'>defendit</span> <span class='ocrx_word' id='word_1_148' title='bbox 1407 2182 1461 2246; x_wconf 92' lang='lat' dir='ltr'>ius</span> 
     </span>
     <span class='ocr_line' id='line_1_18' title="bbox 354 2286 1460 2372; baseline 0 -20"><span class='ocrx_word' id='word_1_149' title='bbox 354 2309 450 2352; x_wconf 89' lang='lat' dir='ltr'>suurn</span> <span class='ocrx_word' id='word_1_150' title='bbox 465 2296 499 2351; x_wconf 92' lang='lat' dir='ltr'>et</span> <span class='ocrx_word' id='word_1_151' title='bbox 514 2286 594 2352; x_wconf 85' lang='lat' dir='ltr'>dicit</span> <span class='ocrx_word' id='word_1_152' title='bbox 609 2286 695 2372; x_wconf 91' lang='lat' dir='ltr'>quod</span> <span class='ocrx_word' id='word_1_153' title='bbox 709 2287 873 2372; x_wconf 84' lang='lat' dir='ltr'>predictus</span> <span class='ocrx_word' id='word_1_154' title='bbox 887 2287 910 2352; x_wconf 87' lang='lat' dir='ltr'><strong>J</strong></span> <span class='ocrx_word' id='word_1_155' title='bbox 911 2286 1053 2350; x_wconf 87' lang='lat' dir='ltr'>ohannes</span> <span class='ocrx_word' id='word_1_156' title='bbox 1067 2295 1161 2372; x_wconf 90' lang='lat' dir='ltr'>pater</span> <span class='ocrx_word' id='word_1_157' title='bbox 1171 2286 1321 2372; x_wconf 86' lang='lat' dir='ltr'>Hugonis</span> <span class='ocrx_word' id='word_1_158' title='bbox 1335 2287 1460 2352; x_wconf 82' lang='lat' dir='ltr'>remisit</span> 
     </span>
     <span class='ocr_line' id='line_1_19' title="bbox 355 2387 1459 2474; baseline -0.002 -19"><span class='ocrx_word' id='word_1_159' title='bbox 355 2390 386 2456; x_wconf 89' lang='lat' dir='ltr'>ei</span> <span class='ocrx_word' id='word_1_160' title='bbox 401 2397 625 2454; x_wconf 89' lang='lat' dir='ltr'>tenementum</span> <span class='ocrx_word' id='word_1_161' title='bbox 641 2411 698 2474; x_wconf 91' lang='lat' dir='ltr'>pro</span> <span class='ocrx_word' id='word_1_162' title='bbox 717 2411 781 2474; x_wconf 92' lang='lat' dir='ltr'>quo</span> <span class='ocrx_word' id='word_1_163' title='bbox 799 2387 931 2452; x_wconf 87' lang='lat' dir='ltr'>reddere</span> <span class='ocrx_word' id='word_1_164' title='bbox 946 2389 1070 2453; x_wconf 82' lang='lat' dir='ltr'>solebat</span> <span class='ocrx_word' id='word_1_165' title='bbox 1085 2412 1134 2454; x_wconf 86' lang='lat' dir='ltr'>xv.</span> <span class='ocrx_word' id='word_1_166' title='bbox 1151 2389 1266 2454; x_wconf 89' lang='lat' dir='ltr'>solidos</span> <span class='ocrx_word' id='word_1_167' title='bbox 1281 2389 1459 2454; x_wconf 88' lang='lat' dir='ltr'>tenendum</span> 
     </span>
     <span class='ocr_line' id='line_1_20' title="bbox 355 2489 1460 2578; baseline 0 -22"><span class='ocrx_word' id='word_1_168' title='bbox 355 2491 417 2556; x_wconf 90' lang='lat' dir='ltr'>sibi</span> <span class='ocrx_word' id='word_1_169' title='bbox 443 2499 477 2555; x_wconf 88' lang='lat' dir='ltr'>et</span> <span class='ocrx_word' id='word_1_170' title='bbox 503 2489 676 2554; x_wconf 84' lang='lat' dir='ltr'>heredibus</span> <span class='ocrx_word' id='word_1_171' title='bbox 706 2491 773 2555; x_wconf 92' lang='lat' dir='ltr'>suis</span> <span class='ocrx_word' id='word_1_172' title='bbox 801 2514 860 2577; x_wconf 91' lang='lat' dir='ltr'>per</span> <span class='ocrx_word' id='word_1_173' title='bbox 888 2491 1061 2556; x_wconf 89' lang='lat' dir='ltr'>seruieium</span> <span class='ocrx_word' id='word_1_174' title='bbox 1090 2501 1229 2578; x_wconf 89' lang='lat' dir='ltr'>quatuor</span> <span class='ocrx_word' id='word_1_175' title='bbox 1256 2493 1460 2558; x_wconf 86' lang='lat' dir='ltr'>denariorum</span> 
     </span>
     <span class='ocr_line' id='line_1_21' title="bbox 355 2594 1461 2684; baseline 0.002 -24"><span class='ocrx_word' id='word_1_176' title='bbox 355 2594 524 2660; x_wconf 86' lang='lat' dir='ltr'>annuatim</span> <span class='ocrx_word' id='word_1_177' title='bbox 548 2594 774 2660; x_wconf 88' lang='lat' dir='ltr'>soluendorum</span> <span class='ocrx_word' id='word_1_178' title='bbox 799 2595 863 2681; x_wconf 88' lang='lat' dir='ltr'>ipsi</span> <span class='ocrx_word' id='word_1_179' title='bbox 888 2595 1032 2660; x_wconf 83' lang='lat' dir='ltr'>Johanni</span> <span class='ocrx_word' id='word_1_180' title='bbox 1055 2605 1090 2661; x_wconf 88' lang='lat' dir='ltr'>et</span> <span class='ocrx_word' id='word_1_181' title='bbox 1116 2597 1288 2663; x_wconf 87' lang='lat' dir='ltr'>heredibus</span> <span class='ocrx_word' id='word_1_182' title='bbox 1311 2597 1377 2663; x_wconf 90' lang='lat' dir='ltr'>suis</span> <span class='ocrx_word' id='word_1_183' title='bbox 1402 2621 1461 2684; x_wconf 89' lang='lat' dir='ltr'>pro</span> 
     </span>
     <span class='ocr_line' id='line_1_22' title="bbox 355 2697 1461 2787; baseline 0 -22"><span class='ocrx_word' id='word_1_184' title='bbox 355 2699 443 2764; x_wconf 91' lang='lat' dir='ltr'>omni</span> <span class='ocrx_word' id='word_1_185' title='bbox 458 2697 593 2764; x_wconf 83' lang='lat' dir='ltr'>semioio</span> <span class='ocrx_word' id='word_1_186' title='bbox 608 2706 642 2762; x_wconf 91' lang='lat' dir='ltr'>et</span> <span class='ocrx_word' id='word_1_187' title='bbox 657 2697 732 2762; x_wconf 92' lang='lat' dir='ltr'>inde</span> <span class='ocrx_word' id='word_1_188' title='bbox 747 2701 869 2784; x_wconf 89' lang='lat' dir='ltr'>profert</span> <span class='ocrx_word' id='word_1_189' title='bbox 883 2707 1005 2764; x_wconf 83' lang='lat' dir='ltr'>cartam</span> <span class='ocrx_word' id='word_1_190' title='bbox 1025 2699 1127 2786; x_wconf 92' lang='lat' dir='ltr'>ipsius</span> <span class='ocrx_word' id='word_1_191' title='bbox 1141 2700 1164 2765; x_wconf 89' lang='lat' dir='ltr'><strong>J</strong></span> <span class='ocrx_word' id='word_1_192' title='bbox 1165 2699 1300 2765; x_wconf 91' lang='lat' dir='ltr'>ohannis</span> <span class='ocrx_word' id='word_1_193' title='bbox 1319 2723 1382 2787; x_wconf 89' lang='lat' dir='ltr'>que</span> <span class='ocrx_word' id='word_1_194' title='bbox 1400 2701 1461 2766; x_wconf 87' lang='lat' dir='ltr'>hoo</span> 
     </span>
     <span class='ocr_line' id='line_1_23' title="bbox 354 2799 1460 2889; baseline 0.002 -23"><span class='ocrx_word' id='word_1_195' title='bbox 354 2802 441 2866; x_wconf 91' lang='lat' dir='ltr'>idem</span> <span class='ocrx_word' id='word_1_196' title='bbox 464 2809 605 2866; x_wconf 83' lang='lat' dir='ltr'>testatur</span> <span class='ocrx_word' id='word_1_197' title='bbox 626 2809 660 2864; x_wconf 91' lang='lat' dir='ltr'>et</span> <span class='ocrx_word' id='word_1_198' title='bbox 682 2799 867 2887; x_wconf 85' lang='lat' dir='ltr'>dicitquod</span> <span class='ocrx_word' id='word_1_199' title='bbox 888 2802 947 2866; x_wconf 89' lang='lat' dir='ltr'>hoo</span> <span class='ocrx_word' id='word_1_200' title='bbox 968 2803 1089 2866; x_wconf 80' lang='lat' dir='ltr'>factum</span> <span class='ocrx_word' id='word_1_201' title='bbox 1105 2803 1168 2866; x_wconf 86' lang='lat' dir='ltr'>fuit</span> <span class='ocrx_word' id='word_1_202' title='bbox 1183 2812 1357 2889; x_wconf 85' lang='lat' dir='ltr'>antequam</span> <span class='ocrx_word' id='word_1_203' title='bbox 1373 2804 1460 2868; x_wconf 90' lang='lat' dir='ltr'>idem</span> 
     </span>
     <span class='ocr_line' id='line_1_24' title="bbox 355 2904 1460 2993; baseline 0.002 -23"><span class='ocrx_word' id='word_1_204' title='bbox 355 2907 455 2993; x_wconf 88' lang='lat' dir='ltr'>Hugo</span> <span class='ocrx_word' id='word_1_205' title='bbox 470 2927 542 2970; x_wconf 87' lang='lat' dir='ltr'>earu</span> <span class='ocrx_word' id='word_1_206' title='bbox 557 2904 765 2990; x_wconf 87' lang='lat' dir='ltr'>desponsauit</span> <span class='ocrx_word' id='word_1_207' title='bbox 781 2905 867 2969; x_wconf 90' lang='lat' dir='ltr'>unde</span> <span class='ocrx_word' id='word_1_208' title='bbox 883 2905 1015 2969; x_wconf 89' lang='lat' dir='ltr'>uidetur</span> <span class='ocrx_word' id='word_1_209' title='bbox 1029 2905 1059 2969; x_wconf 92' lang='lat' dir='ltr'>ei</span> <span class='ocrx_word' id='word_1_210' title='bbox 1075 2906 1160 2991; x_wconf 92' lang='lat' dir='ltr'>quod</span> <span class='ocrx_word' id='word_1_211' title='bbox 1180 2928 1245 2971; x_wconf 92' lang='lat' dir='ltr'>non</span> <span class='ocrx_word' id='word_1_212' title='bbox 1265 2905 1364 2972; x_wconf 90' lang='lat' dir='ltr'>debet</span> <span class='ocrx_word' id='word_1_213' title='bbox 1383 2908 1460 2972; x_wconf 90' lang='lat' dir='ltr'>inde</span> 
     </span>
     <span class='ocr_line' id='line_1_25' title="bbox 354 3008 606 3074; baseline -0.008 -1"><span class='ocrx_word' id='word_1_214' title='bbox 354 3008 463 3074; x_wconf 86' lang='lat' dir='ltr'>dotem</span> <span class='ocrx_word' id='word_1_215' title='bbox 479 3008 606 3072; x_wconf 88' lang='lat' dir='ltr'>habere.</span> 
     </span>
    </p>

    <p class='ocr_par' dir='ltr' id='par_1_6' title="bbox 355 3109 1461 3510">
     <span class='ocr_line' id='line_1_26' title="bbox 421 3109 1460 3198; baseline 0.002 -24"><span class='ocrx_word' id='word_1_216' title='bbox 421 3111 464 3174; x_wconf 91' lang='lat' dir='ltr'>Et</span> <span class='ocrx_word' id='word_1_217' title='bbox 474 3110 617 3177; x_wconf 84' lang='lat' dir='ltr'>Oristina</span> <span class='ocrx_word' id='word_1_218' title='bbox 627 3109 720 3175; x_wconf 90' lang='lat' dir='ltr'>uenit</span> <span class='ocrx_word' id='word_1_219' title='bbox 732 3117 766 3174; x_wconf 90' lang='lat' dir='ltr'>et</span> <span class='ocrx_word' id='word_1_220' title='bbox 777 3109 857 3174; x_wconf 89' lang='lat' dir='ltr'>dicit</span> <span class='ocrx_word' id='word_1_221' title='bbox 869 3109 954 3196; x_wconf 92' lang='lat' dir='ltr'>quod</span> <span class='ocrx_word' id='word_1_222' title='bbox 966 3117 1055 3174; x_wconf 85' lang='lat' dir='ltr'>carta</span> <span class='ocrx_word' id='word_1_223' title='bbox 1065 3109 1122 3174; x_wconf 87' lang='lat' dir='ltr'>illa</span> <span class='ocrx_word' id='word_1_224' title='bbox 1130 3111 1216 3176; x_wconf 80' lang='lat' dir='ltr'>faeta</span> <span class='ocrx_word' id='word_1_225' title='bbox 1227 3111 1291 3176; x_wconf 89' lang='lat' dir='ltr'>fuit</span> <span class='ocrx_word' id='word_1_226' title='bbox 1302 3121 1375 3198; x_wconf 91' lang='lat' dir='ltr'>post</span> <span class='ocrx_word' id='word_1_227' title='bbox 1386 3135 1460 3176; x_wconf 87' lang='lat' dir='ltr'>eou-</span> 
     </span>
     <span class='ocr_line' id='line_1_27' title="bbox 355 3211 1461 3300; baseline -0.001 -22"><span class='ocrx_word' id='word_1_228' title='bbox 355 3212 545 3278; x_wconf 87' lang='lat' dir='ltr'>uenoionem</span> <span class='ocrx_word' id='word_1_229' title='bbox 560 3213 679 3276; x_wconf 81' lang='lat' dir='ltr'>factam</span> <span class='ocrx_word' id='word_1_230' title='bbox 694 3211 781 3275; x_wconf 86' lang='lat' dir='ltr'>inter</span> <span class='ocrx_word' id='word_1_231' title='bbox 794 3211 977 3276; x_wconf 87' lang='lat' dir='ltr'>Johannem</span> <span class='ocrx_word' id='word_1_232' title='bbox 993 3218 1119 3296; x_wconf 87' lang='lat' dir='ltr'>patrem</span> <span class='ocrx_word' id='word_1_233' title='bbox 1134 3211 1236 3298; x_wconf 87' lang='lat' dir='ltr'>ipsius</span> <span class='ocrx_word' id='word_1_234' title='bbox 1253 3213 1404 3300; x_wconf 86' lang='lat' dir='ltr'>Hugonis</span> <span class='ocrx_word' id='word_1_235' title='bbox 1425 3223 1461 3277; x_wconf 86' lang='lat' dir='ltr'>et</span> 
     </span>
     <span class='ocr_line' id='line_1_28' title="bbox 355 3313 1461 3403; baseline 0 -22"><span class='ocrx_word' id='word_1_236' title='bbox 355 3317 462 3402; x_wconf 84' lang='lat' dir='ltr'>ipsum</span> <span class='ocrx_word' id='word_1_237' title='bbox 475 3317 649 3402; x_wconf 86' lang='lat' dir='ltr'>Hugonem</span> <span class='ocrx_word' id='word_1_238' title='bbox 661 3323 695 3379; x_wconf 89' lang='lat' dir='ltr'>et</span> <span class='ocrx_word' id='word_1_239' title='bbox 710 3322 881 3400; x_wconf 86' lang='lat' dir='ltr'>postquam</span> <span class='ocrx_word' id='word_1_240' title='bbox 893 3314 964 3400; x_wconf 90' lang='lat' dir='ltr'>ipsa</span> <span class='ocrx_word' id='word_1_241' title='bbox 974 3314 1037 3378; x_wconf 88' lang='lat' dir='ltr'>fuit</span> <span class='ocrx_word' id='word_1_242' title='bbox 1046 3313 1239 3400; x_wconf 87' lang='lat' dir='ltr'>desponsata</span> <span class='ocrx_word' id='word_1_243' title='bbox 1252 3315 1314 3401; x_wconf 92' lang='lat' dir='ltr'>ipsi</span> <span class='ocrx_word' id='word_1_244' title='bbox 1327 3317 1461 3403; x_wconf 88' lang='lat' dir='ltr'>Hugoni</span> 
     </span>
     <span class='ocr_line' id='line_1_29' title="bbox 356 3419 1441 3510; baseline 0.003 -26"><span class='ocrx_word' id='word_1_245' title='bbox 356 3428 390 3484; x_wconf 89' lang='lat' dir='ltr'>et</span> <span class='ocrx_word' id='word_1_246' title='bbox 404 3419 480 3484; x_wconf 88' lang='lat' dir='ltr'>inde</span> <span class='ocrx_word' id='word_1_247' title='bbox 495 3421 587 3505; x_wconf 90' lang='lat' dir='ltr'>ponit</span> <span class='ocrx_word' id='word_1_248' title='bbox 599 3442 632 3484; x_wconf 89' lang='lat' dir='ltr'>se</span> <span class='ocrx_word' id='word_1_249' title='bbox 645 3442 742 3505; x_wconf 89' lang='lat' dir='ltr'>super</span> <span class='ocrx_word' id='word_1_250' title='bbox 749 3419 890 3484; x_wconf 86' lang='lat' dir='ltr'>iuratam</span> <span class='ocrx_word' id='word_1_251' title='bbox 902 3419 1006 3505; x_wconf 84' lang='lat' dir='ltr'>patrie</span> <span class='ocrx_word' id='word_1_252' title='bbox 1021 3429 1055 3484; x_wconf 89' lang='lat' dir='ltr'>et</span> <span class='ocrx_word' id='word_1_253' title='bbox 1065 3420 1249 3486; x_wconf 89' lang='lat' dir='ltr'>Willelmus</span> <span class='ocrx_word' id='word_1_254' title='bbox 1259 3421 1415 3488; x_wconf 88' lang='lat' dir='ltr'>similiter.</span> <span class='ocrx_word' id='word_1_255' title='bbox 1435 3424 1441 3510; x_wconf 89' lang='grc' dir='ltr'>Ι</span> 
     </span>
    </p>

    <p class='ocr_par' dir='ltr' id='par_1_7' title="bbox 356 3521 1464 4225">
     <span class='ocr_line' id='line_1_30' title="bbox 421 3521 1458 3591; baseline 0.003 -3"><span class='ocrx_word' id='word_1_256' title='bbox 421 3523 501 3588; x_wconf 88' lang='lat' dir='ltr'>Dies</span> <span class='ocrx_word' id='word_1_257' title='bbox 520 3523 617 3588; x_wconf 90' lang='lat' dir='ltr'>datus</span> <span class='ocrx_word' id='word_1_258' title='bbox 637 3531 687 3587; x_wconf 91' lang='lat' dir='ltr'>est</span> <span class='ocrx_word' id='word_1_259' title='bbox 707 3522 753 3586; x_wconf 90' lang='lat' dir='ltr'>eis</span> <span class='ocrx_word' id='word_1_260' title='bbox 773 3521 814 3586; x_wconf 91' lang='lat' dir='ltr'>de</span> <span class='ocrx_word' id='word_1_261' title='bbox 834 3521 996 3587; x_wconf 90' lang='lat' dir='ltr'>audiendo</span> <span class='ocrx_word' id='word_1_262' title='bbox 1015 3521 1134 3586; x_wconf 87' lang='lat' dir='ltr'>iudicio</span> <span class='ocrx_word' id='word_1_263' title='bbox 1150 3545 1207 3586; x_wconf 90' lang='lat' dir='ltr'>suo</span> <span class='ocrx_word' id='word_1_264' title='bbox 1222 3545 1243 3587; x_wconf 87' lang='lat' dir='ltr'>a</span> <span class='ocrx_word' id='word_1_265' title='bbox 1256 3523 1309 3588; x_wconf 88' lang='lat' dir='ltr'>die</span> <span class='ocrx_word' id='word_1_266' title='bbox 1326 3525 1357 3590; x_wconf 87' lang='lat' dir='ltr'>S.</span> <span class='ocrx_word' id='word_1_267' title='bbox 1374 3526 1458 3591; x_wconf 87' lang='lat' dir='ltr'>Trin.</span> 
     </span>
     <span class='ocr_line' id='line_1_31' title="bbox 356 3625 1462 3711; baseline 0.002 -20"><span class='ocrx_word' id='word_1_268' title='bbox 356 3627 391 3692; x_wconf 92' lang='lat' dir='ltr'>in</span> <span class='ocrx_word' id='word_1_269' title='bbox 410 3649 459 3690; x_wconf 82' lang='lat' dir='ltr'>xv.</span> <span class='ocrx_word' id='word_1_270' title='bbox 476 3625 545 3690; x_wconf 89' lang='lat' dir='ltr'>dies</span> <span class='ocrx_word' id='word_1_271' title='bbox 565 3633 600 3689; x_wconf 88' lang='lat' dir='ltr'>et</span> <span class='ocrx_word' id='word_1_272' title='bbox 620 3625 697 3710; x_wconf 87' lang='lat' dir='ltr'>quia</span> <span class='ocrx_word' id='word_1_273' title='bbox 717 3647 775 3710; x_wconf 87' lang='lat' dir='ltr'>per</span> <span class='ocrx_word' id='word_1_274' title='bbox 793 3632 915 3688; x_wconf 70' lang='lat' dir='ltr'>emtam</span> <span class='ocrx_word' id='word_1_275' title='bbox 936 3632 1094 3689; x_wconf 82' lang='lat' dir='ltr'>testatum</span> <span class='ocrx_word' id='word_1_276' title='bbox 1116 3633 1166 3689; x_wconf 87' lang='lat' dir='ltr'>est</span> <span class='ocrx_word' id='word_1_277' title='bbox 1188 3625 1274 3711; x_wconf 93' lang='lat' dir='ltr'>quod</span> <span class='ocrx_word' id='word_1_278' title='bbox 1295 3627 1462 3693; x_wconf 86' lang='lat' dir='ltr'>Johannes</span> 
     </span>
     <span class='ocr_line' id='line_1_32' title="bbox 356 3726 1461 3816; baseline 0.003 -23"><span class='ocrx_word' id='word_1_279' title='bbox 356 3738 450 3816; x_wconf 86' lang='lat' dir='ltr'>pater</span> <span class='ocrx_word' id='word_1_280' title='bbox 464 3727 614 3814; x_wconf 86' lang='lat' dir='ltr'>Hugouis</span> <span class='ocrx_word' id='word_1_281' title='bbox 629 3749 755 3812; x_wconf 89' lang='lat' dir='ltr'>semper</span> <span class='ocrx_word' id='word_1_282' title='bbox 770 3727 878 3792; x_wconf 89' lang='lat' dir='ltr'>tenuit</span> <span class='ocrx_word' id='word_1_283' title='bbox 893 3735 1013 3792; x_wconf 85' lang='lat' dir='ltr'>terram</span> <span class='ocrx_word' id='word_1_284' title='bbox 1028 3726 1117 3792; x_wconf 87' lang='lat' dir='ltr'>illam</span> <span class='ocrx_word' id='word_1_285' title='bbox 1138 3735 1172 3792; x_wconf 87' lang='lat' dir='ltr'>et</span> <span class='ocrx_word' id='word_1_286' title='bbox 1193 3750 1258 3792; x_wconf 89' lang='lat' dir='ltr'>uon</span> <span class='ocrx_word' id='word_1_287' title='bbox 1276 3728 1407 3794; x_wconf 87' lang='lat' dir='ltr'>demisit</span> <span class='ocrx_word' id='word_1_288' title='bbox 1427 3755 1461 3796; x_wconf 91' lang='lat' dir='ltr'>se</span> 
     </span>
     <span class='ocr_line' id='line_1_33' title="bbox 357 3828 1464 3919; baseline 0 -23"><span class='ocrx_word' id='word_1_289' title='bbox 357 3841 391 3896; x_wconf 89' lang='lat' dir='ltr'>et</span> <span class='ocrx_word' id='word_1_290' title='bbox 417 3839 564 3916; x_wconf 74' lang='lat' dir='ltr'>preterea,</span> <span class='ocrx_word' id='word_1_291' title='bbox 586 3828 673 3892; x_wconf 89' lang='lat' dir='ltr'>idem</span> <span class='ocrx_word' id='word_1_292' title='bbox 700 3828 800 3914; x_wconf 85' lang='lat' dir='ltr'>Hugo</span> <span class='ocrx_word' id='word_1_293' title='bbox 826 3829 952 3893; x_wconf 91' lang='lat' dir='ltr'>nullum</span> <span class='ocrx_word' id='word_1_294' title='bbox 976 3829 1128 3894; x_wconf 85' lang='lat' dir='ltr'>elamium</span> <span class='ocrx_word' id='word_1_295' title='bbox 1154 3831 1305 3916; x_wconf 91' lang='lat' dir='ltr'>apposuit</span> <span class='ocrx_word' id='word_1_296' title='bbox 1330 3841 1369 3896; x_wconf 92' lang='lat' dir='ltr'>ut</span> <span class='ocrx_word' id='word_1_297' title='bbox 1393 3833 1464 3919; x_wconf 84' lang='lat' dir='ltr'>ipsa</span> 
     </span>
     <span class='ocr_line' id='line_1_34' title="bbox 356 3931 1463 4020; baseline 0.003 -21"><span class='ocrx_word' id='word_1_298' title='bbox 356 3933 509 4020; x_wconf 85' lang='lat' dir='ltr'>cognouit</span> <span class='ocrx_word' id='word_1_299' title='bbox 522 3931 768 3998; x_wconf 86' lang='lat' dir='ltr'>Consideratum</span> <span class='ocrx_word' id='word_1_300' title='bbox 780 3940 830 3996; x_wconf 85' lang='lat' dir='ltr'>est</span> <span class='ocrx_word' id='word_1_301' title='bbox 845 3931 931 4017; x_wconf 93' lang='lat' dir='ltr'>quod</span> <span class='ocrx_word' id='word_1_302' title='bbox 942 3931 1004 4018; x_wconf 90' lang='lat' dir='ltr'>ipsi</span> <span class='ocrx_word' id='word_1_303' title='bbox 1016 3932 1091 3997; x_wconf 88' lang='lat' dir='ltr'>inde</span> <span class='ocrx_word' id='word_1_304' title='bbox 1103 3933 1207 4019; x_wconf 88' lang='lat' dir='ltr'>quieti</span> <span class='ocrx_word' id='word_1_305' title='bbox 1221 3943 1255 3998; x_wconf 90' lang='lat' dir='ltr'>et</span> <span class='ocrx_word' id='word_1_306' title='bbox 1271 3935 1413 4001; x_wconf 84' lang='lat' dir='ltr'>Cristina</span> <span class='ocrx_word' id='word_1_307' title='bbox 1427 3937 1463 4002; x_wconf 91' lang='lat' dir='ltr'>in</span> 
     </span>
     <span class='ocr_line' id='line_1_35' title="bbox 357 4035 1462 4124; baseline 0.004 -22"><span class='ocrx_word' id='word_1_308' title='bbox 357 4036 573 4102; x_wconf 87' lang='lat' dir='ltr'>misericordia</span> <span class='ocrx_word' id='word_1_309' title='bbox 583 4045 618 4101; x_wconf 93' lang='lat' dir='ltr'>et</span> <span class='ocrx_word' id='word_1_310' title='bbox 633 4035 726 4100; x_wconf 88' lang='lat' dir='ltr'>heres</span> <span class='ocrx_word' id='word_1_311' title='bbox 737 4035 806 4100; x_wconf 88' lang='lat' dir='ltr'>eius</span> <span class='ocrx_word' id='word_1_312' title='bbox 821 4036 940 4102; x_wconf 86' lang='lat' dir='ltr'>habeat</span> <span class='ocrx_word' id='word_1_313' title='bbox 955 4037 1020 4102; x_wconf 88' lang='lat' dir='ltr'>tale</span> <span class='ocrx_word' id='word_1_314' title='bbox 1035 4059 1222 4123; x_wconf 85' lang='lat' dir='ltr'>recuperare</span> <span class='ocrx_word' id='word_1_315' title='bbox 1234 4039 1328 4124; x_wconf 88' lang='lat' dir='ltr'>quale</span> <span class='ocrx_word' id='word_1_316' title='bbox 1344 4040 1462 4106; x_wconf 88' lang='lat' dir='ltr'>habere</span> 
     </span>
     <span class='ocr_line' id='line_1_36' title="bbox 357 4138 1362 4225; baseline 0.004 -20"><span class='ocrx_word' id='word_1_317' title='bbox 357 4140 489 4205; x_wconf 90' lang='lat' dir='ltr'>debebit</span> <span class='ocrx_word' id='word_1_318' title='bbox 504 4148 538 4203; x_wconf 92' lang='lat' dir='ltr'>et</span> <span class='ocrx_word' id='word_1_319' title='bbox 553 4139 624 4225; x_wconf 86' lang='lat' dir='ltr'>ipsa</span> <span class='ocrx_word' id='word_1_320' title='bbox 638 4139 672 4202; x_wconf 95' lang='lat' dir='ltr'>in</span> <span class='ocrx_word' id='word_1_321' title='bbox 687 4138 911 4206; x_wconf 85' lang='lat' dir='ltr'>misericordia.</span> <span class='ocrx_word' id='word_1_322' title='bbox 949 4140 1042 4205; x_wconf 91' lang='lat' dir='ltr'>Idem</span> <span class='ocrx_word' id='word_1_323' title='bbox 1058 4149 1107 4204; x_wconf 90' lang='lat' dir='ltr'>ast</span> <span class='ocrx_word' id='word_1_324' title='bbox 1122 4140 1162 4204; x_wconf 91' lang='lat' dir='ltr'>de</span> <span class='ocrx_word' id='word_1_325' title='bbox 1179 4141 1362 4209; x_wconf 87' lang='lat' dir='ltr'>Willelmo¹.</span> 
     </span>
    </p>
   </div>
   <div class='ocr_carea' id='block_1_3' title="bbox 356 4330 1463 4530">
    <p class='ocr_par' dir='ltr' id='par_1_8' title="bbox 356 4330 1463 4530">
     <span class='ocr_line' id='line_1_37' title="bbox 388 4330 1463 4398; baseline 0.007 -19"><span class='ocrx_word' id='word_1_326' title='bbox 388 4331 398 4363; x_wconf 86' lang='lat'>¹</span> <span class='ocrx_word' id='word_1_327' title='bbox 416 4330 533 4380; x_wconf 81' lang='lat' dir='ltr'>Tharais</span> <span class='ocrx_word' id='word_1_328' title='bbox 544 4345 579 4381; x_wconf 91' lang='lat' dir='ltr'>no</span> <span class='ocrx_word' id='word_1_329' title='bbox 590 4330 655 4381; x_wconf 89' lang='lat' dir='ltr'>need</span> <span class='ocrx_word' id='word_1_330' title='bbox 670 4330 820 4394; x_wconf 66' lang='lat' dir='ltr'>[oreiam</span> <span class='ocrx_word' id='word_1_331' title='bbox 838 4332 884 4382; x_wconf 86' lang='lat' dir='ltr'>the</span> <span class='ocrx_word' id='word_1_332' title='bbox 934 4333 1046 4384; x_wconf 80' lang='lat' dir='ltr'>between</span> <span class='ocrx_word' id='word_1_333' title='bbox 1067 4333 1111 4384; x_wconf 85' lang='lat' dir='ltr'>the</span> <span class='ocrx_word' id='word_1_334' title='bbox 1130 4333 1216 4385; x_wconf 79' lang='lat' dir='ltr'>father</span> <span class='ocrx_word' id='word_1_335' title='bbox 1235 4335 1326 4398; x_wconf 80' lang='lat' dir='ltr'>(John)</span> <span class='ocrx_word' id='word_1_336' title='bbox 1346 4336 1399 4386; x_wconf 82' lang='lat' dir='ltr'>and</span> <span class='ocrx_word' id='word_1_337' title='bbox 1418 4337 1463 4388; x_wconf 90' lang='lat' dir='ltr'>the</span> 
     </span>
     <span class='ocr_line' id='line_1_38' title="bbox 356 4395 1462 4514; baseline 0.007 -69"><span class='ocrx_word' id='word_1_338' title='bbox 356 4411 428 4446; x_wconf 79' lang='lat' dir='ltr'>enses</span> <span class='ocrx_word' id='word_1_339' title='bbox 439 4410 489 4446; x_wconf 83' lang='lat' dir='ltr'>ean</span> <span class='ocrx_word' id='word_1_340' title='bbox 500 4396 532 4446; x_wconf 83' lang='lat' dir='ltr'>ba</span> <span class='ocrx_word' id='word_1_341' title='bbox 542 4395 647 4447; x_wconf 85' lang='lat' dir='ltr'>deeided</span> <span class='ocrx_word' id='word_1_342' title='bbox 656 4411 690 4446; x_wconf 91' lang='lat' dir='ltr'>on</span> <span class='ocrx_word' id='word_1_343' title='bbox 698 4395 883 4474; x_wconf 78' lang='lat' dir='ltr'>thapleadinge</span> <span class='ocrx_word' id='word_1_344' title='bbox 934 4413 982 4475; x_wconf 75' lang='lat' dir='ltr'>sou</span> <span class='ocrx_word' id='word_1_345' title='bbox 1000 4399 1100 4514; x_wconf 55' lang='lat' dir='ltr'>(hauh)</span> <span class='ocrx_word' id='word_1_346' title='bbox 1118 4399 1179 4450; x_wconf 88' lang='lat' dir='ltr'>does</span> <span class='ocrx_word' id='word_1_347' title='bbox 1196 4404 1243 4451; x_wconf 81' lang='lat' dir='ltr'>not</span> <span class='ocrx_word' id='word_1_348' title='bbox 1256 4415 1326 4452; x_wconf 83' lang='lat' dir='ltr'>serve</span> <span class='ocrx_word' id='word_1_349' title='bbox 1336 4417 1365 4452; x_wconf 82' lang='lat' dir='ltr'>ae</span> <span class='ocrx_word' id='word_1_350' title='bbox 1377 4417 1392 4452; x_wconf 87' lang='lat' dir='ltr'>a</span> <span class='ocrx_word' id='word_1_351' title='bbox 1403 4416 1462 4479; x_wconf 81' lang='lat' dir='ltr'>oon·</span> 
     </span>
     <span class='ocr_line' id='line_1_39' title="bbox 357 4460 1463 4530; baseline 0.005 -18"><span class='ocrx_word' id='word_1_352' title='bbox 357 4460 558 4512; x_wconf 85' lang='lat' dir='ltr'>andthedeeds.</span> <span class='ocrx_word' id='word_1_353' title='bbox 582 4461 637 4512; x_wconf 82' lang='lat' dir='ltr'>The</span> <span class='ocrx_word' id='word_1_354' title='bbox 648 4475 716 4512; x_wconf 83' lang='lat' dir='ltr'>mere</span> <span class='ocrx_word' id='word_1_355' title='bbox 727 4465 883 4512; x_wconf 71' lang='lat' dir='ltr'>conventren</span> <span class='ocrx_word' id='word_1_356' title='bbox 934 4466 1083 4514; x_wconf 72' lang='lat' dir='ltr'>stitutiono</span> <span class='ocrx_word' id='word_1_357' title='bbox 1112 4464 1196 4515; x_wconf 73' lang='lat' dir='ltr'>deser</span> <span class='ocrx_word' id='word_1_358' title='bbox 1210 4480 1241 4515; x_wconf 80' lang='lat' dir='ltr'>er</span> <span class='ocrx_word' id='word_1_359' title='bbox 1257 4481 1366 4517; x_wconf 82' lang='lat' dir='ltr'>assensu</span> <span class='ocrx_word' id='word_1_360' title='bbox 1380 4473 1463 4530; x_wconf 82' lang='lat' dir='ltr'>patna</span> 
     </span>
    </p>
   </div>
   <div class='ocr_carea' id='block_1_4' title="bbox 0 0 1638 5218">
    <p class='ocr_par' dir='ltr' id='par_1_9' title="bbox 0 0 1638 5218">
     <span class='ocr_line' id='line_1_40' title="bbox 0 0 1638 5218; baseline 0 0"><span class='ocrx_word' id='word_1_361' title='bbox 0 0 1638 5218; x_wconf 95' lang='lat' dir='ltr'> </span> 
     </span>
    </p>
   </div>
  </div>
 </body>
</html>
