3314 5238
405 459 639 521 mensurnis,
662 459 727 510 nn.
753 447 846 522 1231,
869 460 931 510 aa
957 447 1095 510 15-16.
1238 443 1301 510 489

191 653 246 717 aui
261 635 402 740 predicti
417 653 560 740 Philippi
575 675 639 740 que
655 661 796 718 testatur
810 652 895 740 quod
910 653 979 739 ipse
994 652 1085 717 dedit
1101 659 1135 716 et
1146 651 1301 716 concessit

192 755 294 820 Priori
318 756 360 822 de
389 757 421 822 S.
444 755 629 822 Fromundo
654 755 821 821 ecclesiam
845 755 886 820 de
910 755 1040 842 Shaghe
1068 755 1102 820 in
1126 777 1241 840 puram
1268 763 1301 819 et

191 869 386 946 perpetuam
402 860 618 926 elemosinam.
663 860 788 925 Profert
804 859 907 924 eciam
922 869 1044 925 cartam
1059 859 1082 924 J
1084 858 1214 923 oscelini
1227 858 1300 922 Sar·

191 963 387 1028 risbiriensis
409 963 579 1050 Episcopi¹
601 985 664 1049 que
688 971 831 1028 testatur
853 961 938 1048 quod
960 961 1001 1026 ad
1026 962 1300 1046 presentacionem

193 1067 339 1154 Philippi
353 1055 394 1132 de
416 1067 632 1134 Columbariis
649 1065 792 1152 suscepit
811 1065 984 1130 monachos
1004 1065 1044 1129 de
1067 1065 1098 1130 S.
1117 1065 1302 1130 Fromundo

191 1170 233 1234 ad
249 1178 458 1255 personatum
471 1169 602 1234 ecclesie
615 1168 655 1232 de
668 1168 776 1255 Saghe
789 1175 823 1232 et
835 1191 888 1233 eos
899 1167 975 1232 inde
989 1190 1140 1253 personas
1151 1168 1301 1233 canonice

191 1274 348 1339 instituit.
394 1274 519 1338 Profert
540 1273 642 1338 eciam
662 1281 784 1337 cartam
803 1273 841 1337 R.
858 1273 1102 1338 (lantuariensis
1117 1273 1301 1359 Archiepis-

94 1438 97 1444 ,
191 1377 285 1463 copi⁹
299 1400 363 1464 que
384 1377 471 1441 inter
491 1385 599 1441 cetera
620 1376 702 1442 ciet
723 1375 834 1440 domui
854 1397 911 1440 suc
934 1375 1102 1440 confirmat
1123 1376 1300 1461 predictam

191 1480 369 1545 ecclesiam.
416 1479 459 1543 Et
478 1480 561 1544 bene
582 1479 728 1544 defendit
748 1477 834 1564 quod
856 1478 1021 1564 predictus
1045 1477 1213 1543 Jeruasius
1237 1502 1301 1542 non

192 1582 256 1646 fuit
271 1582 348 1647 inde
364 1603 500 1668 persona
514 1589 564 1646 set
580 1581 720 1645 uicarius
735 1589 769 1644 et
784 1579 825 1644 ad
840 1581 1116 1666 presentacionem
1129 1581 1246 1645 Prioris
1261 1581 1301 1645 de

192 1685 223 1750 S.
241 1685 428 1750 Fromundo
450 1684 612 1750 reddendo
634 1684 710 1749 inde
734 1685 773 1749 xl.
795 1685 850 1748 sol.
866 1684 995 1749 nomine
1016 1685 1179 1770 pensionis
1200 1685 1302 1749 Priori

191 1789 233 1854 de
250 1790 283 1855 S.
300 1789 485 1853 Fromundo
500 1797 535 1852 et
550 1787 609 1852 hoc
625 1787 666 1852 ad
681 1787 877 1873 peticionem
893 1787 995 1874 ipsius
1011 1788 1162 1874 Philippi.

259 1895 303 1958 Et
319 1893 478 1958 Radulfus
492 1891 586 1956 uenit
606 1901 640 1956 et
655 1892 738 1956 bene
753 1891 833 1957 dicit
848 1892 934 1978 quod
952 1893 1039 1957 idem
1054 1895 1078 1958 J
1079 1893 1224 1958 eruasius
1239 1893 1302 1959 fuit

191 1997 268 2063 inde
285 2021 421 2084 persona
436 2007 469 2062 et
484 1997 526 2061 ad
545 1998 820 2082 presentacionem
841 1997 943 2083 ipsius
959 1997 1103 2084 Philippi
1124 1997 1302 2062 secundum

192 2104 279 2189 quod
293 2104 476 2189 predictum
498 2110 547 2167 est
563 2111 597 2166 et
612 2103 688 2167 inde
704 2103 786 2168 obiit
801 2126 937 2189 persona
951 2111 985 2168 et
1001 2103 1087 2189 quod
1103 2113 1176 2190 post
1192 2127 1303 2169 omnes

192 2213 297 2269 cartas
319 2213 354 2269 et
376 2225 487 2268 omnes
510 2203 770 2268 confirmaciones
793 2227 873 2290 quas
894 2205 982 2269 idem
1005 2205 1096 2269 Prior
1118 2207 1239 2291 profert
1261 2206 1301 2270 de

192 2307 305 2372 eadem
333 2307 547 2371 aduocacione
577 2308 780 2392 presentauit
809 2308 896 2372 idem
923 2309 1094 2394 Philippus
1116 2309 1158 2374 ad
1180 2310 1301 2374 dictam

192 2413 359 2476 ecclesiam
385 2411 567 2497 predictum
590 2411 776 2478 Jeruasium
801 2412 858 2498 qui
888 2411 963 2476 inde
993 2411 1075 2477 obiit
1102 2434 1245 2497 persona,
1267 2421 1302 2478 et

191 2517 269 2582 inde
285 2517 372 2603 petit
387 2517 527 2582 assisam.

257 2621 302 2684 Et
318 2619 409 2683 Prior
422 2620 502 2685 dicit
518 2619 604 2706 quod
619 2620 688 2706 ipse
703 2620 907 2706 presentauit
918 2619 1101 2705 predictum
1112 2621 1136 2685 J
1137 2621 1301 2685 eruasium

192 2723 233 2788 ad
249 2723 405 2788 uicariam
420 2723 565 2789 eiusdem
581 2724 714 2789 ecclesie
730 2732 764 2788 et
779 2723 855 2789 inde
872 2724 957 2810 petit
972 2724 1112 2790 assisam.

257 2828 426 2892 Juratores
441 2829 553 2897 dicunt
569 2829 654 2915 quod
669 2829 834 2915 predictus
850 2829 1021 2915 Philippus
1035 2832 1238 2916 presentauit
1259 2832 1301 2896 ad

192 2931 359 2996 ecclesiam
375 2931 464 2996 illam
479 2932 661 3018 predictum
677 2933 700 2998 J
701 2933 863 2998 eruasium
876 2933 933 3018 qui
944 2933 1061 2997 ultimo
1072 2934 1155 3000 obiit
1166 2958 1302 3020 persona

191 3035 226 3098 in
246 3035 361 3099 eadem
381 3043 415 3099 et
435 3043 507 3121 post
525 3043 629 3100 cartas
650 3036 731 3114 illas,
752 3043 786 3100 et
806 3035 885 3100 satis
908 3036 1106 3101 audiuerant
1127 3037 1190 3102 dici
1215 3040 1300 3124 quod

190 3137 357 3224 predictus
380 3138 470 3202 Prior
492 3146 527 3203 et
550 3139 699 3204 monachi
722 3139 762 3203 de
787 3139 819 3204 S.
844 3138 1029 3202 Fromundo
1052 3139 1235 3225 percipiunt
1259 3137 1299 3205 de

193 3241 306 3306 eadem
337 3241 470 3306 ecclesia
500 3241 636 3328 singulis
664 3241 759 3306 annis
788 3241 828 3306 xl.
860 3242 914 3306 sol.
942 3250 992 3306 set
1015 3243 1164 3307 nesciunt
1188 3252 1299 3308 utrum

193 3344 324 3408 nomine
355 3353 545 3429 personatus
570 3347 624 3410 uel
650 3346 781 3412 nomine
804 3344 986 3424 beneficii⁸‚
1012 3355 1062 3410 set
1088 3347 1170 3411 bene
1193 3348 1300 3412 sciunt

193 3445 280 3532 quod
309 3445 472 3530 predictus
502 3448 670 3514 Jeruasius
700 3449 764 3514 fuit
795 3471 930 3535 persona
959 3449 994 3513 iu
1025 3449 1138 3514 eadem
1168 3452 1302 3517 ecclesia

193 3557 228 3613 et
250 3548 292 3613 ad
312 3551 589 3634 presentacionem
611 3552 749 3638 predicti
771 3553 923 3638 Philippi.
970 3553 1012 3617 Et
1035 3553 1107 3618 ideo
1132 3554 1300 3622 Consider-

193 3661 286 3717 atum
301 3661 352 3718 est
367 3653 453 3739 quod
468 3655 632 3739 predictus
647 3655 807 3721 Radulfus
822 3657 1028 3742 recuperauit
1042 3657 1192 3722 seisinam
1208 3683 1299 3724 suam

193 3757 321 3822 racione
351 3757 462 3822 fume⁴
492 3780 589 3844 quam
620 3760 721 3826 habet
750 3762 790 3826 de
820 3761 966 3847 predicto
997 3761 1150 3847 Philippo
1181 3770 1215 3826 et
1245 3763 1300 3848 qui

194 3885 325 3948 presens
348 3871 452 3927 estet
474 3863 505 3928 ei
527 3865 673 3930 concedit
695 3867 970 3951 presentacionem
992 3867 1090 3944 illam,
1106 3875 1140 3931 et
1155 3865 1245 3930 Prior
1267 3867 1300 3930 in

194 3964 419 4042 misericordia,
435 3973 470 4029 et
485 3965 644 4032 Radulfus
660 3967 800 4033 habeat⁶
815 3977 874 4035 etc.

81 4074 145 4142 637.
259 4069 444 4134 Willelmus
462 4070 503 4134 de
524 4071 745 4138 Strumeshale
768 4073 854 4159 petit
874 4097 987 4139 uersus
1009 4073 1143 4138 Petrum
1166 4073 1301 4139 Consta·
1361 4104 1420 4143 uon.

194 4171 358 4236 bularium
373 4171 414 4236 de
431 4173 588 4239 Mautona
602 4173 681 4261 xiiij.
697 4197 758 4243 acr.
775 4185 859 4240 terre
880 4199 955 4242 cum
976 4184 1056 4262 pert.
1073 4175 1107 4240 in
1123 4176 1301 4263 Bringham

229 4365 237 4398 ¹
255 4364 700 4425 JosoelindeBailul.1142-1184.
807 4369 819 4402 ⁴
835 4369 950 4434 Perhaps
965 4369 998 4420 he
1013 4369 1111 4420 formed
1127 4371 1172 4422 the
1189 4371 1227 4422 fec
1249 4373 1302 4423 and

229 4429 421 4548 εΒΒΒΒ
