3308 5226
442 447 675 511 muninime,
697 447 761 500 nn.
787 434 880 511 1224,
901 447 964 499 nn
988 436 1080 500 8-9.
1251 435 1316 504 tl?

276 623 319 688 Et
333 621 491 690 Ricardus
505 623 598 689 uenit
613 631 647 688 et
667 623 829 710 cognoscit
848 631 971 689 cartam
990 645 1083 690 auam
1103 633 1138 690 et
1158 625 1245 711 quod
1268 625 1317 690 ita

209 727 323 794 dotata
339 725 404 792 fuit
423 735 473 792 aet
495 727 643 814 Rogerue
665 735 759 812 pater
779 725 925 792 eiusdem
948 727 1063 794 Emme
1085 727 1162 794 fecit
1188 729 1219 794 ei
1242 751 1316 794 eon·

209 829 401 896 uencionem
437 829 601 916 quandam
638 851 736 916 quam
772 829 804 894 ei
832 851 897 894 non
927 831 1037 896 tenuit
1066 839 1101 898 et
1129 832 1203 898 ideo
1231 833 1318 919 petit

208 933 366 1000 iudicium
395 932 423 998 ei
451 931 493 998 de
523 932 599 998 dote
628 954 689 997 ena
716 931 835 997 debent
858 933 890 998 ei
913 934 1105 1020 respondem
1128 936 1317 1023 priusquam

208 1039 353 1124 Rogcrus
367 1037 512 1103 tenuerit
526 1037 558 1102 ci
572 1035 831 1102 conuencionem.

273 1141 317 1206 Et
332 1141 409 1228 quia
422 1140 585 1228 cognoscit
599 1149 721 1205 cartam
736 1161 829 1204 suam
843 1147 879 1204 et
893 1139 979 1226 quod
998 1141 1048 1207 ita
1066 1143 1130 1208 fuit
1150 1143 1264 1210 dotata
1283 1154 1318 1211 et

209 1249 383 1313 conuencio
405 1247 525 1334 Rogeri
546 1247 582 1311 in
603 1246 694 1310 nullo
714 1245 822 1332 tangit
841 1245 1001 1324 Emmam‚
1015 1248 1252 1315 consideratum
1267 1259 1318 1315 eet

209 1349 296 1435 quod
320 1351 436 1416 Emma
460 1349 666 1436 recuperauit
691 1347 844 1414 saisinam
866 1371 959 1414 sunm
981 1359 1020 1414 ut
1042 1350 1082 1416 de
1105 1351 1180 1417 dcte
1202 1361 1317 1418 suaet

208 1451 366 1518 Ricardue
379 1452 414 1516 in
428 1452 645 1518 misericordia
659 1459 694 1516 et
707 1450 875 1537 perquirat
890 1473 924 1516 se
940 1473 1054 1518 uersus
1069 1453 1242 1540 Rogemm.

151 1613 158 1627 .
273 1555 394 1621 ²Aiicia
408 1577 471 1642 quc
486 1554 550 1620 fuit
565 1576 646 1619 uxor
659 1554 782 1620 Thomu
797 1553 859 1617 filii
875 1553 959 1618 Gote
974 1555 1061 1640 petit
1080 1579 1193 1622 uersus
1207 1557 1318 1624 Dauid
1371 1579 1445 1622 nome

208 1659 249 1724 de
270 1659 467 1725 Hoclintona
486 1657 619 1724 terciam
639 1665 766 1743 partem
785 1656 862 1722 dim.
883 1657 964 1745 uirg.
986 1667 1071 1724 terre
1091 1683 1165 1725 cum
1185 1663 1317 1747 pertin

209 1761 373 1830 Mortona¹
394 1771 434 1828 ut
459 1761 570 1828 dotem
595 1783 688 1826 suam
714 1767 775 1826 etc.
798 1759 886 1824 unde
909 1761 1050 1828 Thomas
1072 1763 1124 1828 uir
1145 1786 1223 1830 suus
1244 1788 1316 1832 eam

208 1867 338 1934 dotauit
353 1875 414 1933 etc.

273 1974 318 2038 Et
339 1972 449 2039 Dauid
469 1971 561 2037 uenit
579 1977 613 2036 ct
633 1991 698 2034 non
718 1969 793 2034 uult
815 1969 846 2034 ei
868 1969 1060 2056 respondere
1082 1971 1152 2036 sine
1175 1983 1317 2040 woranto

208 2079 321 2145 enode
337 2078 494 2144 dotesua

273 2183 317 2248 Et
343 2181 449 2247 Alicio
473 2179 553 2245 dicit
575 2178 662 2266 quod
683 2177 869 2244 Willelmus
890 2178 1035 2268 filiuect
1055 2189 1218 2247 warantue
1239 2203 1317 2250 suus

207 2285 348 2351 eiurauit
361 2305 499 2370 regnum
513 2304 571 2368 pro
585 2281 735 2368 nequicia
748 2303 809 2346 sua
823 2289 858 2346 et
872 2281 946 2348 ideo
960 2305 1026 2347 non
1040 2281 1140 2349 debet
1150 2287 1316 2371 expectari

207 2387 286 2473 quia
299 2385 371 2472 ipsa
384 2385 485 2450 habet
499 2383 606 2449 adhuc
621 2405 721 2448 unam
735 2381 854 2447 filiam⁸
869 2390 930 2449 etc.

273 2491 317 2556 Et
352 2489 462 2556 Dauid
497 2489 590 2554 uenit
626 2495 740 2574 postea
769 2495 803 2552 et
832 2495 928 2552 uocat
957 2487 1034 2554 inde
1062 2488 1105 2554 ad
1134 2499 1315 2558 warantum

207 2595 373 2662 Simonem
402 2594 443 2659 dc
472 2591 664 2678 Pinkeniny.
714 2591 846 2656 Habeat
875 2590 910 2656 in
936 2597 1002 2656 tres
1029 2593 1229 2678 septimanae
1258 2617 1317 2682 per

205 2697 364 2764 auxilinm
391 2695 486 2762 curie.
532 2695 609 2760 Post
634 2694 729 2759 uenit
754 2702 789 2758 et
817 2693 926 2759 reddit
955 2694 986 2760 ei
1015 2696 1149 2761 terciam
1179 2705 1315 2783 partem,

207 2801 325 2866 habeat
339 2798 490 2864 eeisinam
505 2818 599 2862 suam
613 2804 674 2860 cte.

191 2943 196 2950 ·
271 2901 394 2968 Eadem
415 2898 523 2964 Alicia
545 2897 667 2983 optulit
692 2919 726 2962 se
750 2896 809 2982 iiij.
831 2896 885 2962 die
912 2919 1025 2962 uersus
1048 2897 1249 2966 Willelmum
1274 2902 1314 2968 dc

206 3005 451 3074 Olarisuellibue
473 3003 514 3069 de
537 3001 657 3088 placito
682 3001 781 3066 tercie
803 3000 906 3086 partia
929 3000 1005 3066 dim.
1028 3001 1109 3090 uirg.
1132 3011 1216 3070 terre
1239 3027 1313 3070 cum

205 3119 285 3198 pert
316 3110 351 3176 in
380 3109 494 3174 aedem
525 3107 605 3171 uilla
640 3127 738 3192 quam
775 3105 894 3170 clamat
931 3105 966 3170 in
1002 3105 1113 3172 dotem
1150 3115 1209 3174 etc
1270 3109 1313 3176 Et

205 3214 389 3282 Willelmus
403 3235 468 3277 non
482 3210 576 3276 uenit
592 3217 651 3274 etc.
667 3216 702 3273 et
716 3207 933 3273 summonitus
948 3218 1008 3274 ete
1369 3283 1372 3290 Ι

269 3317 383 3384 Tereia
395 3339 470 3404 pern
484 3314 631 3401 capiatur
644 3312 680 3377 in
694 3335 828 3377 manum
843 3313 937 3379 Dcm.
953 3314 1054 3401 Regio
1068 3323 1103 3380 et
1117 3315 1187 3382 dies
1202 3325 1262 3384 etc.
1277 3327 1312 3384 et

204 3422 273 3509 ipse
287 3427 532 3488 summoneatur
545 3417 632 3506 quod
646 3416 689 3482 eit
704 3415 764 3480 tali
778 3415 832 3480 die
846 3423 907 3482 etc.

150 3589 156 3603 ,
269 3525 445 3591 ⁴Radulfue
470 3523 558 3588 filius
584 3519 720 3601 Roberti
742 3526 777 3585 et
798 3517 907 3584 Alieia
928 3541 1009 3584 uxor
1030 3519 1100 3586 eius
1122 3523 1312 3590 summoniti
1375 3523 1433 3590 ‘sou

205 3631 337 3698 firerunt
362 3631 405 3698 ad
429 3626 689 3716 respondendum
715 3624 857 3692 Viuiano
878 3622 947 3688 filio
969 3623 1102 3690 Radulfi
1124 3649 1224 3713 quare
1246 3651 1312 3696 non

205 3733 415 3798 warantizant
429 3732 460 3794 ei
470 3732 495 3814 j.
511 3728 691 3814 menagium
711 3749 786 3792 cum
807 3725 939 3814 pertin
962 3725 1091 3792 Oxonia
1112 3727 1198 3814 quod
1220 3737 1312 3796 tenet

206 3845 241 3904 et
263 3835 304 3902 de
326 3833 373 3900 eia
395 3841 506 3898 tenere
530 3831 650 3896 clamat
678 3839 737 3896 etc.
761 3839 796 3896 et
819 3831 906 3896 unde
930 3839 1053 3898 cartam
1077 3853 1188 3896 eorum
1212 3831 1312 3898 habet

205 3947 265 4006 etc.

271 3941 314 4108 dt
328 4040 488 4107 Radnlsue
502 4047 537 4104 et
550 4037 657 4104 Alieia
671 4038 811 4104 ueniunt
825 4047 860 4104 et
874 4039 989 4106 dicunt
1004 4041 1089 4127 quod
1104 4063 1170 4107 non
1188 4039 1310 4108 debent
1359 4053 1400 4104 [18⁷
1409 4055 1436 4104 m

204 4145 235 4212 ei
249 4143 332 4211 illud
351 4141 557 4210 warrantizare
577 4140 655 4226 quia
674 4139 787 4206 eadem
806 4140 914 4206 Alicia
932 4141 1059 4208 nullum
1078 4143 1257 4233 masagium
1278 4145 1310 4210 ei

204 4247 359 4316 concessit
374 4269 432 4312 nec
447 4251 536 4310 carta
550 4243 695 4330 loquitur
712 4243 751 4309 de
772 4265 819 4322 ea,
834 4252 868 4308 et
890 4243 963 4310 ideo
984 4265 1047 4308 non
1067 4248 1140 4312 uult
1160 4249 1308 4314 warenti-

367 4408 375 4438 ¹
393 4407 423 4457 Δ.
435 4422 471 4457 nr.
483 4406 546 4458 aad.
913 4403 924 4435 ²
933 4403 1021 4469 filiam
1031 4405 1160 4467 repeated.

367 4473 497 4523 *Morton
509 4473 636 4537 Pinkney.
911 4469 923 4502 ⁴
939 4472 969 4519 A.
980 4483 1016 4519 m.
1028 4469 1069 4520 82.
1155 4509 1158 4514 .
