3308 5226
365 413 428 478 622
575 429 894 492 plenissmus.
922 417 1013 492 1233,
1036 433 1100 483 su.
1125 416 1262 485 17-18.

199 612 350 708 ffigssffl·
363 613 398 670 et
413 603 517 668 mouit
532 603 563 667 ei
578 602 781 689 questionem
797 612 832 668 et
847 603 1097 668 controuersiam
1110 611 1144 668 et
1156 605 1358 691 presentanit
1371 627 1473 690 queu-

198 707 254 792 ἓξὲξ
261 707 344 792 3333
362 709 437 774 dam
453 707 654 774 Willelmum
669 706 710 773 de
727 707 1034 794 Oauelingewurthe
1054 717 1089 774 et
1108 709 1143 774 in
1164 717 1293 774 tantum
1314 708 1473 795 processit

198 799 340 894 ffiffld
362 812 518 878 intereos
534 812 620 898 quod
635 812 801 899 predictus
815 813 942 878 Alanus
957 813 1113 878 concessit
1128 813 1234 878 eidem
1254 813 1421 878 Willelmo
1441 812 1474 898 ij.

198 893 342 978 fflmspu.
360 917 415 980 soi
431 923 482 980 set
497 915 646 980 nesciunt
661 925 772 980 utrum
787 915 917 980 nomine
933 915 1097 1001 pensionis
1114 917 1167 982 uel
1190 939 1248 1004 pro
1268 917 1352 982 bono
1376 918 1474 1003 pacis,

198 985 333 1118 (ἕέῧῗέοοῃπξ,
361 1027 411 1084 set
426 1019 541 1085 dieunt
555 1019 642 1106 quod
657 1020 822 1105 predictus
837 1021 963 1086 Alanus
983 1021 1092 1086 tenuit
1112 1022 1270 1108 capellam
1289 1021 1379 1086 illam
1401 1030 1475 1086 tota

198 1089 342 1220 fflffiffi·
361 1123 433 1188 uita
455 1147 514 1190 sua
539 1123 638 1189 saluis
663 1123 769 1188 eidem
797 1123 961 1189 Willelmo
990 1124 1055 1189 illis
1083 1125 1210 1190 duobus
1238 1125 1303 1203 sol„
1333 1134 1368 1191 et
1397 1133 1474 1212 post

196 1228 348 1350 iffiffiff...
360 1237 498 1295 mortem
522 1229 610 1293 illius
633 1228 732 1293 Alani
755 1228 848 1293 uenit
871 1227 958 1292 idem
983 1229 1167 1294 Willelmus
1191 1239 1225 1295 et
1249 1230 1358 1316 posuit
1381 1252 1416 1294 se
1437 1230 1472 1294 in

197 1322 348 1408 mm
360 1333 517 1419 capellam
543 1333 633 1396 illam
659 1331 786 1396 racione
812 1330 1031 1417 predictorum
1057 1332 1194 1397 duorum
1221 1333 1286 1410 sol„
1316 1343 1351 1399 et
1380 1333 1472 1397 illam

196 1405 347 1546 ἓξὲξ
361 1437 470 1503 tenuit
484 1445 556 1502 tota
576 1436 648 1502 uita
669 1457 729 1500 sua
751 1435 811 1500 tali
834 1435 938 1514 modo,
958 1443 993 1501 et
1013 1435 1053 1501 de
1074 1459 1230 1502 consensu
1252 1435 1472 1522 predictorum

196 1511 342 1594 ”tunim-
361 1541 492 1606 Radulfi
508 1549 543 1605 et
558 1539 703 1617 Roberti,
717 1539 787 1604 sine
802 1539 862 1604 hoo
877 1539 964 1626 quod
979 1548 1185 1626 presentatus
1199 1549 1284 1605 esset
1304 1541 1346 1606 ab
1360 1541 1473 1626 aliquo

195 1592 331 1726 32:233&
360 1645 578 1732 predictorum
601 1644 658 1730 qui
680 1667 714 1710 se
735 1643 894 1730 gerebant
916 1651 1075 1730 patronos
1120 1643 1165 1708 Et
1187 1643 1395 1708 conuinotum
1420 1653 1472 1708 est

196 1734 337 1866 ffiffi'im
360 1749 446 1834 quod
469 1749 634 1836 predictus
658 1747 818 1813 Badulfus
842 1747 1045 1833 presentauit
1068 1747 1250 1833 predictum
1271 1749 1415 1812 Alauum
1436 1757 1472 1812 et

195 1827 347 1912 mappas
360 1854 444 1940 quod
460 1853 502 1918 ad
517 1853 792 1940 presentaoionem
807 1874 899 1917 suam
915 1852 979 1916 fuit
993 1851 1160 1929 admissus,
1170 1860 1204 1916 et
1215 1851 1293 1938 quia
1304 1852 1472 1938 predictus

195 1920 346 2062 {eurfflffi
360 1958 544 2022 Willelmus
582 1979 749 2043 nunquam
788 1963 994 2042 presentatus
1033 1955 1105 2031 fuit,
1142 1978 1202 2020 neo
1238 1955 1397 2021 admissus
1427 1957 1470 2022 ab

196 2060 346 2147 fflssffl
362 2063 519 2148 Episcopo
543 2062 605 2126 uisi
629 2062 663 2126 in
688 2061 748 2126 hoo
772 2068 902 2125 tantum
927 2059 1013 2146 quod
1037 2081 1072 2124 se
1096 2059 1204 2124 tenuit
1225 2059 1260 2123 in
1274 2060 1400 2145 capella
1413 2061 1472 2124 illa

289 2152 303 2192 ¹·
360 2175 434 2252 post
449 2173 587 2230 mortem
602 2163 701 2230 Alani
715 2163 842 2228 racione
863 2161 1017 2250 predicta,
1041 2162 1289 2228 Consideratum
1311 2163 1471 2248 estquod

360 2269 485 2335 Alanus
500 2268 705 2355 recuperauit
719 2267 870 2332 seisinam
885 2289 986 2344 suam,
1001 2275 1037 2332 et
1052 2267 1174 2352 Symou
1189 2267 1224 2331 in
1242 2267 1472 2346 misericordia,

360 2382 395 2438 et
409 2375 535 2438 Alanus
549 2373 669 2438 habeat
683 2373 783 2438 breue
798 2371 839 2436 ad
856 2371 1051 2457 Episcopum
1062 2370 1325 2458 Wygomensem.

237 2495 308 2556 814,
424 2477 576 2542 'Matillis
591 2499 655 2563 que
670 2476 734 2541 fuit
749 2499 831 2540 uxor
845 2475 996 2562 Hugonis
1011 2474 1163 2541 Ohauuin
1183 2497 1242 2560 per
1263 2483 1470 2540 attumatum

244 2594 302 2642 tare
359 2603 454 2646 suum
484 2581 570 2667 petit
599 2603 712 2646 uersus
742 2581 916 2668 Hugouem
946 2580 987 2645 de
1017 2579 1150 2665 Moruyo
1179 2579 1313 2644 terciam
1340 2589 1470 2666 partem

359 2686 497 2751 duarum
513 2685 593 2773 uirg.
611 2694 696 2750 tene
712 2693 747 2750 et
756 2685 782 2772 j
797 2686 874 2749 mes'
889 2705 963 2749 cum
979 2691 1059 2770 pert
1075 2683 1109 2747 in
1130 2683 1280 2748 Morewio
1295 2693 1334 2748 ut
1356 2685 1470 2750 dotem

359 2811 450 2855 suam
466 2799 525 2856 ete.

424 2895 484 2958 'Et
500 2894 636 2958 Matillis
650 2915 709 2980 per
722 2900 923 2958 attornatum
939 2913 1035 2956 suum
1050 2890 1130 2956 dicit
1145 2891 1256 2978 qu0d³.

425 2999 470 3063 Et
486 2999 585 3086 Hugo
600 2998 693 3062 uenit
708 3005 743 3062 et
757 2996 933 3083 dicitquod
944 3019 1008 3060 non
1020 2995 1118 3060 debet
1129 2996 1205 3061 inde
1216 2995 1325 3061 dotem
1339 2997 1470 3078 habere,

359 3103 437 3190 quia
465 3101 630 3188 predictus
660 3101 759 3188 Hugo
789 3101 951 3187 Chauuyn
981 3123 1046 3164 non
1077 3100 1185 3164 tenuit
1220 3108 1339 3166 terram
1376 3103 1468 3168 illam

359 3207 412 3274 die
427 3231 491 3295 quo
506 3208 594 3272 illam
610 3206 829 3293 desponsauit,
845 3227 905 3271 neo
920 3227 1064 3291 unquam
1079 3213 1194 3291 postea
1215 3205 1324 3271 tenuit
1345 3215 1468 3272 terram

358 3311 458 3390 illam,
468 3311 547 3398 quia
561 3311 601 3376 xl.
617 3311 711 3376 annis
725 3319 901 3397 antequam
916 3309 1110 3396 desponsata
1124 3319 1209 3375 esset
1224 3319 1258 3375 et
1273 3333 1312 3375 eo
1325 3311 1469 3398 amplius

358 3438 422 3482 nou
443 3415 551 3480 tenuit
570 3415 626 3480 ille
648 3423 767 3480 terram
791 3414 890 3491 illam,
914 3414 992 3500 quia
1015 3413 1147 3501 quidam
1173 3414 1360 3480 Lodowicus
1383 3439 1469 3481 auus

357 3543 435 3585 suus
457 3520 546 3586 illam
570 3519 679 3584 tenuit
700 3527 735 3584 et
753 3518 846 3584 heres
860 3541 947 3596 suus,
963 3527 998 3583 et
1012 3518 1058 3584 sio
1072 3519 1113 3583 de
1129 3519 1247 3584 herede
1262 3519 1297 3583 in
1312 3519 1467 3586 heredem

197 3675 253 3716 No„
275 3679 317 3718 uod
357 3647 459 3712 usque
474 3624 517 3690 ad
531 3624 631 3689 istum
647 3623 831 3710 Hugonem.

196 3728 327 3819 ξξζᾎζῑξξ
424 3731 467 3794 Et
493 3729 628 3794 Matillis
653 3751 712 3814 per
735 3734 938 3792 attor-natum
965 3748 1060 3792 suum
1087 3726 1181 3791 uenit
1206 3735 1241 3792 et
1267 3726 1348 3792 dicit
1377 3728 1467 3814 quod

193 3818 335 3906 iiiiii&
357 3834 491 3920 quidam
506 3833 692 3898 Lodowious
710 3833 751 3897 de
771 3831 945 3896 Pikewella
968 3830 1077 3894 tenuit
1097 3838 1216 3895 temam
1237 3830 1333 3895 istam
1356 3839 1395 3895 ut
1415 3832 1468 3897 ius

194 3876 335 4052 &iiii
357 3961 451 4004 suum
483 3946 518 4003 et
547 3938 637 4002 illam
666 3935 816 4002 uendidit
845 3935 974 4000 cuidam
1003 3935 1146 4000 Roberto
1184 3933 1345 4020 Chauuyn
1379 3937 1468 4021 patri

193 4051 345 4138 ffig‘fflg·
358 4043 509 4131 Hugouis
524 4041 686 4129 quondam
704 4039 790 4105 uiro⁸
812 4040 914 4126 ipsius
938 4039 1117 4118 Matillidis,
1138 4047 1172 4104 et
1192 4039 1278 4104 idem
1302 4039 1469 4106 Robertus

193 4143 337 4240 fflmss
356 4147 431 4213 inde
447 4147 529 4212 obiit
543 4145 681 4222 saisitus,
697 4153 731 4210 et
746 4153 820 4231 post
834 4145 941 4231 ipsum
953 4143 1133 4209 Robertum
1146 4143 1255 4209 tenuit
1265 4143 1352 4209 idem
1365 4145 1469 4233 Hugo

193 4235 249 4274 nult
256 4241 312 4284 pont-

192 4291 256 4328 quarn
264 4281 299 4323 de·
