3360 5236
514 413 656 498 tumui,
679 436 741 484 nn.
767 423 860 497 1233,
883 435 947 486 nn.
972 422 1021 490 17.
1262 425 1324 489 569

219 631 294 674 oues
309 617 343 675 et
358 609 461 675 eciam
476 609 654 695 predictam
670 616 800 686 terrem,
815 616 866 674 set
885 607 926 673 de
947 609 1007 674 hoc
1028 607 1114 695 quod
1136 608 1217 675 dicit
1239 611 1326 697 quod

218 713 355 777 attrahit
377 721 412 776 et
433 710 593 798 recolligit
615 710 727 776 euerie
747 710 884 776 eliorum
906 711 1075 777 hominum
1098 713 1233 778 alterius
1254 713 1327 779 reli-

217 815 322 902 gionie
343 815 424 880 dicit
445 815 532 902 quod
555 815 683 880 nullum
707 815 846 880 attrahit
871 838 931 880 nec
957 815 1117 902 recolligit
1142 825 1177 881 et
1199 817 1328 903 penitet

218 941 293 984 eum
313 920 400 1006 quod
419 920 529 1006 alique
547 920 718 985 recollecto
736 927 814 985 sunt
833 919 889 997 ibi,
904 926 938 984 et
958 917 1038 984 dicit
1059 918 1146 1005 quod
1165 942 1230 984 non
1251 928 1328 985 sunt

218 1043 275 1107 per
296 1045 372 1086 eum
394 1023 573 1100 recollecta,
593 1030 643 1086 set
665 1044 725 1108 per
745 1021 907 1108 quondam
930 1022 1095 1108 Agnetem
1118 1021 1158 1087 de
1181 1022 1328 1088 Norbam

218 1144 281 1208 que
303 1130 422 1187 temam
446 1121 582 1188 liberem
604 1129 697 1187 tenet
722 1121 757 1186 in
784 1120 898 1186 eadem
921 1120 1009 1198 uilla,
1033 1129 1067 1185 et
1093 1120 1134 1185 de
1159 1121 1219 1186 hoc
1243 1122 1329 1208 quod

219 1225 298 1291 dicit
313 1225 414 1312 quod¹
430 1248 634 1292 communem
649 1225 685 1289 in
699 1225 844 1311 predicto
858 1225 954 1290 bosco
968 1225 1049 1290 dicit
1064 1225 1151 1290 idem
1167 1227 1329 1292 Robertus

218 1327 304 1412 quod
318 1328 441 1394 nullam
456 1328 504 1392 ibi
518 1327 637 1392 hebere
652 1327 751 1393 debet
765 1349 825 1392 nec
839 1350 984 1412 unquam
1000 1329 1117 1394 hebuit
1131 1352 1190 1415 per
1204 1339 1327 1396 certam

217 1431 307 1496 illam
329 1440 364 1496 et
386 1430 462 1494 inde
484 1430 576 1517 ponit
598 1452 632 1494 ee
655 1451 752 1516 super
773 1431 919 1515 patriam
966 1431 1011 1495 Et
1034 1431 1111 1516 quie
1136 1432 1248 1497 Abbae
1269 1455 1328 1518 per

218 1539 419 1598 attomatum
429 1555 524 1598 suum
533 1531 696 1620 cognoscit
708 1531 793 1618 quod
805 1532 916 1597 eueric
926 1531 1095 1596 hominum
1106 1533 1327 1620 religiosorum

218 1657 283 1700 non
304 1642 382 1700 sunt
403 1635 573 1700 recollecto
595 1656 655 1720 per
679 1634 786 1720 ipsum
813 1634 993 1700 Robertum
1016 1634 1117 1700 immo
1139 1657 1198 1722 per
1222 1636 1326 1722 ipsam

219 1740 391 1826 Agnetem‚
408 1737 656 1805 consideratum
679 1745 729 1802 est
751 1735 838 1822 quod
859 1736 1023 1801 Robertus
1042 1735 1118 1802 inde
1138 1737 1270 1823 quietus
1292 1746 1326 1802 et

219 1842 330 1907 Abbee
344 1841 379 1912 in
394 1839 618 1904 misericordie.
638 1837 642 1926 Ι

284 1946 328 2010 Et
343 1945 455 2010 Abbee
469 1967 527 2031 per
541 1953 743 2010 attornetum
758 1967 854 2010 suum
870 1943 951 2010 dicit
966 1945 1053 2032 quod
1063 1945 1111 2011 ibi
1121 1967 1326 2011 communem

221 2049 338 2114 hebere
360 2048 459 2112 debet
481 2055 516 2112 et
538 2047 624 2133 petit
646 2047 803 2112 iudicium
824 2046 951 2111 deeicut
966 2047 1087 2133 ubique
1102 2049 1192 2112 illem
1206 2048 1326 2115 habere

220 2153 318 2218 debet
332 2160 367 2216 et
381 2151 495 2216 boscus
510 2151 564 2216 ille
580 2151 615 2215 in
630 2159 719 2216 certa
733 2174 798 2216 non
813 2151 982 2237 excipitur,
997 2160 1032 2216 et
1052 2151 1132 2217 dicit
1154 2152 1240 2239 quod
1263 2153 1326 2218 fuit

219 2257 253 2323 in
279 2257 397 2322 eeisina
423 2257 463 2322 de
489 2265 624 2342 pastura
648 2255 682 2320 in
709 2254 822 2320 eodem
848 2255 943 2320 bosco
968 2263 1003 2320 et
1029 2255 1069 2320 de
1096 2255 1255 2321 eetouerio
1284 2254 1326 2320 od

219 2361 357 2427 husbote
372 2369 407 2426 et
421 2360 570 2446 heybote.

117 2477 167 2538 ¹,
284 2463 472 2530 Gilcbertue
501 2462 636 2528 Bneset'
664 2461 881 2527 nummonitus
909 2461 973 2527 suit
998 2461 1041 2528 ed
1066 2461 1324 2548 respondendum
1436 2476 1456 2506 ⁰·

220 2569 313 2634 Dom.
334 2568 418 2653 Regi
440 2589 504 2654 quo
523 2576 666 2632 waranto
687 2590 722 2632 sc
743 2575 836 2633 tenet
858 2567 892 2630 in
913 2566 1055 2630 manerio
1077 2565 1119 2630 de
1142 2565 1325 2652 Uphnuene

220 2671 305 2758 quod
327 2671 422 2736 Dom.
438 2671 470 2735 J.
493 2671 564 2734 Rex
584 2679 679 2756 peter
700 2671 793 2736 Dom.
814 2669 914 2756 Regis
937 2668 1028 2734 dedit
1052 2669 1148 2734 Petro
1172 2671 1213 2736 dc
1239 2671 1326 2736 Melo

220 2777 307 2841 Lacu
322 2776 406 2840 sicut
421 2797 479 2861 per
493 2775 716 2840 testimonium
732 2773 966 2860 fidedignorum
981 2773 1117 2839 audiuit

283 2880 327 2944 Et
346 2878 532 2944 Gilebertus
552 2879 646 2942 uenit
667 2887 702 2942 et
724 2878 804 2943 dicit
827 2878 912 2964 quod
934 2885 1007 2964 post
1028 2899 1179 2964 guerram
1202 2885 1323 2943 motem

220 2985 306 3050 inter
319 2985 350 3049 J.
367 2985 490 3072 Regem
506 2991 632 3070 patrem
649 2984 744 3048 Dom.
761 2984 861 3070 Regis
876 2991 910 3049 ct
929 2983 1065 3048 barones
1086 2982 1209 3068 placuit
1231 2983 1324 3048 Dom.

219 3087 303 3175 Regi
327 3087 384 3173 qui
409 3109 496 3152 nunc
519 3095 569 3152 est
591 3095 626 3152 et
647 3088 780 3153 coneilio
805 3111 862 3153 suo
889 3089 991 3153 fecere
1017 3087 1262 3172 inquisicionem
1284 3086 1325 3152 de

219 3191 360 3256 excoctis
385 3189 453 3255 euie
477 3190 513 3255 in
535 3198 710 3267 tenesne,
733 3190 903 3255 etdetum
930 3191 994 3255 fuit
1018 3190 1049 3256 ei
1073 3189 1215 3276 intelligi
1239 3191 1325 3276 quod

219 3295 399 3359 manerium
423 3294 464 3358 de
490 3295 697 3381 Huphauene
722 3293 836 3359 debuit
858 3317 926 3359 esee
949 3307 1076 3359 esceete
1097 3315 1156 3358 sua
1175 3293 1216 3358 de
1232 3295 1326 3360 terris

219 3397 489 3475 Normnnnmnm,
511 3419 570 3484 per
590 3397 677 3484 quod
700 3396 777 3461 fecit
800 3396 997 3461 summoneri
1019 3397 1152 3460 Petrum
1175 3396 1215 3461 de
1239 3397 1325 3462 Melo

219 3499 306 3563 Lacu
329 3499 386 3585 qui
408 3508 487 3565 tunc
509 3501 618 3566 tenuit
639 3499 820 3565 manerium
835 3499 918 3564 illud
932 3499 974 3563 ed
988 3497 1246 3584 respondendum
1262 3523 1326 3586 quo

218 3607 360 3664 weranto
376 3601 484 3664 tenuit
499 3601 679 3666 manerium
695 3599 786 3676 illud,
795 3599 851 3685 qui
863 3620 921 3683 per
931 3598 1218 3664 summonicionem
1232 3601 1326 3664 uenit

219 3725 324 3766 coram
347 3703 440 3767 Dom.
458 3704 549 3792 Rege
570 3715 604 3770 et
626 3704 779 3792 cognouit
802 3703 888 3791 quod
911 3702 1019 3766 tenuit
1041 3703 1221 3767 manerium
1242 3703 1325 3768 illud

218 3829 258 3871 ex
288 3807 386 3872 ballio
416 3807 508 3873 Dom
533 3809 563 3874 J.
586 3809 687 3896 Regis
717 3807 820 3894 petris
846 3805 896 3872 sui
926 3805 968 3870 ad
994 3805 1199 3870 uoluntatem
1224 3828 1325 3882 suem,

219 3919 253 3974 et
272 3909 355 3974 illud
376 3911 518 3976 reddidit
540 3913 633 3978 Dom.
650 3911 734 3999 Regi
756 3911 798 3977 ad
820 3909 1000 3976 faciendam
1023 3909 1098 3974 inde
1120 3910 1325 3975 uoluntatem

251 4045 261 4078 ¹
279 4046 378 4108 Supply
389 4047 460 4097 debet
472 4049 569 4098 tatere.
795 4048 946 4110 ledtoopen
953 4047 1101 4097 homilitico.
1124 4046 1180 4096 The
1189 4045 1325 4108 insurgent

251 4110 262 4142 ¹
277 4111 299 4158 Δ
316 4125 374 4160 cece
390 4111 418 4160 of
440 4127 511 4162 some
533 4113 693 4175 importunos
716 4111 745 4163 in
796 4113 892 4164 barone
903 4113 1030 4163 delivered
1041 4113 1146 4162 Hubert
1157 4111 1224 4161 from
1234 4111 1324 4175 prison

218 4174 330 4238 English
341 4175 449 4238 history.
485 4177 539 4226 The
550 4177 612 4239 king
623 4178 681 4227 who
693 4178 746 4228 hed
797 4179 850 4229 and
861 4177 970 4241 reveged
981 4177 1026 4228 the
1037 4177 1113 4227 lende
1125 4177 1153 4226 ol
1164 4177 1325 4238 Segrevethe

219 4239 618 4304 dismissedHubcrtdeBurgh,
632 4243 747 4293 ondens
796 4243 921 4306 justicier.
955 4243 1108 4304 Ultimetely
1121 4241 1165 4290 the
1181 4241 1244 4304 king
1258 4256 1324 4304 gere

219 4305 302 4354 nuder
318 4304 362 4354 the
379 4304 507 4356 intluenoe
523 4308 552 4357 ol
571 4308 624 4357 Des
645 4307 747 4358 Rcchee
797 4323 861 4371 wey,
872 4307 925 4358 end
936 4307 1074 4358 dismissed
1086 4307 1195 4369 Segreve
1211 4305 1264 4357 end
1279 4307 1324 4356 the

220 4369 272 4420 end
283 4369 358 4419 other
369 4371 519 4433 foreigners,
531 4373 592 4421 took
603 4373 646 4422 the
654 4387 747 4423 monor
798 4372 888 4422 aliene.
921 4373 973 4422 For
995 4371 1039 4424 the
1061 4371 1147 4434 coquel
1175 4386 1217 4423 see
1244 4371 1324 4422 below

219 4435 247 4484 ol
258 4435 443 4498 Upcvonlrom
451 4436 550 4487 Gilbert
559 4437 659 4486 Bnnset.
683 4437 746 4488 This
799 4438 854 4488 MS.
867 4439 885 4487 l.
899 4438 955 4488 12⁷.
