3308 5226
375 453 439 520 stt
677 462 905 527 1111101011.
930 448 1024 525 1234,
1046 461 1109 512 111,
1133 451 1182 511 18.

372 643 518 722 tempore
547 633 648 722 Regis
676 633 815 710 Ricardi,
845 639 880 698 et
910 640 1055 718 tempore
1084 631 1184 718 Regis
1219 628 1387 706 Johannis,
1418 628 1486 693 scil.

374 738 490 804 Comes
505 739 605 824 Hugo
620 759 702 802 auus
717 759 795 802 suus
810 743 844 800 et
860 735 977 801 0011100
992 735 1139 822 Rogerus
1154 742 1249 820 pater
1262 755 1341 798 suus
1355 740 1390 796 et
1404 731 1486 816 ipse,

373 850 407 906 et
437 841 523 927 quod
552 841 620 927 ipse
646 841 695 905 ita
719 839 836 926 piscari
862 839 961 904 debet
987 847 1021 904 et
1048 863 1122 904 cum
1148 840 1219 924 ipso
1242 837 1373 902 Abbate
1399 835 1488 900 inter

372 946 533 1032 predictas
547 945 678 1022 diuisas,
694 945 787 1031 ponit
803 967 836 1010 se
852 967 950 1031 super
964 943 1113 1030 patriam.
1158 943 1249 1008 Dicit
1271 942 1375 1007 eciam
1398 939 1487 1026 quod

374 1071 485 1114 omnes
500 1056 717 1114 antecessores
732 1049 783 1112 sui
798 1048 949 1113 obierunt
965 1047 1041 1112 inde
1057 1045 1209 1112 seisitus'.

439 1152 482 1216 Et
511 1152 624 1216 Abbas
649 1151 743 1215 uenit
769 1159 804 1216 et
830 1149 976 1215 defendit
1002 1150 1154 1215 seisinam
1180 1149 1283 1236 ipsius
1307 1148 1428 1235 Rogeri
1450 1156 1486 1212 et

372 1256 455 1320 bene
481 1255 562 1320 dicit
588 1255 675 1342 quod
700 1277 760 1320 nec
786 1253 871 1340 ipse¹
893 1277 953 1318 nec
977 1263 1194 1319 antecessores
1219 1253 1270 1318 sui
1295 1253 1342 1317 ibi
1368 1251 1487 1338 piscari

372 1358 494 1423 debent
519 1382 579 1424 1100
606 1359 720 1436 solent,
744 1380 804 1422 nec
829 1357 898 1444 ipse
926 1357 1043 1422 Comes
1067 1357 1209 1444 aliquam
1233 1355 1308 1420 inde
1334 1354 1486 1420 saisinam

373 1462 498 1540 habuit,
512 1463 575 1528 nisi
590 1485 649 1550 per
662 1461 841 1548 predictam
857 1462 925 1526 uim
946 1484 1045 1548 quam
1065 1461 1134 1547 ipse
1155 1459 1232 1526 fecit
1252 1467 1288 1524 et
1307 1458 1394 1523 unde
1415 1457 1485 1544 ipse

374 1567 486 1632 Abbas
500 1589 587 1631 nunc
602 1565 756 1652 queritur.

440 1667 558 1732 Postea
572 1667 665 1731 uenit
680 1667 791 1730 Abbas
807 1673 841 1730 et
856 1665 1038 1752 dicitquod
1058 1665 1261 1752 predecessor
1280 1687 1359 1730 suus
1373 1663 1487 1728 Abbas

375 1770 575 1857 Reginaldus
601 1769 664 1834 fuit
690 1770 821 1834 saisitus
846 1771 886 1834 de
913 1771 1027 1835 eadem
1054 1771 1191 1856 piscaria
1213 1778 1358 1855 tempore
1384 1766 1487 1854 Regis

374 1873 429 1938 aui
453 1881 487 1937 et
513 1881 657 1958 tempore
682 1872 782 1958 Regis
805 1871 937 1937 Ricardi
962 1881 997 1937 et
1020 1873 1121 1959 Regis
1146 1871 1314 1949 Johannis‚
1336 1871 1420 1935 sicut
1443 1869 1485 1933 de

374 1976 510 2062 piscaria
538 1976 595 2040 illa
624 1999 688 2062 que
717 1975 782 2041 fuit
810 1976 989 2062 separabile
1015 1999 1111 2041 suum
1137 1977 1207 2041 sine
1234 1997 1405 2040 communa
1429 1973 1486 2038 uel

373 2079 552 2166 piscacione
589 2102 687 2166 quam
724 2079 810 2144 idem
849 2079 965 2146 Comes
1002 2081 1055 2144 uel
1092 2079 1210 2168 aliquis
1245 2087 1485 2144 antecessorum

374 2183 519 2248 tuomm⁸
534 2184 581 2248 ibi
596 2185 738 2250 haberet

439 2289 482 2353 Et
505 2288 622 2355 Comes
645 2289 705 2354 hoe
731 2297 839 2354 totum
863 2289 1009 2356 defendit
1033 2297 1068 2355 et
1094 2289 1187 2376 ponit
1213 2311 1247 2353 se
1272 2288 1308 2352 in
1331 2307 1486 2372 magnam

372 2391 505 2456 assisam
527 2392 620 2456 Dom.
644 2392 752 2479 Regis,
776 2400 810 2457 et
833 2393 919 2479 petit
945 2391 1155 2480 recognitur'‘
1178 2391 1257 2470 fieri,
1280 2400 1392 2456 utrum
1414 2391 1485 2475 ipse

373 2493 478 2558 maius
501 2493 553 2558 ius
578 2494 698 2558 habeat
720 2494 866 2580 piscandi
887 2495 922 2560 in
944 2496 1082 2582 piscaria
1102 2495 1160 2559 illa
1181 2494 1278 2558 simul
1300 2516 1374 2559 curn
1397 2491 1487 2557 dicto

372 2597 512 2675 abbate,
535 2621 577 2663 an
604 2598 691 2663 idem
713 2599 826 2664 Abbas
848 2599 983 2664 tenendi
1004 2599 1175 2684 piscariam
1197 2599 1287 2662 illam
1309 2595 1487 2683 separatim

372 2701 441 2766 sine
457 2723 628 2766 communa
643 2723 740 2788 quam
757 2702 844 2766 idem
862 2703 978 2768 Comes
993 2703 1112 2768 habere
1128 2702 1247 2767 debeat
1261 2701 1346 2766 inira
1363 2700 1487 2765 diuisas

372 2805 541 2890 predictas,
558 2813 592 2869 et
607 2805 635 2870 si
649 2805 815 2891 predictus
835 2805 947 2871 Abbas
967 2805 1168 2894 Reginaldus
1190 2806 1245 2871 uel
1267 2806 1350 2870 alius
1372 2805 1487 2870 Abbas

372 2932 515 2996 unquam
546 2909 747 2995 temporibus
776 2909 996 2995 predictorum
1026 2910 1156 2996 Regum
1186 2909 1357 2994 piscariam
1392 2909 1486 2974 illam

372 3014 480 3078 tenuit
495 3021 530 3078 et
544 3013 660 3078 habuit
675 3013 849 3099 separatim
866 3013 935 3078 sine
956 3035 1130 3078 commune
1148 3036 1247 3099 quam
1267 3022 1486 3079 antecessores

371 3116 474 3202 ipsius
504 3117 642 3183 Comitis
671 3117 858 3182 habuerunt
887 3125 922 3182 et
948 3117 1080 3181 interim
1110 3125 1278 3182 remaneat
1307 3117 1424 3184 Comes
1450 3118 1488 3182 in

372 3221 491 3286 saisina
505 3220 545 3285 de
561 3221 756 3286 communa⁶.

439 3324 560 3390 Oecilia
585 3325 625 3390 de
654 3325 847 3390 Stradeset'⁶
869 3325 1012 3391 Priorem
1036 3325 1217 3412 Hospitalis
1239 3325 1429 3391 Jerosolime
1451 3325 1489 3390 in

277 3463 289 3492 ο
372 3427 494 3514 Anglia
509 3451 605 3513 quem
621 3428 805 3493 Bernardus
817 3429 932 3494 Mader
946 3439 981 3494 et
993 3431 1113 3516 Ayluia
1127 3438 1233 3496 mater
1247 3430 1318 3495 eius
1333 3438 1429 3494 uocat
1443 3429 1488 3494 ad

372 3539 552 3596 warantum
575 3540 609 3596 et
631 3531 688 3618 qui
710 3532 757 3596 eis
778 3535 968 3598 warantizat
987 3533 1052 3619 viij.
1072 3557 1133 3599 001.
1150 3543 1236 3599 terre
1257 3557 1332 3598 oum
1352 3541 1434 3620 pert.
1450 3535 1487 3598 in

372 3635 543 3722 Wigehale
558 3643 596 3700 ut
611 3635 662 3700 ius
681 3659 776 3700 suum
797 3645 831 3700 et
852 3637 887 3701 in
907 3659 987 3723 quas
1009 3661 1075 3702 non
1097 3638 1197 3703 habet
1219 3639 1400 3725 ingressum
1421 3639 1489 3704 nisi

371 3759 429 3824 per
443 3739 585 3808 Alanum
601 3740 764 3825 quondam
780 3741 888 3810 uirum
903 3763 1000 3806 suum
1015 3741 1056 3806 de
1077 3765 1141 3828 quo
1161 3741 1227 3808 iam
1248 3765 1307 3827 per
1325 3741 1486 3809 iudicium

371 3842 503 3908 ecclesie
518 3852 669 3929 separata
684 3853 741 3908 est.

436 3947 479 4011 Et
502 3948 593 4012 Prior
614 3971 673 4034 per
694 3957 896 4014 attomatum
920 3973 1016 4014 suum
1043 3951 1136 4014 uenit
1162 3958 1196 4015 et
1220 3957 1316 4015 uocat
1341 3949 1417 4015 inde
1442 3951 1487 4016 ad

369 4059 548 4116 warantum
569 4052 751 4117 Robertum
771 4052 875 4116 filium
895 4053 1027 4119 Ricardi
1046 4077 1106 4141 per
1119 4063 1242 4119 cartam
1257 4053 1369 4119 suum*
1384 4077 1486 4142 quam

401 4221 411 4254 ¹
430 4222 501 4271 Gorr.
512 4225 605 4273 0010111.
951 4227 1066 4286 trespass
1077 4222 1101 4271 is
1112 4222 1267 4280 notioeablar
1284 4221 1332 4272 but
1341 4222 1387 4272 the
1397 4224 1485 4286 plain·

402 4287 472 4336 ²uec
484 4287 676 4350 ipsempeated.
952 4287 994 4336 1111
1015 4303 1100 4338 seems
1121 4291 1149 4338 to
1169 4287 1235 4337 have
1254 4288 1318 4336 been
1338 4287 1430 4338 driven
1454 4295 1482 4341 to

402 4349 413 4382 ³
429 4351 501 4400 Oorr.
512 4367 620 4402 suorum.
950 4353 1027 4416 plead
1038 4368 1074 4403 an
1085 4352 1191 4402 ancient
1201 4352 1290 4403 seisirr.

401 4415 716 4479 ι(1011.νεειημιὲσίονιιπι.
983 4417 1294 4482 ‘Supplypeuruenm

401 4481 411 4513 ⁵
429 4479 493 4530 This
504 4481 586 4544 grand
597 4483 681 4533 000110
690 4483 718 4532 in
729 4498 765 4534 an
776 4481 864 4533 action
874 4483 901 4532 ol
984 4483 994 4516 ⁷
1012 4482 1064 4534 sto.
