3314 5238
476 459 711 518 urrunnun.
737 445 830 520 1231,
853 459 916 509 aa.
940 449 989 509 15.
1224 451 1283 512 461

170 649 245 714 pore
269 629 376 715 ipsius
401 630 474 696 Ade
494 633 570 718 quia
591 631 757 717 predictus
779 631 853 696 Ada
874 631 955 696 obiit
977 631 1053 696 inde
1075 631 1204 696 scisitus
1227 639 1285 696 etc.

169 731 303 797 Reconl'
320 734 456 819 plenius
470 743 521 799 est
535 734 570 798 in
585 735 690 798 rotulo
702 734 710 764 ¹
727 743 785 799 etc.

231 836 256 900 J
257 845 412 902 imatores
427 837 541 901 dicunt
557 836 642 922 quod
657 835 822 922 predictus
837 836 911 901 Ada
925 845 1019 922 peter
1033 837 1135 924 ipsius
1149 837 1287 902 Walteri

167 938 250 1002 obiit
269 940 351 1004 inde
376 941 509 1006 seisitus
531 949 569 1006 ut
591 941 632 1005 de
648 941 740 1006 feodo
763 949 797 1006 et
816 941 901 1026 quod
923 941 1088 1027 predictus
1110 941 1287 1007 Nicholaus

167 1050 261 1128 pater
275 1043 387 1130 ipsius
402 1045 575 1132 Reginaldi
591 1045 718 1108 nullum
734 1044 823 1108 aliud
838 1044 889 1108 ius
904 1067 964 1108 nec
984 1043 1085 1108 alium
1106 1043 1286 1131 ingressum

167 1144 285 1209 habuit
316 1146 355 1210 in
389 1155 509 1211 terram
539 1147 629 1211 illam
659 1146 722 1210 nisi
748 1168 806 1232 per
830 1145 1012 1231 predictum
1040 1145 1219 1210 Robertum
1245 1147 1285 1212 de

167 1247 295 1313 Pridias
311 1251 373 1335 qui
390 1250 466 1314 inde
481 1273 545 1313 non
561 1249 677 1314 habuit
693 1250 755 1314 nisi
770 1249 951 1314 custodiam
966 1272 1040 1314 cum
1056 1249 1125 1336 ipso
1141 1251 1286 1317 Waltero

165 1347 244 1414 dum
267 1350 363 1416 idem
380 1352 546 1416 Walterus
562 1351 625 1415 fuit
646 1351 680 1414 in
701 1351 848 1415 custodia
867 1359 902 1415 et
922 1352 1006 1416 infra
1025 1361 1155 1418 etatem.
1201 1353 1285 1420 Con·

166 1453 353 1520 sideratum
374 1455 526 1542 estquod
546 1455 711 1541 predictus
726 1455 891 1520 Walterus
911 1457 1116 1542 recuperauit
1135 1457 1285 1522 seisinam

166 1580 261 1622 suam
280 1569 318 1624 et
334 1560 540 1647 Reginaldus
554 1561 589 1624 in
604 1559 829 1626 misericordia.

69 1661 78 1674 '
116 1705 122 1719 ·
232 1660 449 1728 'Willelmus
468 1663 602 1728 Musard
621 1663 707 1749 petit
730 1685 842 1727 uersus
865 1663 1040 1728 Ricardum
1065 1664 1285 1730 camerarium
1364 1689 1404 1719 ου·

167 1763 303 1828 feodum
320 1765 452 1830 dimidii
471 1766 586 1830 militis
605 1789 679 1830 cum
702 1773 783 1851 pert.
799 1767 832 1828 in
854 1766 1035 1832 Gosenhale
1058 1777 1096 1832 ut
1118 1769 1169 1834 ius
1190 1791 1285 1833 suum

168 1868 254 1932 etin
270 1869 544 1955 quodpredictus
564 1869 722 1934 Ricardus
743 1889 808 1933 non
829 1869 929 1934 habet
950 1871 1131 1957 ingressum
1152 1872 1214 1936 nisi
1229 1893 1287 1958 per

170 1971 387 2057 Stephanum
417 1971 579 2058 quondam
610 1971 879 2038 Cantuariensem
909 1973 1196 2060 Archiepiscopurn
1233 1974 1285 2038 cui

170 2074 265 2142 Dom.
295 2075 372 2140 Rex
395 2075 479 2140 illud
501 2075 658 2140 concessit
682 2075 867 2140 habendum
892 2098 950 2162 per
975 2100 1078 2142 unum
1104 2099 1226 2142 annum
1251 2085 1286 2141 et

166 2178 190 2263 j.
213 2179 306 2244 diem
339 2188 512 2266 postquam
538 2179 679 2245 Isabella
703 2180 836 2246 Musard
860 2189 983 2246 rettata
1008 2181 1091 2246 fuit⁸
1116 2182 1156 2248 de
1182 2189 1285 2246 morte

172 2275 313 2348 Roberti
343 2284 460 2350 Clerici
482 2283 588 2370 fugit⁴
610 2283 692 2348 illud
715 2285 823 2349 tenuit
846 2285 886 2350 de
910 2285 1048 2350 Ricardo
1070 2285 1202 2350 Musard
1223 2308 1285 2351 auo

173 2389 315 2474 predicti
339 2389 495 2454 Willelmi
521 2389 614 2454 cuius
636 2389 728 2453 heres
750 2389 819 2475 ipse
842 2398 892 2454 est
911 2389 916 2474 Ι
936 2389 993 2475 qui
1016 2397 1095 2454 tunc
1117 2389 1181 2454 fuit
1202 2389 1287 2454 infre

173 2500 300 2558 etatem
320 2502 355 2558 et
377 2492 419 2558 ed
441 2515 538 2579 quem
553 2491 682 2558 feodum
706 2492 787 2558 illud
808 2501 881 2578 post
903 2493 1085 2578 predictum
1107 2515 1228 2557 annum
1252 2501 1286 2558 et

172 2595 260 2660 diem
277 2595 474 2661 descendere
490 2595 605 2659 debuit
620 2602 776 2679 tanquam
792 2593 943 2658 eschaeta
957 2615 1016 2658 sua
1031 2603 1089 2658 eto.

240 2699 286 2764 Et
302 2697 462 2762 Ricardus
482 2698 574 2762 uenit
593 2705 627 2761 et
646 2696 827 2783 dicitquod
848 2697 972 2761 nullam
994 2706 1114 2762 terram
1138 2707 1230 2784 tenet
1252 2698 1286 2764 in

176 2803 362 2868 Gosenhale
385 2803 448 2867 nisi
470 2811 600 2867 tantum
623 2825 650 2866 v.
675 2825 736 2866 acr.
760 2801 801 2866 de
824 2801 995 2888 maritagio
1017 2802 1125 2868 uxoris
1147 2825 1204 2868 sue
1226 2825 1286 2868 nec

175 2907 322 2994 aliquam
348 2914 467 2971 terram
491 2928 550 2970 nec
576 2905 706 2970 feodum
731 2913 823 2970 tenet
848 2927 907 2990 per
934 2906 965 2970 S.
990 2905 1286 2993 Archiepiscopum,

176 3019 226 3075 set
246 3033 365 3076 reuera
386 3017 478 3074 tenet
500 3009 629 3074 feodum
652 3007 763 3072 dimid
787 3008 902 3072 militis
924 3007 958 3072 in
981 3009 1130 3074 Hecche⁶
1145 3017 1179 3074 et
1200 3011 1286 3096 petit

177 3113 337 3178 iudicium
352 3113 380 3176 si
394 3112 512 3178 debeat
528 3115 558 3178 ei
574 3112 765 3199 respondere
777 3111 903 3176 desicut
917 3112 1016 3177 breue
1032 3135 1127 3176 suum
1143 3113 1287 3198 loquitur

178 3219 217 3283 de
239 3227 330 3284 terra
350 3219 385 3282 in
401 3218 582 3284 Gosenhale
605 3217 730 3303 etipse
753 3216 876 3280 nullam
899 3225 1018 3282 terram
1041 3217 1088 3282 ibi
1110 3227 1202 3282 tenet
1223 3218 1286 3282 nisi

180 3331 312 3388 tantum
327 3320 490 3408 predictas
505 3323 648 3409 quinque
664 3343 759 3386 acras.

243 3428 290 3492 Et
311 3426 498 3491 Willelmus
519 3426 613 3491 uenit
635 3435 670 3490 et
692 3425 856 3512 cognoscit
879 3424 966 3510 quod
988 3431 1075 3488 terra
1097 3424 1154 3488 illa
1179 3433 1229 3489 est
1252 3424 1286 3489 in

180 3527 334 3595 Hecche⁸
356 3536 390 3592 et
411 3551 476 3592 uon
498 3528 533 3593 in
556 3528 746 3595 Gosenhale.
791 3528 836 3592 Et
856 3527 930 3591 ideo
947 3525 1104 3591 Ricardus
1121 3527 1197 3592 inde
1217 3527 1286 3594 sinc

180 3632 231 3698 die
247 3631 331 3698 etc*

83 3743 92 3756 '
131 3793 136 3805 .
245 3737 393 3824 Rogerus
418 3737 448 3801 le
469 3736 598 3823 Big0d⁸
619 3744 653 3799 et
676 3735 816 3799 Isabella
837 3757 918 3799 uxor
940 3735 1010 3799 eius
1029 3757 1088 3820 per
1108 3743 1288 3801 attornatos
1351 3743 1401 3782 Μ·

180 3861 253 3904 suos
275 3839 467 3925 optulerunt
486 3860 520 3902 se
543 3837 621 3923 iiijw.
638 3837 691 3901 die
714 3859 826 3901 uersus
842 3837 1043 3902 Willelmum
1059 3837 1225 3901 Britonem
1246 3837 1287 3902 de

181 3941 409 4029 Oheggewella
437 3941 478 4005 de
507 3941 627 4027 placito
657 3938 743 4026 quod
772 3939 816 4004 sit
844 3939 886 4004 ad
916 3939 1170 4026 cognoscendum
1200 3939 1287 4026 quod

213 4172 220 4203 ¹
239 4171 379 4220 Recordum
387 4171 488 4232 pterim
500 4177 536 4218 ert
547 4170 668 4219 inrorato
679 4169 708 4216 cle
792 4166 803 4198 ⁸
818 4167 876 4216 Om.
883 4167 947 4229 suit,
959 4165 990 4214 B.

180 4243 250 4350 ἔπη
262 4237 290 4287 S.
307 4237 377 4286 Tria.
389 4251 431 4284 aa.
441 4237 501 4284 viii⁰
509 4237 535 4284 in
543 4241 591 4284 oct.
599 4236 626 4284 S.
636 4235 707 4283 Tria.
791 4231 803 4328 ἒ
819 4232 977 4356 guppl'ygue
983 4232 1097 4293 feodum,
1108 4230 1140 4280 B.

187 4395 188 4398 =
212 4365 223 4396 ²
238 4365 270 4414 Β.
281 4380 317 4414 m.
330 4366 353 4416 9.
384 4364 436 4414 For
444 4363 535 4414 earlier
542 4362 709 4427 proceedings
792 4361 803 4394 ⁶
819 4363 917 4419 Hactc,
928 4361 958 4410 B.

181 4445 222 4479 see
237 4431 318 4480 ebore
335 4431 399 4480 Oeae
415 4429 477 4488 4623
500 4429 554 4480 also
570 4443 612 4478 see
627 4429 671 4478 Br.
689 4428 707 4476 l.
791 4428 802 4460 ⁷
818 4427 863 4476 Br.
875 4427 893 4476 l'.
906 4427 963 4475 434.

182 4497 237 4545 130.
792 4493 802 4524 ⁸
821 4493 868 4542 See
880 4491 960 4541 above
971 4491 1048 4542 ceses
1061 4492 1108 4539 533
1120 4489 1173 4540 and
1185 4491 1240 4542 593.
