3314 5238
317 436 380 504 472
613 449 763 512 ramur,
786 451 852 499 an·
875 437 968 510 1231,
991 451 1052 500 an.
1079 438 1126 498 15.

292 625 392 684 eant
417 618 471 682 uel
496 619 524 682 si
550 617 734 703 capcionem
764 617 853 682 illam
884 619 1029 683 lecerunt
1058 619 1252 684 auctoritate
1267 619 1428 684 ¹Abbatis

318 723 349 788 S.
381 721 565 788 Eadmundi
594 721 686 786 cuius
715 721 862 786 homines
890 722 952 808 ipsi
981 731 1067 800 sunt,
1096 723 1211 788 dieunt
1246 721 1331 809 qu'od
1359 723 1429 808 ipsi

316 833 473 913 ceperunt
487 826 572 890 recia
586 826 643 890 illa
657 825 851 890 auctoritate
866 825 995 911 propria
1009 832 1044 890 et
1058 825 1219 891 aduocant
1239 825 1428 912 capcionem

317 931 416 1008 illam,
438 939 472 996 et
494 939 684 1016 preceptum
707 936 758 994 est
781 929 922 994 deulfo
946 939 980 995 et
1005 929 1077 995 aliis
1103 930 1189 1016 quod
1213 931 1299 996 reaia
1321 931 1429 1018 reple·

317 1035 457 1122 gientur.

261 1199 267 1212 ,
383 1139 509 1204 ¹Assisa
523 1139 616 1204 uenit
630 1137 836 1226 recognitum
849 1139 877 1202 si
893 1139 1075 1203 Herbertus
1090 1139 1204 1204 Bussel
1215 1147 1250 1203 et
1262 1138 1429 1204 Galfridus

208 1259 266 1288 Μ·
319 1241 515 1328 capellanus
527 1242 567 1307 de
580 1241 775 1308 Berdefeuld
786 1241 906 1307 iniuste
919 1251 953 1307 et
964 1243 1033 1307 sine
1048 1243 1167 1308 iudicio
1182 1243 1431 1308 disseisiuerunt

319 1345 474 1410 Basiliam
496 1345 596 1410 filiam
619 1347 642 1411 J
643 1346 779 1410 ohannis
798 1345 838 1409 de
860 1345 976 1410 Briehe
992 1345 1032 1410 de
1048 1345 1150 1410 libero
1165 1354 1353 1411 tenemento
1367 1369 1430 1410 suo

319 1451 354 1514 in
369 1449 491 1536 Magna
505 1450 683 1514 Wautham
706 1459 780 1535 post
801 1449 939 1535 primam
960 1449 1200 1514 coronacionem
1218 1449 1311 1514 Dom.
1327 1449 1431 1536 Regis

320 1553 376 1639 qui
392 1575 478 1617 nuno
493 1561 617 1618 estete.

387 1657 430 1720 Et
451 1656 633 1722 Herbertus
654 1665 689 1721 et
710 1656 875 1722 Galfn'dus
894 1657 1033 1722 ueniunt
1051 1666 1086 1721 et
1100 1657 1215 1722 dicunt
1229 1657 1315 1744 quod
1329 1657 1433 1722 assisa

321 1784 385 1825 non
401 1759 499 1824 debet
514 1761 589 1824 inde
605 1761 675 1825 fieri
690 1761 767 1846 quia
785 1761 931 1847 predicta
949 1761 1072 1826 Basilia
1092 1785 1260 1848 nunquam
1278 1763 1430 1827 seisinam

321 1864 397 1929 inde
423 1863 540 1928 habuit
564 1864 641 1949 quia
664 1887 778 1929 reuera
803 1864 935 1950 quidam
962 1866 1127 1930 Galfridus
1153 1867 1347 1953 Capellanus
1371 1868 1432 1953 qui

322 1976 469 2032 mortuus
485 1977 534 2032 est
549 1967 641 2032 euius
655 1969 760 2033 amica
774 1969 845 2054 ipsa
864 1969 986 2034 Basilia
1005 1970 1069 2034 fuit
1091 1971 1173 2034 emit
1195 1979 1314 2035 terram
1337 1971 1429 2035 illam

322 2073 362 2138 de
385 2072 525 2158 quodam
548 2072 716 2137 Gileberto
734 2083 826 2159 patre
842 2073 980 2160 predicti
996 2073 1151 2138 Herberti
1166 2083 1201 2138 et
1215 2075 1305 2138 illam
1320 2075 1431 2139 tenuit

322 2199 380 2263 per
405 2176 534 2263 aliquod
564 2185 694 2262 tempus
717 2185 751 2242 et
769 2177 897 2242 ¹terram
926 2177 1016 2242 illam
1046 2178 1247 2242 excoluit‘et
1272 2177 1369 2242 blada
1394 2187 1432 2242 et

322 2281 453 2367 expleta
467 2281 554 2367 cepit
569 2289 603 2346 et
618 2281 700 2346 obiit
714 2281 790 2347 inde
806 2282 935 2347 saisitus
949 2283 998 2346 ita
1012 2283 1098 2368 quod
1117 2281 1189 2368 ipsa
1207 2283 1330 2346 nullam
1352 2281 1432 2346 inde

322 2384 439 2448 habuit
464 2385 623 2462 saisinam,
650 2393 684 2450 et
710 2386 787 2471 quia
812 2386 899 2451 idem
930 2386 1125 2472 Capellanus
1154 2387 1280 2450 nullum
1311 2386 1432 2451 habene

322 2488 433 2573 potuit
458 2488 610 2553 heredem
636 2489 677 2553 de
699 2511 733 2554 se
755 2512 816 2554 neo
842 2490 939 2554 alicui
962 2490 997 2553 in
1021 2490 1093 2554 uita
1112 2512 1171 2554 sue
1196 2490 1432 2555 terramillam

324 2592 475 2656 sensuit*
488 2615 548 2658 nec
562 2591 655 2657 dedit
669 2593 757 2679 cepit
777 2591 989 2658 ille⁸ter1am
1012 2593 1102 2658 illam
1125 2593 1159 2657 in
1181 2615 1315 2657 manum
1337 2615 1431 2658 suam

322 2705 357 2760 et
379 2705 549 2782 postquam
572 2698 662 2761 illam
684 2697 719 2762 in
741 2721 841 2762 manu
864 2721 924 2763 sua
945 2697 1062 2762 habuit
1082 2721 1141 2784 per
1154 2698 1285 2784 aliquod
1299 2708 1432 2785 tempus

322 2801 411 2866 illam
426 2800 517 2866 dedit
532 2802 588 2866 isti
604 2803 747 2867 Galfrldo
763 2802 963 2888 Capellan0⁴‚
978 2812 1013 2867 et
1028 2802 1115 2888 quod
1129 2802 1201 2888 ipsa
1214 2802 1337 2866 nullam
1353 2802 1431 2867 inde

323 2906 474 2971 saisinam
490 2906 606 2970 habuit
620 2907 713 2993 ponit
728 2929 762 2971 se
777 2927 875 2991 super
888 2906 1037 2970 iuratam.

387 3011 431 3075 Et
454 3010 575 3075 Basilia
596 3010 689 3075 uenit
711 3018 746 3075 et
768 3009 848 3074 dicit
868 3008 955 3095 quod
974 3031 1089 3073 reuera
1104 3019 1190 3072 terra
1204 3009 1262 3073 illa
1275 3007 1353 3072 data
1367 3009 1432 3073 fuit

322 3114 466 3198 predicto
493 3113 636 3178 Galfrido
667 3113 842 3200 Capellano
868 3113 925 3200 qui
951 3121 1099 3178 mortuus
1124 3121 1175 3178 est
1201 3121 1236 3178 et
1260 3113 1317 3200 qui
1340 3113 1431 3177 illam

321 3217 494 3303 aliquando
520 3218 629 3282 tenuit
655 3227 690 3282 et
715 3241 774 3304 per
798 3217 929 3304 aliquod
956 3225 1086 3304 tempus
1111 3225 1146 3282 et
1171 3227 1286 3304 postea
1310 3225 1431 3282 terram

321 3321 411 3385 illam
427 3321 458 3386 ei
472 3320 564 3386 dedit
580 3330 614 3386 et
629 3344 700 3386 eam
717 3321 792 3386 inde
808 3321 956 3386 feoffauit
970 3343 1028 3406 pro
1043 3321 1179 3386 seruicia
1198 3344 1258 3386 suo
1277 3322 1325 3386 ita
1343 3321 1432 3407 quod

322 3433 397 3489 ante
412 3433 551 3490 mortem
565 3425 667 3510 ipsius
685 3426 824 3491 Galfn'di
838 3426 902 3492 fuit
916 3426 951 3490 in
966 3425 1085 3490 seisina
1099 3433 1134 3490 et
1149 3426 1281 3512 expleta
1294 3426 1380 3511 oepit
1394 3435 1432 3490 et

321 3527 418 3594 blada
441 3537 475 3593 et
496 3528 748 3593 inuestituram⁵
772 3530 888 3594 habuit
913 3551 998 3594 anno
1021 3529 1168 3615 proximo
1190 3539 1268 3594 ante
1291 3538 1430 3594 mortem

161 3659 280 3708 utaque
322 3632 423 3718 ipsius
438 3631 575 3697 Galfiidi
589 3640 624 3696 et
638 3655 724 3697 anno
743 3633 889 3719 proximo
911 3641 984 3718 post
1006 3641 1144 3697 mortem
1166 3632 1269 3719 ipsius
1292 3633 1431 3698 Galfridi

160 3707 298 3848 ἓξὲξ
322 3745 357 3802 et
370 3736 446 3801 inde
461 3736 553 3823 ponit
568 3759 602 3802 se
617 3760 715 3823 super
729 3738 877 3802 iuratam.

159 3848 207 3888 ‘¹¹³2
217 3858 264 3886 ²⁰¹³·
386 3843 410 3906 J
411 3851 554 3907 aratores
569 3843 683 3908 dicunt
698 3842 784 3929 quod
798 3841 963 3928 predictus
981 3841 1146 3907 Galsridus
1162 3841 1357 3928 Capellanus
1372 3841 1430 3928 qui

167 3899 301 3981 alata.

231 3999 251 4072 l
318 4024 539 4089 stamma.
933 4025 1024 4074 lThis
1041 4024 1102 4074 does
1123 4029 1171 4076 not
1192 4039 1269 4075 mean
1292 4031 1321 4076 ‘a
1342 4026 1429 4076 leudnl

159 4082 286 4166 ΜΨ
354 4091 452 4138 ²Corr¹
464 4091 616 4147 osslpnaull,
628 4090 658 4141 B.
900 4089 1073 4144 investiture.'
1091 4105 1107 4139 a
1122 4090 1216 4153 phrase
1233 4095 1280 4140 not
1297 4091 1378 4140 found
1400 4093 1429 4141 in

158 4134 297 4217 &geppan
354 4154 491 4205 ⁸Herbort
507 4155 607 4212 Bussel,
619 4154 676 4204 who
693 4154 817 4220 probably
826 4155 849 4206 is
900 4170 948 4204 our
959 4156 1003 4205 old
1013 4155 1102 4216 books,
1116 4155 1164 4205 but
1174 4156 1219 4206 the
1230 4161 1331 4206 vestare
1344 4157 1371 4204 ol
1382 4157 1429 4208 the

201 4187 214 4225 p
322 4219 464 4270 ohiellord.
899 4220 969 4278 land,
982 4219 1156 4282 theherbage.

354 4283 507 4346 ‘Probably
531 4287 682 4348 capellanus
704 4284 727 4333 is
748 4285 809 4335 here
831 4301 847 4335 a
931 4285 942 4318 ⁶
959 4287 1015 4336 One
1026 4285 1147 4334 eommits
1159 4301 1194 4335 no
1206 4285 1325 4334 dissaisiri
1337 4287 1370 4348 by
1387 4301 1427 4336 aa·

322 4351 576 4412 sarnamsclra'plim
589 4365 695 4412 wernay
703 4365 779 4410 guess
788 4351 846 4401 that
897 4350 1000 4414 septing
1011 4365 1027 4400 a
1038 4351 1174 4400 leoffmsnt
1189 4351 1257 4400 from
1274 4367 1290 4400 a
1307 4350 1428 4401 disseisor

321 4415 354 4464 he
371 4414 394 4462 is
410 4414 506 4464 related
523 4417 553 4464 de
571 4417 644 4478 facto
660 4419 688 4464 to
705 4415 749 4466 the
772 4415 846 4466 other
897 4415 1083 4465 uhohasbeen
1094 4415 1134 4464 lor
1145 4431 1217 4466 sorno
1229 4416 1300 4473 time.
1312 4431 1358 4476 ag.
1373 4416 1432 4468 hall

322 4480 448 4542 Geollrey.
896 4496 991 4544 apem,
1006 4481 1032 4530 in
1045 4481 1201 4543 possession.
1230 4481 1427 4533 Sanetus.
