3360 5236
339 431 403 493 510
548 440 783 500 mosamius,
805 439 869 488 an.
895 425 988 500 1231,
1011 441 1075 489 aa
1100 429 1234 490 15-16,

335 618 416 683 dicit
441 617 528 704 quod
551 639 615 682 non
640 617 740 682 debet
763 615 794 680 ei
817 614 1009 701 respondere
1032 616 1110 701 quia
1132 616 1278 702 predicta
1301 615 1446 682 Estrilda

335 720 452 786 habuit
475 721 637 807 quendam
659 718 765 784 filium
790 725 984 782 antenatum
1006 717 1071 782 soil.
1095 718 1259 806 Rogemm
1281 720 1312 784 le
1335 720 1443 796 Ferun

335 824 466 890 nomine
488 825 545 912 qui
567 824 684 890 habuit
705 823 787 888 duos
805 822 889 886 filios
909 821 975 887 scil.
991 821 1173 887 Galliidum
1189 831 1224 888 et
1239 823 1443 890 Clementem

336 929 393 1014 qui
416 929 523 994 adhue
546 927 668 992 uiuunt
692 935 727 991 et
750 947 886 1012 quorum
911 948 997 990 unus
1023 925 1129 991 adhuc
1154 936 1205 992 est
1228 949 1303 992 cum
1329 927 1443 992 eodem

336 1029 476 1096 Radullo
491 1030 581 1096 etde
596 1029 736 1117 quodam
752 1029 878 1095 Thoma
891 1029 962 1094 uiuo
977 1029 1040 1094 sibi
1055 1030 1257 1116 desponsato.

402 1135 446 1199 Et
468 1135 630 1201 Redulfus
655 1133 749 1199 uenit
775 1143 810 1199 et
834 1133 1026 1220 dicitquod
1049 1157 1163 1199 reuera
1185 1135 1273 1200 idem
1297 1135 1444 1223 Rogerus

336 1237 400 1302 luit
415 1235 501 1302 filius
515 1237 617 1323 ipsius
631 1235 774 1300 Estrilde
789 1244 840 1301 set
855 1257 920 1300 non
935 1235 975 1301 de
994 1236 1064 1300 uiro
1084 1237 1146 1301 sibi
1160 1238 1444 1304 matrimonialiter

336 1341 494 1426 copulato,
509 1339 588 1426 quia
601 1361 768 1424 nunquam
783 1337 892 1402 uirum
907 1338 1024 1403 habuit
1044 1337 1106 1403 sibi
1127 1339 1358 1426 desponsatum
1380 1339 1444 1404 nisi

336 1443 538 1508 Willelmum
559 1443 667 1508 Trune
687 1451 815 1529 patrem
830 1465 926 1508 suum
943 1451 977 1507 et
992 1442 1079 1507 unde
1095 1443 1175 1508 dicit
1190 1444 1276 1530 quod
1291 1445 1342 1508 ius
1357 1451 1443 1510 terre

335 1547 423 1612 illius
438 1549 469 1612 ei
484 1547 676 1612 descendere
691 1547 797 1612 debet.

401 1651 479 1716 Post
500 1651 594 1716 uenit
616 1653 778 1716 Robertus
799 1651 890 1716 saluo
912 1651 1017 1738 primo
1038 1673 1189 1738 responso
1209 1661 1244 1717 et
1261 1653 1342 1718 dicit
1356 1653 1443 1739 quod

336 1780 400 1822 non
415 1756 514 1822 debet
528 1757 559 1822 ei
574 1757 766 1843 respondere
784 1757 862 1842 quia
881 1779 946 1820 non
969 1765 1061 1822 tenet
1083 1765 1187 1821 totam
1209 1765 1330 1822 terram
1351 1757 1442 1822 illam

335 1861 413 1947 quia
433 1860 608 1946 Templarii
627 1867 744 1924 tenent
763 1859 840 1924 inde
860 1883 911 1924 xx.
932 1882 994 1924 acr.
1014 1867 1049 1924 et
1072 1859 1153 1924 dicit
1176 1860 1262 1946 quod
1286 1861 1355 1946 ipse
1377 1882 1442 1924 non

335 1971 428 2028 tenet
449 1963 513 2028 nisi
529 1963 553 2049 j.
570 1963 652 2049 uirg.
669 1971 704 2027 et
723 1961 804 2027 dicit
824 1961 911 2048 quod
933 1963 1110 2048 Templarii
1131 1969 1248 2028 tenent
1263 1963 1315 2049 vij.
1330 1985 1391 2028 ocr.
1407 1963 1442 2028 in

335 2068 496 2134 dominico
509 2076 545 2133 et
559 2067 725 2132 residuum
739 2066 775 2130 in
789 2065 933 2130 seruioio.

401 2171 478 2236 Post
500 2169 593 2235 uenit
615 2169 778 2234 Robertus
798 2175 833 2232 et
853 2175 949 2232 uocat
968 2167 1046 2232 inde
1061 2166 1103 2232 ad
1118 2175 1299 2232 warantum
1322 2168 1442 2255 Magis-

335 2281 424 2338 trum
454 2273 574 2338 lllilitie
602 2271 732 2357 Templi
760 2271 795 2335 in
825 2269 955 2356 Anglis‚
983 2270 1103 2334 habeat
1128 2293 1204 2334 eum
1231 2278 1291 2336 eto.
1319 2279 1354 2336 et
1376 2295 1442 2336 non

335 2376 457 2443 dedicit
486 2377 566 2464 quin
594 2383 708 2441 teneat
736 2375 813 2440 dim.
843 2373 955 2439 hidam
984 2381 1070 2439 terre
1099 2383 1135 2440 et
1163 2375 1327 2462 cognoscit
1355 2375 1442 2462 quod

335 2481 451 2546 habuit
466 2481 655 2568 languorem
670 2486 729 2544 etc.
1307 2479 1309 2484 ’

215 2588 286 2650 663.
400 2583 585 2648 Willelmus
614 2583 654 2648 de
667 2583 829 2647 'Heobam
860 2581 958 2668 petiit
987 2603 1101 2646 uersus
1130 2581 1307 2648 Osbertum
1336 2584 1440 2648 filium

197 2686 307 2726 cml*
336 2685 487 2750 Nicbolai
508 2709 580 2751 xxx.
603 2695 770 2752 conterre
793 2695 828 2750 et
844 2686 869 2772 j
892 2684 1097 2770 mesuagium
1118 2707 1193 2749 curn
1216 2695 1297 2771 pert.
1319 2687 1384 2752 soil.
1407 2687 1442 2752 in

337 2789 517 2854 Karletona
532 2789 556 2874 j.
573 2789 777 2875 meanaqum
799 2811 874 2853 cum
896 2795 987 2873 pert,
1002 2795 1036 2851 et
1051 2787 1086 2851 in
1101 2787 1302 2874 Wilingham
1322 2789 1364 2854 ix.
1379 2813 1441 2856 aor.

336 2902 421 2958 terre
451 2915 526 2958 cum
554 2900 646 2978 pert,
668 2901 703 2956 et
724 2891 760 2956 in
786 2890 939 2956 Brinlrele
964 2891 1028 2976 xxj.
1053 2913 1115 2956 acr.
1141 2899 1227 2956 terre
1256 2915 1330 2957 cum
1359 2903 1441 2979 pert

175 3011 296 3052 Noudw
336 3007 375 3063 ut
397 2999 448 3063 ius
477 3021 572 3062 suum
598 2997 633 3061 in
659 3018 723 3083 que
748 3019 813 3061 non
839 2997 956 3061 habuit
981 2996 1161 3084 ingressum
1187 3006 1257 3075 etc,
1282 2998 1331 3062 ita
1355 2999 1442 3085 quod

173 3059 325 3144 &illast
337 3102 502 3188 predictus
525 3101 682 3167 Osbertus
701 3100 800 3186 petiit
815 3100 924 3164 uisum
939 3100 979 3165 de
995 3100 1109 3166 eedem
1125 3109 1212 3166 terra
1226 3111 1261 3166 et
1275 3103 1441 3190 mesuagio

173 3152 272 3190 demorte
279 3155 326 3199 port

173 3197 327 3292 'tlssffll
337 3215 372 3269 et
386 3205 483 3270 datus
497 3204 562 3268 fuit
576 3204 608 3268 ei
622 3203 691 3267 dies
706 3211 765 3267 etc
810 3202 865 3267 Ad
880 3225 977 3289 quem
992 3203 1079 3268 diem
1094 3203 1181 3268 idern
1201 3205 1358 3271 Osbertus
1378 3209 1442 3272 luit

174 3291 326 3377 &didm
337 3307 518 3372 essoniatus
538 3307 578 3371 de
597 3315 701 3370 morte
720 3305 769 3370 ita
783 3305 870 3391 quod
885 3305 1013 3392 loquela
1026 3307 1084 3371 illa
1097 3307 1203 3392 posita
1216 3309 1281 3372 fuit
1295 3309 1364 3374 aine
1379 3310 1439 3376 die.

337 3411 381 3475 Et
411 3410 489 3496 quia
517 3408 723 3495 postmodum
754 3417 913 3473 testatum
942 3409 1007 3473 fuit
1042 3409 1127 3496 quod
1162 3411 1322 3476 Osbertus
1356 3413 1442 3478 uixit

336 3525 371 3580 et
396 3515 483 3601 quod
514 3514 592 3578 falso
621 3535 655 3577 se
685 3513 862 3577 essoniauit
891 3511 932 3577 de
962 3513 1087 3578 morte¹
1115 3517 1349 3581 rasummonita
1377 3519 1442 3583 fuir

335 3619 464 3705 loquela
477 3618 513 3682 in
527 3616 640 3681 eodem
655 3623 744 3680 statu
760 3622 819 3680 etc.
864 3615 917 3680 Ad
937 3615 1024 3680 diem
1046 3617 1146 3681 istum
1169 3617 1263 3684 uenit
1284 3619 1442 3684 Osbertus

336 3733 370 3788 et
385 3745 450 3787 non
464 3729 573 3807 potest
587 3741 699 3784 sanare
715 3718 879 3796 defaltum,
891 3727 926 3783 et
940 3719 1013 3784 ideo
1028 3719 1275 3786 Consideratum
1291 3730 1341 3787 est
1355 3723 1441 3809 quod

336 3827 521 3892 Willelmus
536 3822 741 3909 recuperauit
756 3822 907 3886 seisinam
923 3846 1016 3888 suam
1031 3847 1089 3909 per
1103 3823 1258 3890 defaltarn
1274 3835 1308 3891 et
1324 3827 1440 3892 Osber-

335 3939 389 3996 tus
404 3931 439 3994 in
453 3927 677 3993 misericordia

400 4033 494 4100 Idem
503 4032 689 4098 Willelmus
702 4029 800 4116 petiit
815 4051 929 4093 uersus
943 4029 1159 4094 Laurencium
1175 4031 1279 4096 filium
1294 4031 1442 4096 Danielis

330 4139 354 4223 J'.
370 4159 430 4202 aer.
452 4144 537 4200 terre
559 4157 634 4199 cum
655 4141 737 4220 pert.
759 4133 795 4196 in
818 4132 997 4196 Karletona
1018 4139 1052 4196 et
1074 4132 1149 4196 dim.
1173 4155 1235 4198 aer.
1258 4141 1343 4198 terre
1364 4156 1439 4198 curn

367 4338 515 4397 ¹Brocton‚
534 4337 552 4385 l.
570 4337 626 4397 343,
642 4335 707 4385 citos
726 4334 779 4385 this
796 4348 863 4385 csse.
916 4334 1009 4385 Osbert
1030 4333 1150 4384 essoinsd
1176 4333 1282 4384 himself
1308 4349 1338 4384 as
1365 4335 1442 4398 being

334 4403 404 4453 Both
414 4403 448 4452 he
459 4403 512 4453 and
528 4402 573 4451 the
590 4403 731 4451 annotator
747 4415 816 4450 seem
834 4405 861 4449 to
913 4400 1018 4462 already
1028 4399 1104 4450 dead.

334 4469 411 4530 enjoy
427 4468 472 4517 the
488 4467 556 4516 little
572 4467 631 4528 jolre
648 4467 677 4515 ol
694 4465 786 4528 sayr‘ng
803 4464 861 4514 that
946 4465 1002 4513 'cle
1013 4473 1091 4514 morte
1101 4463 1184 4514 added
1195 4463 1229 4527 by
1241 4468 1390 4514 annotator.
