3260 5218
321 435 363 496 54
382 517 386 523 Ι
552 441 870 504 irrestauratae.
897 429 989 502 1219,
1012 442 1074 490 aa
1099 429 1192 490 3-4.

320 614 412 680 feodo
438 625 472 679 ct
501 615 571 679 iure
599 623 743 699 tempore
773 614 802 678 J.
831 615 931 698 Regis
957 614 1058 699 patris
1084 623 1144 678 etc.
1170 611 1327 699 capiendo
1361 607 1461 674 inde

320 715 451 800 expleta
466 723 526 780 etc.
542 723 575 777 et
591 714 625 778 in
640 736 738 798 quam
754 713 841 778 idem
857 713 947 776 Prior
961 735 1026 776 non
1042 712 1140 776 habet
1161 711 1343 798 ingressum
1378 707 1460 772 nisi

320 841 377 904 per
392 818 575 884 iohannem
592 817 638 880 le¹
654 817 778 902 Birkyn
793 817 955 902 quondam
971 817 1079 882 uimm
1095 817 1196 902 ipsius
1215 815 1362 901 Agnetis
1390 809 1461 876 cui

319 922 389 1006 ipsa
404 921 620 986 contradicere
636 943 700 984 non
716 921 824 1006 potuit
839 931 873 983 et
889 919 963 984 inde
980 920 1128 1005 producit
1148 929 1268 984 sectam
1289 941 1357 1004 que
1378 916 1458 980 hoc

321 1035 468 1091 testatur.

388 1131 430 1194 Et
454 1131 545 1194 Prior
567 1129 660 1194 uenit
684 1139 718 1193 et
738 1129 884 1193 defendit
907 1128 957 1192 ius
980 1151 1075 1192 suum
1098 1137 1132 1192 et
1153 1127 1238 1214 quod
1260 1148 1453 1212 nunquam

322 1233 502 1318 ingressum
523 1231 638 1296 habuit
663 1253 720 1316 per
740 1231 922 1316 predictum
942 1230 1127 1296 Johannem
1147 1231 1231 1294 sicut
1251 1230 1342 1295 curia
1356 1252 1452 1294 con-

322 1335 512 1400 siderauerit
528 1335 613 1421 quod
628 1335 799 1399 defendere
815 1335 942 1399 debeat.
988 1324 1132 1400 Concord
1147 1334 1220 1398 ete*

387 1440 560 1506 'Ricardus
580 1441 610 1504 le
627 1439 745 1504 Harre‘
761 1447 795 1503 et
811 1437 990 1524 Antigonia
1004 1460 1085 1501 uxor
1099 1437 1169 1502 eius
1183 1446 1302 1522 petunt
1316 1457 1450 1502 uersus

255 1589 260 1600 ·
323 1545 497 1609 Ricardum
518 1545 558 1609 de
581 1544 710 1629 Tyuilla
727 1544 750 1628 j.
772 1543 933 1629 uirgatam
959 1551 1042 1606 terre
1066 1565 1140 1606 cunr
1164 1541 1374 1627 pertinenciis
1401 1541 1447 1604 in

324 1647 466 1710 Bestona
491 1655 529 1710 ut
553 1646 604 1710 ius
619 1646 721 1731 ipsius
735 1646 914 1731 Antigonia
930 1653 963 1708 et
984 1653 1022 1708 ut
1047 1645 1136 1708 illam
1160 1645 1247 1709 unde
1272 1644 1446 1708 Ricardus

323 1749 364 1812 de
389 1748 546 1812 Budenho
567 1757 660 1834 pater
679 1749 781 1833 ipsius
802 1748 979 1833 Antigonia
999 1747 1062 1811 fuit
1077 1747 1207 1812 scisitus
1221 1748 1256 1812 in
1270 1747 1444 1812 dominico

324 1875 382 1916 suo
406 1861 444 1916 ut
467 1851 508 1916 de
531 1852 622 1916 feodo
643 1861 787 1937 tempore
810 1851 841 1917 J.
864 1851 963 1936 Regis
983 1851 1138 1936 capiendo
1162 1861 1220 1916 etc
1243 1852 1320 1937 quia
1342 1851 1439 1916 idem

325 1956 481 2021 Ricardus
515 1965 634 2020 terram
669 1956 759 2020 iilam
793 1954 884 2018 dedit
913 1953 1041 2018 cuidam
1072 1954 1208 2018 Ricardo
1238 1954 1367 2018 Blundo
1397 1956 1439 2019 in

325 2060 531 2146 maritagium
547 2083 621 2124 cum
637 2058 796 2124 Matillide
809 2079 912 2122 sorore
923 2057 992 2121 eius
1004 2057 1178 2121 tenendam
1190 2080 1247 2142 per
1257 2057 1436 2122 seruicium

324 2165 386 2248 xvj.
402 2163 432 2229 d.
449 2164 505 2250 qui
521 2165 704 2228 habuerunt
725 2161 886 2248 quendam
907 2162 1010 2226 tilium
1032 2147 1161 2226 nbmine
1185 2163 1435 2226 Heremannum

324 2268 381 2353 qui
406 2269 446 2334 de
473 2277 559 2333 terra
583 2269 640 2332 illa
665 2267 746 2332 obiit
768 2267 897 2332 saisitus
919 2266 988 2330 sine
1010 2265 1128 2330 herede
1151 2266 1191 2330 de
1213 2289 1342 2352 corpore
1366 2288 1434 2343 suo,

325 2369 410 2432 unde
437 2369 550 2434 dicunt
576 2369 661 2455 quod
687 2377 773 2434 terra
797 2369 855 2432 illa
877 2367 975 2431 debet
999 2367 1119 2432 reuerti
1143 2367 1312 2453 adipeam
1335 2368 1433 2432 Anti-

323 2472 453 2556 goniam
469 2480 508 2534 ut
522 2471 564 2535 ad
579 2471 730 2536 heredem
746 2471 882 2556 predicti
897 2469 1027 2534 Ricardi
1039 2470 1079 2534 de
1092 2469 1250 2534 Budenho
1262 2470 1433 2535 donatoris

324 2573 448 2638 Dicunt
472 2574 573 2638 eciam
594 2575 680 2660 quod
700 2575 787 2638 idem
809 2575 965 2640 Ricardus
980 2597 1045 2638 non
1060 2574 1160 2638 habet
1174 2573 1355 2659 ingressum
1371 2575 1436 2638 nisi

324 2699 382 2762 per
396 2675 608 2740 intrusionem
624 2687 696 2762 post
712 2687 849 2741 mortem
869 2677 1007 2762 predicti
1022 2677 1223 2742 Heremanni
1239 2685 1273 2741 et
1288 2687 1435 2763 tempore

324 2802 439 2866 guerre
455 2788 489 2843 et
503 2780 578 2843 inde
594 2779 775 2865 producunt
790 2789 912 2844 sectam
927 2790 986 2844 etc.

390 2883 433 2946 Et
457 2882 613 2948 Ricardus
637 2883 783 2948 defendit
806 2883 858 2946 ius
881 2882 982 2967 ipsius
1003 2882 1180 2968 Antigonia
1203 2891 1237 2947 et
1253 2883 1434 2969 dicitquod

324 3006 388 3047 non
409 2985 507 3048 debet
527 2985 574 3048 eis
593 2985 792 3070 respondere,
808 2984 885 3069 quia
904 2985 975 3069 ipsa
993 2985 1172 3070 Antigonia
1191 2987 1291 3050 habet
1312 2987 1435 3064 fratres,

324 3085 381 3170 qui
396 3086 423 3150 si
438 3087 508 3172 ipsa
528 3087 578 3150 ius
600 3087 742 3162 haberet,
756 3087 819 3171 ipsi
840 3086 945 3150 maius
965 3087 1016 3150 ius
1038 3087 1196 3152 haberent
1218 3097 1253 3152 et
1274 3089 1348 3154 ideo
1370 3111 1435 3153 non

325 3191 399 3253 uult
413 3192 605 3275 respondere
621 3191 683 3255 nisi
698 3191 788 3256 curia
801 3191 1059 3256 considerauerit.

391 3293 434 3356 Et
449 3294 512 3378 ipsi
526 3293 640 3358 dieunt
660 3295 745 3379 quod
766 3295 837 3379 ipsa
853 3295 980 3358 nullum
996 3295 1095 3360 habet
1110 3296 1242 3360 fratrem
1257 3305 1308 3360 set
1322 3319 1437 3362 reuera

326 3396 442 3460 habuit
462 3397 594 3460 fratrem
615 3397 671 3481 qui
692 3397 808 3461 habuit
831 3398 914 3462 filios
935 3398 991 3483 qui
1011 3399 1202 3484 superstites
1216 3409 1302 3476 sunt,
1319 3409 1354 3464 et
1375 3401 1436 3466 hoc

327 3521 391 3561 non
413 3498 512 3562 debet
533 3499 579 3562 eis
601 3522 723 3576 nocere,
739 3500 816 3584 quia
837 3501 909 3585 ipsa
929 3501 1048 3565 clamat
1071 3509 1181 3565 tenere
1204 3511 1324 3566 terram
1345 3502 1436 3568 illam

328 3599 368 3662 de
398 3600 445 3664 eis
468 3609 506 3664 ut
536 3601 576 3664 de
607 3601 779 3666 heredibus
809 3603 973 3666 donatoris
1002 3604 1079 3688 quia
1108 3627 1172 3668 non
1202 3613 1337 3690 possunt
1366 3627 1436 3670 esse

329 3703 421 3766 heres
445 3713 479 3766 et
508 3703 680 3780 dominus⁵‚
712 3727 749 3768 eo
779 3705 865 3790 quod
889 3706 1097 3792 maritagium
1123 3707 1239 3772 debuit
1262 3708 1436 3774 seruitium

329 3806 383 3891 xij.
400 3806 442 3870 d.⁶

361 3992 369 4022 ¹
387 3993 416 4040 dc
429 3994 475 4040 not
487 3995 517 4049 Ic,
530 3993 559 4042 A.
940 3998 950 4030 ⁶
968 3997 1031 4046 This
1049 4013 1107 4046 case
1127 3998 1203 4062 (cited
1222 3998 1255 4061 by
1274 3999 1396 4061 Braoton‚
1418 4000 1436 4049 1.

360 4057 539 4106 'Concordem
567 4067 624 4108 runt
648 4076 696 4122 per
727 4063 857 4109 licenciam
907 4063 1436 4124 2311111101(ὴοᾳιιεετωιοῆωωο

330 4124 530 4171 tricticioriorum
546 4125 654 4173 hobcarit
670 4128 853 4187 ciroprophum
907 4133 992 4188 potest
1003 4143 1058 4176 ease
1069 4127 1191 4176 dominus
1202 4133 1228 4178 et
1244 4129 1336 4182 11911111.Ι
1371 4131 1435 4192 Sup-

328 4187 357 4233 A.
394 4188 439 4235 See
451 4187 531 4236 above
543 4189 607 4237 Coae
618 4192 649 4237 22
662 4191 701 4238 ior
714 4205 748 4240 an
764 4191 856 4240 earlier
907 4207 968 4253 pose
980 4196 1048 4254 (eg.)
1060 4197 1080 4241 Δ
1094 4192 1142 4242 has
1154 4193 1225 4242 three
1237 4209 1298 4242 sons
1310 4194 1394 4244 whom
1407 4195 1436 4243 in

328 4257 399 4312 stage
412 4253 503 4300 cithia
514 4253 609 4302 action.
907 4257 981 4306 order
1000 4259 1028 4306 ο1
1046 4257 1115 4306 birth
1130 4273 1167 4307 we
1185 4258 1235 4307 call
1249 4261 1281 4318 B,
1302 4261 1329 4320 0,
1349 4261 1388 4316 D,·
1414 4263 1434 4308 Α

360 4317 370 4346 ³
388 4319 417 4364 A.
430 4331 464 4364 m.
479 4319 524 4379 113
541 4319 572 4366 B.
585 4335 619 4366 m.
634 4319 672 4368 10.
906 4322 1013 4370 enfeons
1035 4325 1056 4370 C
1075 4327 1103 4372 to
1122 4322 1185 4371 hold
1205 4323 1232 4370 ο1
1251 4323 1307 4371 him
1327 4327 1384 4384 (A);
1414 4329 1435 4372 A

360 4383 368 4413 ⁴
388 4385 475 4438 ilcrrc.
489 4384 518 4430 B.
906 4387 961 4435 dies
972 4387 1024 4436 and
1036 4387 1080 4434 the
1092 4387 1211 4448 seignory
1224 4387 1349 4437 descende
1361 4393 1388 4436 to
1399 4391 1437 4447 B;

358 4447 368 4478 ⁶
386 4447 428 4496 Sic
439 4447 468 4508 A,
485 4449 583 4497 hcrcdct¹
596 4459 618 4498 ct
631 4451 732 4506 dormiri,
747 4450 777 4498 Β.
906 4451 969 4501 thcn
983 4455 1003 4502 G
1015 4452 1068 4501 dies
1084 4453 1195 4502 without
1210 4453 1294 4512 issue;
1314 4455 1339 4503 Ι)
1355 4457 1401 4504 not
1414 4457 1436 4503 B
