3276 5234
457 459 609 522 rmarrr,
632 457 696 510 an.
721 443 814 522 1227,
837 459 901 509 aa.
925 447 974 510 11.
1205 445 1270 514 217

154 653 220 716 que
245 639 389 696 testatur
411 630 500 717 quod
529 629 571 695 ad
600 630 873 716 presentationem
898 631 930 696 S.
958 629 1075 696 Prioris
1101 630 1143 696 dc
1169 629 1271 697 Vasto

154 735 291 800 admisit
314 736 474 801 Thomam
503 734 655 800 clericum
679 734 721 799 ad
750 735 917 800 ecclesiam
941 734 982 799 de
1006 735 1212 800 Westerham
1236 745 1271 802 et

155 837 266 922 ipsum
290 837 326 902 in
351 860 391 902 ea
413 859 583 923 personam
609 836 756 902 instituit
785 837 945 914 canonice,
971 836 1135 903 reddendo
1164 838 1271 904 eidem

155 941 262 1006 Priori
277 942 344 1027 viij.
360 963 484 1006 marcas
498 961 702 1026 perannum.

221 1045 268 1108 Et
289 1044 432 1108 Thomas
453 1043 534 1108 dicit
555 1039 641 1128 quod
663 1065 728 1108 non
750 1043 825 1108 uult
847 1042 890 1108 ad
911 1043 1074 1130 predictas
1095 1053 1200 1109 cartas
1222 1067 1271 1109 re-

155 1145 328 1231 spondere,
350 1153 402 1210 set
424 1145 510 1230 petit
532 1143 689 1208 iudicium
711 1166 808 1208 suum
837 1144 878 1210 de
908 1145 968 1210 hoc
998 1145 1085 1232 quod
1113 1146 1273 1210 iuratores

156 1249 325 1315 dixerunt.

222 1352 306 1416 Dies
330 1351 428 1416 datus
451 1359 503 1416 est
526 1351 674 1436 partibus
699 1349 740 1416 de
764 1350 926 1415 audiendo
950 1350 1070 1416 iudicio
1093 1373 1152 1416 suo
1175 1373 1196 1416 a
1218 1351 1271 1416 die

159 1455 190 1519 S.
206 1455 306 1519 Mich.
323 1455 359 1518 in
374 1477 424 1518 xv.
439 1453 510 1517 dies
524 1462 563 1517 ut
577 1451 709 1516 interim
724 1452 876 1538 loquatur
890 1475 964 1517 cum
979 1451 1109 1518 domino
1130 1455 1221 1540 Rege
1237 1463 1272 1518 et

158 1556 281 1621 iustic'¹
313 1565 350 1620 et
379 1555 537 1620 iuratores
558 1555 628 1619 sine
657 1554 710 1620 die
739 1554 841 1619 donec
863 1554 953 1620 aliud
974 1555 1183 1622 audiuerint¹.
1228 1558 1274 1622 Et

159 1669 273 1745 postea
288 1659 388 1724 datus
403 1659 466 1724 fuit
481 1659 529 1724 eis
542 1681 563 1724 a
581 1659 634 1724 die
655 1659 776 1724 Pesche
797 1659 833 1722 in
850 1659 875 1745 j.
890 1681 1035 1725 mensem
1054 1659 1095 1724 de
1110 1661 1272 1727 audiendo

159 1762 281 1827 iudicio
295 1783 357 1826 suo
376 1761 418 1826 ad
438 1783 536 1847 quem
558 1759 646 1825 diem
666 1761 758 1826 Prior
777 1783 842 1825 non
862 1761 964 1839 uenit,
980 1769 1014 1826 et
1036 1762 1111 1827 ideo
1132 1764 1272 1830 Thomas

160 1865 291 1930 recedat
315 1865 386 1930 sine
407 1864 468 1940 die,
483 1871 518 1928 et
537 1863 656 1928 habeat
676 1863 922 1928 aduocationem
943 1871 978 1928 et
997 1867 1271 1950 presentationem

161 1971 273 2055 quiete
296 1970 338 2034 de
361 1969 431 2054 ipso
453 1967 562 2032 Priore
588 1975 623 2032 et
642 1967 875 2032 successoribus
897 1968 964 2032 suis
986 1969 1163 2034 secundum
1186 1970 1272 2056 quod

162 2075 239 2138 data
253 2083 306 2138 est
321 2073 353 2137 ei
367 2093 592 2158 permagnam
607 2071 739 2136 assisam
755 2079 816 2136 etc.

59 2227 74 2242 .
95 2193 117 2243 ·.
225 2175 337 2240 'Prior
360 2172 543 2259 Hospitalis
567 2173 752 2238 lerosolime
775 2172 811 2236 in
832 2172 955 2260 Anglia
982 2197 1041 2260 per
1069 2183 1271 2242 attornatum
1326 2203 1378 2250 ,ω

161 2301 257 2342 suum
285 2277 373 2364 petit
396 2298 510 2340 uersus
536 2275 716 2340 Robertum
740 2276 770 2340 le
958 2275 1071 2363 ‘quod
1093 2280 1271 2345 secundum

162 2381 433 2448 consuetudinem
459 2379 676 2444 maneriorum
701 2379 742 2444 de
772 2379 983 2467 Buningtona
1012 2391 1046 2447 et
1075 2383 1117 2448 de
1147 2383 1273 2448 Herts’⁶

162 2486 260 2550 saciat
271 2485 434 2550 auxilium
449 2483 492 2548 ad
507 2483 610 2547 uallas
625 2490 659 2547 et
670 2483 789 2547 fossata
804 2483 897 2547 facit⁸
911 2483 946 2548 in
957 2484 1111 2570 predictis
1121 2487 1273 2551 maneriis

161 2589 202 2654 ad
220 2611 429 2654 communem
450 2587 630 2652 utilitatem
651 2595 686 2652 et
706 2586 967 2652 emendationem
989 2595 1148 2653 terrarum
1170 2589 1273 2676 ipsius

163 2691 281 2756 Primis
295 2699 331 2755 et
352 2689 489 2755 Roberti
509 2697 578 2766 etc,
593 2688 680 2753 unde
700 2687 787 2753 idem
808 2689 900 2753 Prior
918 2689 1061 2754 ostendit
1080 2689 1166 2776 quod
1187 2691 1272 2756 sicut

161 2795 227 2880 ipse
243 2803 280 2859 et
295 2793 354 2858 alii
368 2792 525 2858 deberent
544 2791 702 2856 auxilium
724 2791 829 2856 faeere
848 2791 891 2856 ad
912 2813 1015 2856 unum
1035 2793 1272 2858 exsucatorem'

161 2897 348 2964 faciendum
371 2919 431 2982 per
452 2895 597 2960 medium
617 2903 702 2960 terre
722 2895 856 2959 Domini
875 2895 993 2972 Cant'⁸,
1008 2895 1095 2960 idem
1110 2895 1273 2962 Robertus

161 3001 265 3066 noluit
281 2999 443 3064 auxilium
457 3000 561 3062 faeere
577 3005 737 3084 quantum
752 2997 896 3083 pertinet
910 2997 952 3062 ad
967 3005 1087 3062 terram
1107 3022 1208 3076 suam,
1225 3000 1274 3066 ita

161 3103 246 3188 quod
262 3103 295 3167 ei
305 3125 327 3167 a
341 3113 428 3167 retro
442 3109 520 3166 sunt
536 3101 553 3164 l
570 3101 624 3164 sol.
641 3108 676 3164 et
691 3107 778 3164 terra
792 3099 894 3185 ipsius
909 3099 1028 3165 Prioris
1042 3123 1101 3186 per
1115 3102 1271 3168 defeltam

161 3207 249 3270 illam
274 3205 473 3272 deteriorata
495 3213 546 3270 est
569 3203 611 3269 ad
635 3203 815 3269 ualenciam
836 3203 913 3290 iiij¹¹
933 3203 1002 3269 libr.
1020 3212 1054 3270 et
1074 3204 1149 3270 inde
1171 3205 1271 3272 habet

161 3319 292 3376 sectam.

224 3415 270 3478 Et
286 3413 450 3478 Robertus
464 3411 557 3477 uenit
572 3419 607 3476 et
621 3411 768 3476 defendit
782 3413 852 3477 uim
868 3419 902 3477 et
916 3411 1069 3477 iniuriam
1084 3422 1119 3478 et
1133 3413 1271 3480 deterio-

161 3521 319 3586 rationem
336 3527 371 3584 et
386 3527 493 3584 totum
508 3518 549 3582 de
564 3518 664 3582 uerbo
679 3517 714 3582 in
734 3517 872 3582 uerbum
892 3525 927 3582 et
947 3516 1027 3581 dicit
1042 3519 1128 3604 quod
1143 3521 1271 3584 nullum

161 3625 320 3690 auxilium
336 3624 436 3690 debet
455 3623 497 3688 ad
518 3623 578 3688 hoc
598 3623 702 3688 facere
721 3645 782 3687 nec
801 3645 946 3709 unquam
970 3621 1048 3688 lecit
1071 3624 1149 3710 quia
1171 3623 1272 3690 habet

161 3739 279 3794 terram
303 3749 398 3793 suam
421 3727 456 3790 in
479 3726 624 3792 manerio
649 3727 705 3790 illo
732 3748 771 3790 ex
797 3726 881 3790 dono
910 3734 1150 3792 antecessorum
1176 3727 1269 3798 Dom

161 3832 259 3919 Regis
275 3829 334 3917 qui
351 3829 427 3894 inde
449 3829 665 3894 feoffauerunt
684 3837 900 3893 antecessores
924 3839 999 3894 suos
1018 3851 1077 3914 per
1098 3829 1271 3894 seruieium

160 3932 365 4000 custodiendi
394 3933 534 3997 falcones
562 3954 637 3996 suos
662 3953 720 4018 pro
746 3931 835 3996 omni
859 3931 1003 4011 seruicio,
1027 3931 1114 3997 unde
1143 3933 1271 3998 nullum

192 4135 201 4167 ¹
218 4133 350 4196 Probably
358 4131 423 4182 with
432 4131 478 4182 tha
486 4130 690 4196 chiefiustioiar‚
742 4144 791 4194 noy
801 4129 900 4182 Marah.
927 4131 1054 4183 Haxted’s
1063 4132 1140 4196 Kent,
1148 4134 1200 4184 vol
1209 4137 1233 4194 3,
1243 4150 1268 4198 p.

160 4200 261 4250 Hubert
272 4198 305 4248 de
315 4197 417 4260 Bnrgh.
742 4199 801 4256 459,
813 4196 871 4245 461.
939 4263 945 4276 ‚

191 4265 355 4381 :tta
745 4261 1271 4392 zitt‘ttt‘ttttltthfflm'·

190 4393 335 4444 ⁴Ablanlr
345 4407 440 4456 space3
459 4393 482 4442 lc
494 4393 633 4450 Faucmrer,
645 4393 676 4442 B.
777 4391 923 4440 ⁷Ascwer.

191 4461 202 4492 ⁸
217 4459 390 4522 Bonnington
404 4457 458 4510 and
476 4457 560 4508 Hurst
573 4459 602 4508 in
615 4457 693 4508 Rom·
778 4456 789 4490 ⁸
806 4455 968 4520 Archbishop
980 4457 1009 4507 ol
1018 4455 1186 4520 Oantcrbury.
