3308 5226
351 453 414 516 616
560 464 879 524 circummisso.
906 451 999 525 1233,
1022 465 1084 514 nn
1110 451 1247 516 17-18.

416 641 460 704 Et
489 640 652 705 Robertus
677 639 770 742 uenit
795 646 831 704 et
856 637 942 724 petit
967 638 1043 704 inde
1068 638 1184 716 uisum,
1211 638 1337 702 hebeat,
1383 637 1465 702 Dies

350 743 448 810 dotus
462 743 574 810 osteis
589 751 649 810 etc

416 849 537 914 ¹Alicio
573 856 607 913 et
643 848 756 934 Agnes
792 847 857 912 filie
892 848 1036 935 Philippi
1065 848 1231 914 Utdeners
1267 849 1466 914 summonite

249 967 293 996 ¹¹¹¹·
350 953 483 1018 filerunt
503 951 545 1016 ed
565 953 637 1016 unr’
653 951 771 1018 Ssluee
791 951 857 1016 filie
878 952 1013 1017 Henrici
1035 952 1087 1038 vij.
1102 975 1163 1017 scr.
1181 951 1267 1038 prati
1286 975 1361 1017 cum
1381 960 1465 1038 pert.

191 2209 313 2260 uosquou

191 2257 277 2297 hasdeu
285 2256 322 2296 do-

191 2304 270 2343 mtortr
278 2313 318 2342 rre-

190 2351 295 2390 mutim

191 2397 267 2436 debem
275 2396 329 2444 mig

191 2444 308 2482 monsieur
330 2415 337 2424 ¹

191 2490 301 2530 herodibus

191 2535 311 2576 doneturtlt

239 2623 294 2672 [ut]

191 3157 312 3206 Notsquod

190 3205 309 3300 uros

191 3297 330 3337 conuentione

190 3344 336 3438 66666.-

190 3483 285 3524 fscemtt

233 3970 304 4032 805.

243 4067 294 4107 sur.

350 1058 384 1122 in
406 1055 625 1143 Bethesheye'
640 1078 721 1142 quas
741 1063 834 1121 tenet
854 1063 889 1121 et
910 1055 951 1120 de
974 1055 1021 1120 eis
1043 1065 1155 1121 tenere
1177 1057 1297 1121 clamat
1319 1065 1353 1120 et
1375 1056 1464 1121 unde

351 1170 473 1228 curtem
496 1161 640 1248 Philippi
656 1160 828 1226 Utdeners
849 1161 951 1247 patris
973 1161 1117 1247 ipserum
1136 1161 1229 1226 cuius
1244 1161 1378 1227 heredes
1393 1161 1463 1248 ipse

351 1275 428 1331 sunt
444 1265 543 1329 hebet
559 1273 597 1328 ut
613 1263 701 1342 dicit,
717 1271 751 1328 et
766 1262 853 1328 undo
869 1263 1017 1350 queritur
1031 1264 1117 1350 quod
1132 1287 1207 1330 cum
1219 1273 1331 1329 tenere
1343 1264 1464 1330 debeat

351 1391 409 1456 per
438 1367 610 1432 seruicium
640 1367 846 1431 nominatum
876 1367 910 1430 in
940 1376 1030 1431 carte
1058 1367 1127 1453 ipse
1157 1367 1263 1432 Alicio
1292 1376 1326 1432 et
1352 1369 1466 1454 Agnes

352 1470 485 1536 herbum
507 1470 547 1535 de
569 1477 663 1556 preto
685 1469 741 1533 illo
763 1469 888 1534 faciunt
909 1469 1067 1555 asportari
1090 1477 1124 1534 et
1146 1469 1332 1535 immittunt
1353 1470 1467 1535 suerio

353 1581 468 1638 suaet
490 1573 565 1638 inde
588 1580 726 1658 poscunt
748 1581 889 1658 pratum,
911 1581 946 1638 et
968 1581 1116 1660 pretereo
1137 1575 1261 1639 faciunt
1283 1597 1354 1639 eam
1377 1597 1466 1639 sum·

354 1676 477 1741 moneri
506 1676 548 1740 ed
577 1675 699 1741 curium
729 1697 822 1740 suem
855 1685 968 1741 contre
1003 1685 1125 1742 cortem
1162 1677 1341 1764 predictam
1378 1679 1466 1743 unde

353 1778 583 1844 deterioretus⁸
598 1787 648 1844 est
663 1787 733 1856 etc„
748 1787 782 1844 et
798 1779 883 1844 unde
899 1779 979 1844 dicit
994 1780 1081 1866 quod
1096 1789 1227 1866 pratum
1246 1781 1328 1846 illud
1346 1782 1464 1847 dutum

354 1884 418 1948 fuit
437 1884 602 1948 Willelmo
622 1884 663 1948 de
691 1883 858 1948 Londonie
879 1883 1066 1949 habendum
1088 1893 1123 1950 et
1145 1885 1323 1951 tenendum
1346 1887 1408 1952 sibi
1431 1896 1467 1952 et

354 1988 527 2054 heredibus
541 1989 608 2052 suis
623 1997 657 2053 et
672 1988 845 2075 assignatis
859 1988 935 2066 suis,
949 1998 984 2054 et
999 1989 1068 2075 ipse
1082 1990 1115 2078 ei
1129 1991 1310 2076 predictum
1333 2000 1466 2078 pratum

353 2091 533 2180 ussignsuit
556 2093 649 2178 longe
673 2101 749 2156 onte
772 2101 909 2158 mortem
932 2115 1033 2172 suem,
1055 2103 1091 2159 et
1112 2095 1184 2160 ideo
1210 2097 1295 2182 petit
1321 2097 1408 2182 quod
1434 2098 1466 2162 ei

355 2197 564 2262 warentizent
582 2197 708 2262 desicut
722 2197 908 2262 continetur
923 2198 957 2262 in
973 2207 1062 2263 certo
1076 2199 1162 2284 quod
1177 2199 1283 2264 eidem
1299 2201 1465 2265 Willelmo

355 2309 389 2366 et
412 2301 584 2388 assignetis
606 2301 673 2366 suis
696 2301 903 2366 warentizare
925 2302 1054 2368 debent.
1101 2303 1144 2367 Et
1167 2305 1279 2390 Agnes
1301 2312 1335 2367 et
1357 2305 1467 2368 Alicio.

355 2412 516 2469 uenerunt
536 2412 571 2468 et
591 2413 787 2489 cognoscunt
809 2413 932 2470 cortem
955 2413 990 2469 et
1012 2405 1126 2470 dicunt
1147 2406 1233 2492 quod
1255 2408 1465 2482 warentizsre

354 2505 475 2571 debent
491 2504 596 2571 eidem
613 2506 730 2572 Seluee
746 2507 830 2572 sicut
845 2508 1007 2594 assignate
1023 2509 1125 2595 ipsius
1140 2509 1296 2574 Willelmi
1311 2520 1370 2576 etc
1390 2510 1395 2598 Ι

420 2609 568 2674 Predicte
598 2609 705 2674 Alicio
734 2619 768 2674 et
798 2611 909 2698 Agnes
938 2612 1134 2678 summonite
1171 2613 1320 2679 fuerunt¹
1338 2615 1380 2680 ed
1412 2635 1464 2680 re·

353 2713 577 2801 spondendum
597 2714 703 2778 eidem
727 2714 865 2800 Selueye
888 2717 928 2781 de
951 2717 1070 2802 placito
1092 2741 1191 2803 quere
1214 2741 1278 2783 non
1301 2721 1408 2784 tenet⁵
1430 2721 1463 2784 ei

353 2820 601 2885 conuentionem
632 2821 751 2884 factam
782 2821 868 2886 inter
896 2821 981 2908 ipsas
1010 2822 1149 2887 Alicism
1176 2831 1211 2887 et
1236 2824 1400 2910 Agnetem
1428 2833 1465 2888 et

353 2925 535 3011 predictum
552 2924 753 2989 Willelmum
774 2925 815 2989 de
837 2925 1003 2992 Londonia
1022 2927 1114 2991 cuius
1135 2927 1299 3014 assignata
1320 2927 1391 3013 ipsa
1413 2935 1466 2991 est

353 3029 394 3092 de
414 3029 454 3114 vj.
472 3051 532 3093 scr.
549 3037 634 3092 terre
655 3051 730 3093 oum
751 3030 883 3114 pertin
906 3031 1125 3118 Rutherheye,
1139 3040 1173 3096 et
1197 3031 1282 3096 unde
1305 3033 1462 3118 scriptum

354 3132 515 3218 quoddam
539 3134 661 3197 fectum
684 3133 748 3197 fuit
770 3133 857 3198 inter
880 3159 934 3200 eos
957 3136 998 3201 de
1024 3137 1137 3201 eodem
1165 3145 1252 3202 terra
1276 3137 1419 3202 tenende
1444 3161 1466 3202 a

354 3239 436 3302 festo
455 3238 486 3302 S.
503 3237 706 3325 Athelburge
726 3261 811 3304 anno
832 3240 931 3327 Regis
950 3241 1007 3327 qui
1023 3263 1108 3306 nunc
1129 3249 1179 3306 est
1199 3264 1226 3306 v.
1243 3263 1345 3327 usque
1366 3241 1401 3305 in
1421 3243 1463 3327 vj.

354 3363 454 3406 annos
469 3350 527 3406 etc

420 3445 613 3511 Concordati
627 3455 705 3511 sunt
719 3447 768 3512 et'
788 3448 956 3513 censendis
975 3449 1051 3514 telis
1071 3450 1158 3536 quod
1177 3449 1246 3536 ipse
1265 3459 1464 3537 cognoscunt

353 3555 475 3613 certem
491 3548 531 3613 de
547 3557 640 3635 proto
656 3552 834 3616 confectam
851 3561 885 3616 et
899 3561 1047 3637 proteres
1061 3555 1309 3618 conuentionem
1324 3563 1358 3619 et
1372 3553 1464 3618 illam

354 3651 515 3716 tenebunt
530 3653 708 3719 secundum
730 3655 816 3742 quod
836 3657 871 3720 in
891 3657 1011 3742 scripto
1031 3657 1217 3722 continetur
1236 3656 1323 3742 quod
1344 3657 1466 3722 Seluee

354 3757 483 3841 profert,
504 3765 538 3821 et
563 3781 620 3843 pro
642 3759 702 3824 hec
724 3767 783 3825 etc
808 3760 928 3826 Saluee
949 3761 1040 3826 dedit
1062 3761 1110 3826 eis
1132 3785 1160 3826 x.
1181 3761 1234 3827 sol.
1260 3769 1295 3826 et
1321 3763 1465 3827 remittit

354 3861 401 3926 eis
416 3862 525 3927 omnio
539 3862 681 3950 dompne
695 3873 754 3930 etc.

419 3964 559 4030 ⁸Aianus
574 3965 660 4030 filius
676 3966 812 4032 Golfridi
832 3969 1008 4036 essoniator
1028 3969 1185 4034 willelmi
1203 3969 1244 4034 de
1265 3969 1327 4054 Ely
1341 3972 1465 4057 optulit

388 4108 444 4159 1Δ.
458 4123 493 4160 nn
510 4108 550 4158 15.
936 4111 1301 4162 otolessor'soovensntuos
1312 4112 1465 4164 considered

388 4171 399 4203 ²
415 4175 578 4238 Retherheyn
590 4173 621 4224 A.
937 4176 1080 4239 essignsblo
1102 4180 1129 4226 st
1151 4176 1206 4228 this
1225 4177 1296 4241 esrly
1312 4177 1381 4228 dete
1416 4179 1464 4230 See

388 4237 399 4270 ⁸
416 4239 486 4289 Oorr.
500 4239 660 4302 ἀιιενίοναια,
674 4239 703 4291 Δ.
936 4241 1064 4305 sperwer’r
1078 4244 1141 4292 Care
1152 4244 1167 4291 5
1179 4241 1241 4304 Bop.
1256 4243 1294 4300 16,
1310 4242 1356 4292 the
1373 4244 1464 4294 fourth

390 4303 401 4335 ⁴
418 4303 465 4352 See
476 4302 519 4352 Br.
532 4303 550 4353 i.
563 4305 595 4356 37
603 4303 628 4354 b.
936 4306 1086 4356 resolution.

389 4367 400 4398 ⁶
416 4367 487 4419 corr.
502 4375 604 4427 terrem,-
620 4368 667 4419 but
679 4369 724 4429 sio,
735 4370 764 4421 A„
966 4371 976 4404 ⁷
994 4371 1094 4434 supply
1104 4379 1147 4422 ert.

389 4431 400 4464 ⁸
416 4431 480 4481 'l'bis
497 4432 520 4481 is
536 4433 603 4485 riu.
620 4437 771 4494 doemunt,
783 4436 824 4484 30.
858 4437 883 4486 1t
965 4435 976 4468 ⁸
992 4437 1021 4487 A
1036 4451 1070 4486 m.
1087 4437 1118 4486 15
1127 4436 1153 4485 d.

356 4497 381 4546 is
397 4512 457 4560 very
473 4498 634 4561 noteworthy
651 4499 709 4548 thot
726 4501 770 4550 the
786 4501 881 4550 benedt
