3314 5238
491 445 625 506 amma,
647 445 712 496 an.
737 431 830 506 1231,
852 446 915 496 aa
940 435 987 495 15.
1229 435 1292 498 423

176 611 284 700 ipsum
308 614 522 682 Gilebertum
542 625 576 681 et
595 639 653 703 per
671 617 902 704 apellecionom
922 640 1014 684 suam
1034 641 1093 705 per
1112 641 1209 706 quam
1223 620 1292 706 ipse

175 723 265 784 actor
278 721 425 786 effectus
439 721 505 786 fuit
519 730 553 786 et
567 721 669 786 eciam
684 729 857 809 postquam
871 721 1028 788 iudicium
1043 723 1166 788 factum
1180 722 1244 788 fuit
1258 723 1293 788 in

132 817 136 826 ’
174 821 265 888 curia
286 823 529 890 cristianitatis
573 825 619 890 Et
641 825 826 892 Gilcbertus
848 849 913 890 non
934 825 1043 911 potuit
1063 825 1123 890 hoc
1138 825 1293 904 dedicere,

174 933 208 989 et
235 924 314 990 ideo
343 925 596 992 Consideratum
622 927 784 1014 estquod
809 927 969 992 Unfridus
998 927 1074 992 inde
1101 927 1232 1014 quietus
1258 937 1293 994 et

174 1028 370 1098 Gilebertus
385 1031 421 1095 in
436 1030 660 1097 misericordia

75 1138 85 1150 '
109 1137 129 1195 '.
237 1135 394 1202 Jowetta
407 1137 448 1202 de
463 1137 496 1201 la
511 1136 627 1204 Strode
642 1137 729 1224 petit
743 1159 856 1202 uersus
877 1137 1010 1202 Petrum
1031 1135 1137 1202 Luuel
1157 1137 1291 1203 terciam
1350 1133 1408 1174 ⁸¹¹³·

173 1247 303 1326 partem
329 1263 363 1305 x.
384 1263 447 1305 scr.
467 1248 552 1305 torre
574 1249 609 1304 et
625 1240 650 1326 j.
671 1240 768 1306 mes'¹
791 1247 826 1305 et
847 1239 982 1306 terciam
1003 1249 1130 1326 partem
1152 1240 1290 1308 duarum

173 1343 324 1430 parcium
344 1343 370 1429 j.
388 1343 566 1408 molendini
585 1365 660 1408 cum
679 1342 812 1428 pertin
831 1342 1000 1429 Dorlringe
1020 1351 1059 1407 ut
1073 1343 1184 1408 dotem
1198 1363 1337 1438 suam⁰
1304 1351 1324 1390 Ν
1318 1353 1407 1439 ⁰³⁶3„
1404 1353 1454 1394 <¹⁰20

173 1455 233 1512 a„

238 1550 286 1616 Et
310 1550 436 1615 Petrus
458 1549 551 1614 uenit
577 1555 612 1613 et
637 1547 718 1612 dicit
744 1546 830 1634 quod
855 1569 920 1612 non
948 1546 1048 1612 debet
1076 1548 1152 1614 inde
1180 1451 1420 1626 ἀοῐιιιιιὲηῗῗῑιοωῐ
1368 1551 1454 1626 υιῶη,

173 1653 296 1720 habere
329 1654 413 1741 quia
440 1654 605 1718 Walterus
634 1653 686 1718 uir
714 1675 792 1718 suus
820 1674 879 1738 per
907 1673 1003 1737 quem
1033 1652 1144 1718 dotem
1172 1643 1434 1720 clamatibmorhm
1331 1633 1454 1682 ”dmm

173 1862 273 1928 datus
288 1871 344 1928 est
360 1862 408 1928 eis
426 1861 495 1927 dies
515 1871 574 1928 etc
590 1869 625 1926 ct
645 1861 762 1926 Petrus
783 1867 862 1926 tunc
883 1859 999 1946 probet
1021 1807 1107 1946 quod
1128 1861 1215 1928 uiuit
1237 1863 1291 1928 uel
1302 1785 1386 1870 Μ·

174 1966 278 2054 quod⁸
294 1967 319 2032 J
320 1974 444 2032 owetta
457 1966 572 2052 probet
587 1973 722 2030 mortem
737 1973 771 2030 et
780 1973 860 2030 tunc
875 1963 1068 2050 producam⁴
1078 1973 1200 2032 sectam
1215 1967 1291 2033 hinc

175 2071 260 2136 inde

78 2187 87 2202 '
125 2237 131 2248 ,
240 2174 414 2240 Beatricia
435 2174 477 2240 de
501 2173 643 2240 Gordino
666 2174 855 2240 athachiata
876 2175 940 2240 fuit
964 2175 1007 2240 ad
1032 2175 1291 2262 respondendum
1337 2193 1421 2234 om

176 2277 344 2342 Rollando
367 2277 408 2343 de
434 2277 575 2342 Acstede
601 2299 700 2364 quare
721 2301 787 2343 non
813 2285 906 2342 tenet
929 2277 960 2344 ei
983 2278 1082 2344 finem
1108 2280 1231 2344 factum
1256 2279 1292 2345 in

176 2381 268 2446 curia
283 2381 383 2446 Dom.
398 2380 498 2467 Regis
512 2403 619 2446 coram
634 2379 818 2446 iusticiariis
833 2380 1063 2448 itinerantibus
1077 2383 1165 2468 apud
1180 2383 1291 2450 Leues

177 2485 394 2571 interipsum
413 2485 610 2550 Rollandum
629 2493 820 2572 querentem
839 2493 875 2550 et
893 2485 1072 2572 predictam
1095 2487 1290 2552 Beatriciam

177 2588 416 2654 deforciantem
435 2589 477 2654 de
496 2589 624 2656 duabus
641 2590 726 2656 hidis
741 2599 826 2656 torre
841 2598 876 2656 et
891 2591 1000 2657 dimid
1017 2599 1051 2656 et
1067 2601 1183 2677 quarta
1196 2601 1289 2679 parts

172 2691 196 2776 j.
211 2692 293 2758 hide
310 2700 396 2757 torre
411 2715 486 2758 cum
501 2701 581 2779 pert.
598 2692 633 2758 in
647 2692 812 2780 Wauteby
826 2693 914 2760 unde
933 2693 1158 2782 cirographum
1178 2704 1238 2761 etc.
1254 2707 1290 2762 et

176 2796 265 2862 unde
292 2796 383 2862 idem
405 2797 584 2863 Rollandus
607 2797 755 2884 queritur
777 2797 863 2884 quod
887 2821 961 2864 cum
987 2821 1045 2884 per
1068 2799 1168 2864 finem
1193 2799 1288 2866 illum

177 2906 292 2966 tenere
308 2899 428 2974 debeat
443 2909 562 2966 terram
577 2901 668 2966 illam
679 2901 719 2966 da
730 2901 877 2987 predicta
891 2901 1052 2968 Beatricia
1066 2911 1101 2967 et
1115 2903 1288 2970 heredibus

178 3003 247 3070 suis
261 3004 334 3090 ipse
349 3012 384 3069 et
398 3005 533 3071 heredes
547 3004 618 3070 sui⁵
633 3015 667 3070 et
687 3028 745 3092 per
763 3005 937 3072 seruicium
959 3007 1056 3072 unius
1077 3007 1164 3093 paris
1186 3008 1287 3073 calca·

178 3106 266 3172 rium
290 3107 519 3172 deauratorum
542 3108 596 3174 uel
620 3131 676 3174 ser
699 3109 771 3176 den.
791 3131 850 3195 per
864 3111 940 3174 'anu
961 3131 1019 3195 pro
1041 3110 1129 3174 omni
1152 3111 1288 3176 semicio

178 3208 270 3274 saluo
292 3208 449 3276 forinseco
471 3217 507 3276 et
527 3232 602 3276 cum
622 3209 705 3296 ipsi⁸
724 3211 814 3276 illem
830 3211 861 3275 ei
875 3211 1081 3278 warantizare
1096 3212 1239 3279 debeant
1252 3225 1288 3280 et

179 3311 355 3376 heredibus
369 3311 436 3376 suis
449 3334 508 3398 per
522 3311 704 3398 predictum
718 3311 891 3378 seruicium
907 3313 978 3398 ipsa
992 3313 1081 3379 illam
1096 3337 1162 3380 non
1176 3315 1286 3382 defen-

179 3415 229 3482 dit
255 3437 317 3480 nec
343 3415 533 3480 warantizat
562 3437 674 3481 uersus
703 3416 883 3482 Robertum
913 3416 953 3482 de
980 3418 1088 3505 Busoy
1113 3419 1286 3505 capitalem

179 3519 349 3586 dominum
369 3520 444 3586 del.
461 3521 516 3586 sol.
532 3543 612 3607 quos
630 3521 700 3608 ipse
720 3521 752 3586 ei
773 3521 915 3586 reddidit
937 3521 978 3587 de
1000 3523 1121 3588 releuio
1143 3532 1177 3588 et
1198 3525 1286 3591 unde

179 3624 251 3711 ipsa
270 3647 347 3691 eum
367 3647 433 3690 non
452 3624 635 3711 aquietauit
655 3633 690 3692 et
703 3647 762 3711 pro
776 3623 906 3690 defectu
921 3625 1024 3712 ipsius
1039 3627 1200 3710 Beatricia
1214 3628 1287 3695 illos

180 3728 322 3796 reddidit
336 3735 411 3816 post
424 3728 524 3794 finem
539 3729 639 3794 illum.

243 3834 289 3899 Et
314 3833 477 3899 Beatricia
502 3832 582 3898 dicit
607 3833 694 3920 quod
719 3855 782 3899 non
807 3833 906 3899 debet
931 3855 1007 3898 oum
1030 3833 1202 3900 defendam
1226 3857 1286 3900 nec

180 3937 346 4024 aquictare
368 3960 483 4003 uersus
503 3937 676 4024 capitalem
698 3937 867 4003 dominum
888 3959 947 4023 per
968 3937 1067 4003 finem
1087 3937 1188 4004 istum
1209 3939 1286 4024 quie

180 4050 355 4127 antequam
378 4040 604 4128 cirographum
631 4047 666 4105 et
690 4039 765 4104 finis
789 4041 894 4104 factus
916 4048 1002 4106 esset
1026 4039 1130 4105 debiti
1153 4041 1285 4106 fuerunt

181 4143 317 4229 predicti
341 4143 359 4208 l
385 4143 439 4208 sol.
464 4163 521 4228 pro
544 4142 665 4208 releuio
688 4141 729 4208 de
754 4149 858 4207 morte
885 4143 1028 4229 Philippi
1052 4142 1094 4208 de
1119 4143 1284 4231 Wauteby

212 4275 507 4354 ¹Probablymcono9it.
787 4277 866 4329 ‘Sia

212 4343 285 4393 ’an
278 4342 338 4391 'tis
354 4345 383 4392 to
400 4343 431 4392 be
446 4341 576 4405 produced
593 4357 628 4393 on
642 4343 706 4394 both
788 4342 931 4406 'Perhaps
949 4357 1007 4392 som
979 4341 1124 4392 mwordso
1142 4356 1186 4394 aro
1204 4343 1281 4395 disto

181 4407 256 4457 sides.
282 4357 706 4471 Bmotoncitosthisoamtwtot
755 4409 839 4460 cated-

212 4472 297 4522 ⁸.Om
309 4473 383 4536 quod
789 4473 889 4524 ⁶.00rr
900 4471 1021 4536 ipsosnd
1032 4472 1107 4522 dehoc
1109 4471 1161 4537 ιθ)
