<?xml version="1.0" encoding="UTF-8"?>
<!DOCTYPE html PUBLIC "-//W3C//DTD XHTML 1.0 Transitional//EN"
    "http://www.w3.org/TR/xhtml1/DTD/xhtml1-transitional.dtd">
<html xmlns="http://www.w3.org/1999/xhtml" xml:lang="en" lang="en">
 <head>
  <title>
</title>
<meta http-equiv="Content-Type" content="text/html;charset=utf-8" />
  <meta name='ocr-system' content='tesseract 3.04.00' />
  <meta name='ocr-capabilities' content='ocr_page ocr_carea ocr_par ocr_line ocrx_word'/>
</head>
<body>
  <div class='ocr_page' id='page_1' title='image "./bractonsnoteboo04bracgoog_0502.png"; bbox 0 0 3314 5238; ppageno 0'>
   <div class='ocr_carea' id='block_1_1' title="bbox 296 435 1195 514">
    <p class='ocr_par' dir='ltr' id='par_1_1' title="bbox 296 435 1195 514">
     <span class='ocr_line' id='line_1_1' title="bbox 296 435 1195 514; baseline 0.001 -14"><span class='ocrx_word' id='word_1_1' title='bbox 296 439 360 502; x_wconf 68' lang='lat'>494</span> <span class='ocrx_word' id='word_1_2' title='bbox 507 448 830 514; x_wconf 65' lang='lat' dir='ltr'>monstrumne.</span> <span class='ocrx_word' id='word_1_3' title='bbox 856 435 949 513; x_wconf 82' lang='lat'>1231,</span> <span class='ocrx_word' id='word_1_4' title='bbox 971 453 1035 501; x_wconf 67' lang='lat' dir='ltr'>aa</span> <span class='ocrx_word' id='word_1_5' title='bbox 1060 436 1195 502; x_wconf 81' lang='lat'>15-16.</span> 
     </span>
    </p>
   </div>
   <div class='ocr_carea' id='block_1_2' title="bbox 250 617 1409 4246">
    <p class='ocr_par' dir='ltr' id='par_1_2' title="bbox 293 617 1405 1332">
     <span class='ocr_line' id='line_1_2' title="bbox 361 617 1404 706; baseline -0.002 -24"><span class='ocrx_word' id='word_1_6' title='bbox 361 619 404 682; x_wconf 86' lang='lat' dir='ltr'>Et</span> <span class='ocrx_word' id='word_1_7' title='bbox 419 618 604 684; x_wconf 88' lang='lat' dir='ltr'>Willelmus</span> <span class='ocrx_word' id='word_1_8' title='bbox 619 618 713 684; x_wconf 89' lang='lat' dir='ltr'>uenit</span> <span class='ocrx_word' id='word_1_9' title='bbox 728 627 762 684; x_wconf 89' lang='lat' dir='ltr'>et</span> <span class='ocrx_word' id='word_1_10' title='bbox 776 618 857 684; x_wconf 89' lang='lat' dir='ltr'>dicit</span> <span class='ocrx_word' id='word_1_11' title='bbox 872 619 959 706; x_wconf 93' lang='lat' dir='ltr'>quod</span> <span class='ocrx_word' id='word_1_12' title='bbox 973 642 1037 684; x_wconf 92' lang='lat' dir='ltr'>non</span> <span class='ocrx_word' id='word_1_13' title='bbox 1052 619 1151 685; x_wconf 90' lang='lat' dir='ltr'>debet</span> <span class='ocrx_word' id='word_1_14' title='bbox 1166 618 1197 684; x_wconf 91' lang='lat' dir='ltr'>ei</span> <span class='ocrx_word' id='word_1_15' title='bbox 1211 617 1404 704; x_wconf 86' lang='lat' dir='ltr'>respondere</span> 
     </span>
     <span class='ocr_line' id='line_1_3' title="bbox 295 722 1405 809; baseline -0.003 -21"><span class='ocrx_word' id='word_1_16' title='bbox 295 723 336 788; x_wconf 91' lang='lat' dir='ltr'>de</span> <span class='ocrx_word' id='word_1_17' title='bbox 363 723 439 788; x_wconf 88' lang='lat' dir='ltr'>dote</span> <span class='ocrx_word' id='word_1_18' title='bbox 468 723 526 789; x_wconf 80' lang='lat' dir='ltr'>illo</span> <span class='ocrx_word' id='word_1_19' title='bbox 551 723 628 809; x_wconf 84' lang='lat' dir='ltr'>quia</span> <span class='ocrx_word' id='word_1_20' title='bbox 654 731 799 808; x_wconf 86' lang='lat' dir='ltr'>tempore</span> <span class='ocrx_word' id='word_1_21' title='bbox 824 723 960 789; x_wconf 86' lang='lat' dir='ltr'>Henrioi</span> <span class='ocrx_word' id='word_1_22' title='bbox 984 723 1014 788; x_wconf 91' lang='lat' dir='ltr'>le</span> <span class='ocrx_word' id='word_1_23' title='bbox 1041 722 1161 789; x_wconf 83' lang='lat' dir='ltr'>Olauer</span> <span class='ocrx_word' id='word_1_24' title='bbox 1185 745 1283 808; x_wconf 91' lang='lat' dir='ltr'>quem</span> <span class='ocrx_word' id='word_1_25' title='bbox 1307 729 1405 786; x_wconf 85' lang='lat' dir='ltr'>uocat</span> 
     </span>
     <span class='ocr_line' id='line_1_4' title="bbox 294 825 1404 915; baseline -0.002 -23"><span class='ocrx_word' id='word_1_26' title='bbox 294 829 402 894; x_wconf 89' lang='lat' dir='ltr'>uirum</span> <span class='ocrx_word' id='word_1_27' title='bbox 418 851 514 894; x_wconf 90' lang='lat' dir='ltr'>suum</span> <span class='ocrx_word' id='word_1_28' title='bbox 529 828 612 893; x_wconf 90' lang='lat' dir='ltr'>bene</span> <span class='ocrx_word' id='word_1_29' title='bbox 628 851 686 915; x_wconf 90' lang='lat' dir='ltr'>per</span> <span class='ocrx_word' id='word_1_30' title='bbox 700 836 767 894; x_wconf 91' lang='lat' dir='ltr'>tres</span> <span class='ocrx_word' id='word_1_31' title='bbox 781 851 882 894; x_wconf 83' lang='lat' dir='ltr'>annos</span> <span class='ocrx_word' id='word_1_32' title='bbox 896 837 973 893; x_wconf 85' lang='lat' dir='ltr'>ante</span> <span class='ocrx_word' id='word_1_33' title='bbox 989 835 1128 893; x_wconf 89' lang='lat' dir='ltr'>mortem</span> <span class='ocrx_word' id='word_1_34' title='bbox 1143 826 1247 914; x_wconf 85' lang='lat' dir='ltr'>ipsius</span> <span class='ocrx_word' id='word_1_35' title='bbox 1267 825 1404 891; x_wconf 90' lang='lat' dir='ltr'>Henrici</span> 
     </span>
     <span class='ocr_line' id='line_1_5' title="bbox 293 931 1404 1020; baseline -0.002 -22"><span class='ocrx_word' id='word_1_36' title='bbox 293 933 382 1018; x_wconf 90' lang='lat' dir='ltr'>cepit</span> <span class='ocrx_word' id='word_1_37' title='bbox 396 933 467 1020; x_wconf 88' lang='lat' dir='ltr'>ipsa</span> <span class='ocrx_word' id='word_1_38' title='bbox 481 933 515 998; x_wconf 94' lang='lat' dir='ltr'>in</span> <span class='ocrx_word' id='word_1_39' title='bbox 531 933 639 997; x_wconf 88' lang='lat' dir='ltr'>uirum</span> <span class='ocrx_word' id='word_1_40' title='bbox 655 932 817 1018; x_wconf 76' lang='lat' dir='ltr'><strong>quendam</strong></span> <span class='ocrx_word' id='word_1_41' title='bbox 829 932 1007 998; x_wconf 83' lang='lat' dir='ltr'>Radulfum</span> <span class='ocrx_word' id='word_1_42' title='bbox 1022 931 1063 998; x_wconf 89' lang='lat' dir='ltr'>de</span> <span class='ocrx_word' id='word_1_43' title='bbox 1079 931 1304 998; x_wconf 84' lang='lat' dir='ltr'>Sunderlande</span> <span class='ocrx_word' id='word_1_44' title='bbox 1319 931 1404 996; x_wconf 85' lang='lat' dir='ltr'>etin</span> 
     </span>
     <span class='ocr_line' id='line_1_6' title="bbox 294 1037 1404 1124; baseline -0.002 -22"><span class='ocrx_word' id='word_1_45' title='bbox 294 1037 366 1102; x_wconf 91' lang='lat' dir='ltr'>uita</span> <span class='ocrx_word' id='word_1_46' title='bbox 380 1037 482 1123; x_wconf 84' lang='lat' dir='ltr'>ipsius</span> <span class='ocrx_word' id='word_1_47' title='bbox 498 1037 633 1102; x_wconf 87' lang='lat' dir='ltr'>Henrici</span> <span class='ocrx_word' id='word_1_48' title='bbox 648 1037 711 1102; x_wconf 81' lang='lat' dir='ltr'>luit</span> <span class='ocrx_word' id='word_1_49' title='bbox 726 1038 797 1124; x_wconf 80' lang='lat' dir='ltr'>ipse</span> <span class='ocrx_word' id='word_1_50' title='bbox 814 1037 849 1102; x_wconf 92' lang='lat' dir='ltr'>in</span> <span class='ocrx_word' id='word_1_51' title='bbox 872 1037 990 1103; x_wconf 85' lang='lat' dir='ltr'>seisina</span> <span class='ocrx_word' id='word_1_52' title='bbox 1008 1037 1049 1102; x_wconf 95' lang='lat' dir='ltr'>de</span> <span class='ocrx_word' id='word_1_53' title='bbox 1069 1037 1183 1102; x_wconf 90' lang='lat' dir='ltr'>eodem</span> <span class='ocrx_word' id='word_1_54' title='bbox 1204 1037 1344 1101; x_wconf 85' lang='lat' dir='ltr'>Radulfo</span> <span class='ocrx_word' id='word_1_55' title='bbox 1365 1044 1404 1100; x_wconf 92' lang='lat' dir='ltr'>ut</span> 
     </span>
     <span class='ocr_line' id='line_1_7' title="bbox 294 1140 1404 1229; baseline 0 -24"><span class='ocrx_word' id='word_1_56' title='bbox 294 1140 334 1206; x_wconf 90' lang='lat' dir='ltr'>de</span> <span class='ocrx_word' id='word_1_57' title='bbox 349 1141 420 1206; x_wconf 89' lang='lat' dir='ltr'>uiro</span> <span class='ocrx_word' id='word_1_58' title='bbox 435 1163 493 1206; x_wconf 88' lang='lat' dir='ltr'>suo</span> <span class='ocrx_word' id='word_1_59' title='bbox 508 1149 542 1206; x_wconf 93' lang='lat' dir='ltr'>et</span> <span class='ocrx_word' id='word_1_60' title='bbox 556 1141 663 1207; x_wconf 87' lang='lat' dir='ltr'>adhuc</span> <span class='ocrx_word' id='word_1_61' title='bbox 679 1141 774 1206; x_wconf 90' lang='lat' dir='ltr'>estin</span> <span class='ocrx_word' id='word_1_62' title='bbox 786 1141 913 1220; x_wconf 86' lang='lat' dir='ltr'>seisina,</span> <span class='ocrx_word' id='word_1_63' title='bbox 926 1151 960 1208; x_wconf 87' lang='lat' dir='ltr'>et</span> <span class='ocrx_word' id='word_1_64' title='bbox 972 1142 1052 1208; x_wconf 89' lang='lat' dir='ltr'>dicit</span> <span class='ocrx_word' id='word_1_65' title='bbox 1063 1141 1151 1229; x_wconf 92' lang='lat' dir='ltr'>quod</span> <span class='ocrx_word' id='word_1_66' title='bbox 1162 1142 1232 1228; x_wconf 87' lang='lat' dir='ltr'>ipse</span> <span class='ocrx_word' id='word_1_67' title='bbox 1243 1141 1404 1207; x_wconf 84' lang='lat' dir='ltr'>Radulfus</span> 
     </span>
     <span class='ocr_line' id='line_1_8' title="bbox 294 1245 1006 1332; baseline 0.003 -22"><span class='ocrx_word' id='word_1_68' title='bbox 294 1267 366 1310; x_wconf 86' lang='lat' dir='ltr'>eam</span> <span class='ocrx_word' id='word_1_69' title='bbox 381 1245 590 1332; x_wconf 85' lang='lat' dir='ltr'>desponsauit</span> <span class='ocrx_word' id='word_1_70' title='bbox 605 1247 694 1332; x_wconf 91' lang='lat' dir='ltr'>apud</span> <span class='ocrx_word' id='word_1_71' title='bbox 709 1245 1006 1312; x_wconf 83' lang='lat' dir='ltr'>Braundfeuldiam.</span> 
     </span>
    </p>

    <p class='ocr_par' dir='ltr' id='par_1_3' title="bbox 295 1349 1407 1852">
     <span class='ocr_line' id='line_1_9' title="bbox 359 1349 1403 1436; baseline -0.001 -21"><span class='ocrx_word' id='word_1_72' title='bbox 359 1351 404 1415; x_wconf 85' lang='lat' dir='ltr'>Et</span> <span class='ocrx_word' id='word_1_73' title='bbox 418 1351 441 1415; x_wconf 87' lang='lat' dir='ltr'>J</span> <span class='ocrx_word' id='word_1_74' title='bbox 443 1352 571 1415; x_wconf 82' lang='lat' dir='ltr'>ohanna</span> <span class='ocrx_word' id='word_1_75' title='bbox 584 1350 668 1415; x_wconf 87' lang='lat' dir='ltr'>bene</span> <span class='ocrx_word' id='word_1_76' title='bbox 684 1349 831 1415; x_wconf 80' lang='lat' dir='ltr'>defendit</span> <span class='ocrx_word' id='word_1_77' title='bbox 846 1349 933 1436; x_wconf 91' lang='lat' dir='ltr'>quod</span> <span class='ocrx_word' id='word_1_78' title='bbox 948 1371 1116 1436; x_wconf 90' lang='lat' dir='ltr'>nunquam</span> <span class='ocrx_word' id='word_1_79' title='bbox 1131 1349 1219 1436; x_wconf 90' lang='lat' dir='ltr'>cepit</span> <span class='ocrx_word' id='word_1_80' title='bbox 1238 1349 1274 1414; x_wconf 89' lang='lat' dir='ltr'>in</span> <span class='ocrx_word' id='word_1_81' title='bbox 1294 1349 1403 1414; x_wconf 89' lang='lat' dir='ltr'>uirum</span> 
     </span>
     <span class='ocr_line' id='line_1_10' title="bbox 295 1453 1405 1542; baseline -0.001 -23"><span class='ocrx_word' id='word_1_82' title='bbox 295 1454 402 1542; x_wconf 90' lang='lat' dir='ltr'>ipsum</span> <span class='ocrx_word' id='word_1_83' title='bbox 418 1454 597 1520; x_wconf 84' lang='lat' dir='ltr'>Radulfum</span> <span class='ocrx_word' id='word_1_84' title='bbox 612 1478 671 1521; x_wconf 90' lang='lat' dir='ltr'>uec</span> <span class='ocrx_word' id='word_1_85' title='bbox 687 1463 833 1541; x_wconf 87' lang='lat' dir='ltr'>tempore</span> <span class='ocrx_word' id='word_1_86' title='bbox 849 1454 985 1520; x_wconf 82' lang='lat' dir='ltr'>Hemici</span> <span class='ocrx_word' id='word_1_87' title='bbox 999 1477 1144 1541; x_wconf 82' lang='lat' dir='ltr'>unquam</span> <span class='ocrx_word' id='word_1_88' title='bbox 1164 1453 1265 1518; x_wconf 82' lang='lat' dir='ltr'>alium</span> <span class='ocrx_word' id='word_1_89' title='bbox 1285 1453 1405 1518; x_wconf 88' lang='lat' dir='ltr'>habuit</span> 
     </span>
     <span class='ocr_line' id='line_1_11' title="bbox 295 1556 1406 1644; baseline 0 -23"><span class='ocrx_word' id='word_1_90' title='bbox 295 1557 330 1622; x_wconf 93' lang='lat' dir='ltr'>in</span> <span class='ocrx_word' id='word_1_91' title='bbox 346 1556 452 1622; x_wconf 86' lang='lat' dir='ltr'>uirum</span> <span class='ocrx_word' id='word_1_92' title='bbox 467 1581 563 1644; x_wconf 86' lang='lat' dir='ltr'>quam</span> <span class='ocrx_word' id='word_1_93' title='bbox 584 1557 765 1644; x_wconf 90' lang='lat' dir='ltr'>predictum</span> <span class='ocrx_word' id='word_1_94' title='bbox 782 1558 963 1622; x_wconf 90' lang='lat' dir='ltr'>Henricum</span> <span class='ocrx_word' id='word_1_95' title='bbox 984 1566 1019 1623; x_wconf 90' lang='lat' dir='ltr'>et</span> <span class='ocrx_word' id='word_1_96' title='bbox 1038 1557 1220 1644; x_wconf 91' lang='lat' dir='ltr'>dicitquod</span> <span class='ocrx_word' id='word_1_97' title='bbox 1240 1557 1406 1643; x_wconf 85' lang='lat' dir='ltr'>predictus</span> 
     </span>
     <span class='ocr_line' id='line_1_12' title="bbox 296 1660 1407 1727; baseline 0 -1"><span class='ocrx_word' id='word_1_98' title='bbox 296 1661 457 1726; x_wconf 85' lang='lat' dir='ltr'>Heuu&#39;cus</span> <span class='ocrx_word' id='word_1_99' title='bbox 472 1661 554 1727; x_wconf 92' lang='lat' dir='ltr'>obiit</span> <span class='ocrx_word' id='word_1_100' title='bbox 569 1661 698 1726; x_wconf 81' lang='lat' dir='ltr'>saisitus</span> <span class='ocrx_word' id='word_1_101' title='bbox 719 1661 759 1726; x_wconf 91' lang='lat' dir='ltr'>de</span> <span class='ocrx_word' id='word_1_102' title='bbox 778 1684 817 1727; x_wconf 90' lang='lat' dir='ltr'>ea</span> <span class='ocrx_word' id='word_1_103' title='bbox 838 1661 923 1727; x_wconf 85' lang='lat' dir='ltr'>sieut</span> <span class='ocrx_word' id='word_1_104' title='bbox 937 1660 979 1726; x_wconf 90' lang='lat' dir='ltr'>de</span> <span class='ocrx_word' id='word_1_105' title='bbox 1000 1683 1100 1726; x_wconf 85' lang='lat' dir='ltr'>uxore</span> <span class='ocrx_word' id='word_1_106' title='bbox 1123 1669 1239 1726; x_wconf 85' lang='lat' dir='ltr'>suaet</span> <span class='ocrx_word' id='word_1_107' title='bbox 1260 1661 1295 1724; x_wconf 90' lang='lat' dir='ltr'>in</span> <span class='ocrx_word' id='word_1_108' title='bbox 1318 1669 1407 1726; x_wconf 84' lang='lat' dir='ltr'>terra</span> 
     </span>
     <span class='ocr_line' id='line_1_13' title="bbox 295 1765 720 1852; baseline 0 -20"><span class='ocrx_word' id='word_1_109' title='bbox 295 1767 353 1832; x_wconf 86' lang='lat' dir='ltr'>illa</span> <span class='ocrx_word' id='word_1_110' title='bbox 367 1766 408 1832; x_wconf 89' lang='lat' dir='ltr'>de</span> <span class='ocrx_word' id='word_1_111' title='bbox 423 1788 488 1852; x_wconf 84' lang='lat' dir='ltr'>qua</span> <span class='ocrx_word' id='word_1_112' title='bbox 502 1765 612 1830; x_wconf 90' lang='lat' dir='ltr'>dotem</span> <span class='ocrx_word' id='word_1_113' title='bbox 627 1766 720 1852; x_wconf 89' lang='lat' dir='ltr'>petit.</span> 
     </span>
    </p>

    <p class='ocr_par' dir='ltr' id='par_1_4' title="bbox 296 1869 1408 3499">
     <span class='ocr_line' id='line_1_14' title="bbox 361 1869 1406 1956; baseline 0 -20"><span class='ocrx_word' id='word_1_114' title='bbox 361 1871 405 1936; x_wconf 86' lang='lat' dir='ltr'>Et</span> <span class='ocrx_word' id='word_1_115' title='bbox 420 1869 604 1935; x_wconf 87' lang='lat' dir='ltr'>Willelmus</span> <span class='ocrx_word' id='word_1_116' title='bbox 619 1869 800 1956; x_wconf 91' lang='lat' dir='ltr'>dicitquod</span> <span class='ocrx_word' id='word_1_117' title='bbox 821 1869 987 1956; x_wconf 89' lang='lat' dir='ltr'>predictus</span> <span class='ocrx_word' id='word_1_118' title='bbox 1001 1869 1162 1934; x_wconf 85' lang='lat' dir='ltr'>Radulfus</span> <span class='ocrx_word' id='word_1_119' title='bbox 1182 1877 1232 1934; x_wconf 88' lang='lat' dir='ltr'>est</span> <span class='ocrx_word' id='word_1_120' title='bbox 1252 1871 1305 1935; x_wconf 86' lang='lat' dir='ltr'>uir</span> <span class='ocrx_word' id='word_1_121' title='bbox 1326 1893 1406 1936; x_wconf 88' lang='lat' dir='ltr'>suus</span> 
     </span>
     <span class='ocr_line' id='line_1_15' title="bbox 296 1973 1407 2060; baseline -0.002 -20"><span class='ocrx_word' id='word_1_122' title='bbox 296 1983 331 2040; x_wconf 90' lang='lat' dir='ltr'>et</span> <span class='ocrx_word' id='word_1_123' title='bbox 351 1973 415 2039; x_wconf 89' lang='lat' dir='ltr'>fuit</span> <span class='ocrx_word' id='word_1_124' title='bbox 437 1982 582 2060; x_wconf 88' lang='lat' dir='ltr'>tempore</span> <span class='ocrx_word' id='word_1_125' title='bbox 603 1973 742 2060; x_wconf 76' lang='lat' dir='ltr'><strong>predicti</strong></span> <span class='ocrx_word' id='word_1_126' title='bbox 762 1973 898 2039; x_wconf 88' lang='lat' dir='ltr'>Henrici</span> <span class='ocrx_word' id='word_1_127' title='bbox 916 1973 1095 2038; x_wconf 87' lang='lat' dir='ltr'>seeundum</span> <span class='ocrx_word' id='word_1_128' title='bbox 1117 1973 1204 2060; x_wconf 92' lang='lat' dir='ltr'>quod</span> <span class='ocrx_word' id='word_1_129' title='bbox 1223 1973 1407 2060; x_wconf 91' lang='lat' dir='ltr'>predictum</span> 
     </span>
     <span class='ocr_line' id='line_1_16' title="bbox 296 2075 1407 2162; baseline -0.001 -20"><span class='ocrx_word' id='word_1_130' title='bbox 296 2085 354 2143; x_wconf 87' lang='lat' dir='ltr'>est.</span> <span class='ocrx_word' id='word_1_131' title='bbox 400 2077 518 2142; x_wconf 88' lang='lat' dir='ltr'>Postea</span> <span class='ocrx_word' id='word_1_132' title='bbox 532 2076 625 2140; x_wconf 90' lang='lat' dir='ltr'>uenit</span> <span class='ocrx_word' id='word_1_133' title='bbox 640 2075 805 2161; x_wconf 87' lang='lat' dir='ltr'>predictus</span> <span class='ocrx_word' id='word_1_134' title='bbox 820 2075 980 2140; x_wconf 83' lang='lat' dir='ltr'>Radulfus</span> <span class='ocrx_word' id='word_1_135' title='bbox 995 2097 1101 2140; x_wconf 86' lang='lat' dir='ltr'>coram</span> <span class='ocrx_word' id='word_1_136' title='bbox 1116 2075 1302 2141; x_wconf 84' lang='lat' dir='ltr'>iusticiariis</span> <span class='ocrx_word' id='word_1_137' title='bbox 1316 2077 1407 2162; x_wconf 88' lang='lat' dir='ltr'>apud</span> 
     </span>
     <span class='ocr_line' id='line_1_17' title="bbox 297 2179 1407 2269; baseline 0 -23"><span class='ocrx_word' id='word_1_138' title='bbox 297 2181 621 2248; x_wconf 72' lang='lat' dir='ltr'>westmonasterium</span> <span class='ocrx_word' id='word_1_139' title='bbox 645 2189 680 2246; x_wconf 92' lang='lat' dir='ltr'>et</span> <span class='ocrx_word' id='word_1_140' title='bbox 706 2181 859 2269; x_wconf 84' lang='lat' dir='ltr'>cognouit</span> <span class='ocrx_word' id='word_1_141' title='bbox 881 2179 967 2267; x_wconf 93' lang='lat' dir='ltr'>quod</span> <span class='ocrx_word' id='word_1_142' title='bbox 989 2180 1055 2245; x_wconf 85' lang='lat' dir='ltr'>iam</span> <span class='ocrx_word' id='word_1_143' title='bbox 1077 2189 1150 2246; x_wconf 86' lang='lat' dir='ltr'>octo</span> <span class='ocrx_word' id='word_1_144' title='bbox 1172 2180 1265 2244; x_wconf 85' lang='lat' dir='ltr'>annis</span> <span class='ocrx_word' id='word_1_145' title='bbox 1288 2181 1407 2267; x_wconf 83' lang='lat' dir='ltr'>elapsis</span> 
     </span>
     <span class='ocr_line' id='line_1_18' title="bbox 296 2283 1406 2370; baseline -0.001 -19"><span class='ocrx_word' id='word_1_146' title='bbox 296 2285 338 2351; x_wconf 89' lang='lat' dir='ltr'>ad</span> <span class='ocrx_word' id='word_1_147' title='bbox 353 2286 472 2350; x_wconf 85' lang='lat' dir='ltr'>festum</span> <span class='ocrx_word' id='word_1_148' title='bbox 496 2285 526 2350; x_wconf 89' lang='lat' dir='ltr'>S.</span> <span class='ocrx_word' id='word_1_149' title='bbox 544 2283 673 2348; x_wconf 84' lang='lat' dir='ltr'>Andree</span> <span class='ocrx_word' id='word_1_150' title='bbox 695 2283 789 2350; x_wconf 82' lang='lat' dir='ltr'>duxit</span> <span class='ocrx_word' id='word_1_151' title='bbox 811 2283 846 2348; x_wconf 94' lang='lat' dir='ltr'>in</span> <span class='ocrx_word' id='word_1_152' title='bbox 868 2305 1002 2348; x_wconf 89' lang='lat' dir='ltr'>uxorem</span> <span class='ocrx_word' id='word_1_153' title='bbox 1019 2283 1199 2370; x_wconf 81' lang='lat' dir='ltr'>predictam</span> <span class='ocrx_word' id='word_1_154' title='bbox 1220 2285 1406 2350; x_wconf 79' lang='lat' dir='ltr'>Johannam</span> 
     </span>
     <span class='ocr_line' id='line_1_19' title="bbox 296 2387 1406 2476; baseline 0 -22"><span class='ocrx_word' id='word_1_155' title='bbox 296 2389 425 2476; x_wconf 85' lang='lat' dir='ltr'>puplice</span> <span class='ocrx_word' id='word_1_156' title='bbox 441 2397 475 2454; x_wconf 93' lang='lat' dir='ltr'>et</span> <span class='ocrx_word' id='word_1_157' title='bbox 492 2388 528 2454; x_wconf 91' lang='lat' dir='ltr'>in</span> <span class='ocrx_word' id='word_1_158' title='bbox 543 2389 624 2454; x_wconf 83' lang='lat' dir='ltr'>facie</span> <span class='ocrx_word' id='word_1_159' title='bbox 644 2389 775 2454; x_wconf 87' lang='lat' dir='ltr'>ecclesie</span> <span class='ocrx_word' id='word_1_160' title='bbox 795 2389 884 2476; x_wconf 86' lang='lat' dir='ltr'>apud</span> <span class='ocrx_word' id='word_1_161' title='bbox 898 2387 1187 2454; x_wconf 83' lang='lat' dir='ltr'>Braundfeuldiam</span> <span class='ocrx_word' id='word_1_162' title='bbox 1210 2411 1316 2454; x_wconf 78' lang='lat' dir='ltr'>coram</span> <span class='ocrx_word' id='word_1_163' title='bbox 1332 2389 1406 2475; x_wconf 92' lang='lat' dir='ltr'>plu·</span> 
     </span>
     <span class='ocr_line' id='line_1_20' title="bbox 296 2491 1406 2578; baseline 0.001 -20"><span class='ocrx_word' id='word_1_164' title='bbox 296 2493 394 2570; x_wconf 90' lang='lat' dir='ltr'>ribus,</span> <span class='ocrx_word' id='word_1_165' title='bbox 409 2500 444 2557; x_wconf 89' lang='lat' dir='ltr'>et</span> <span class='ocrx_word' id='word_1_166' title='bbox 458 2491 538 2557; x_wconf 90' lang='lat' dir='ltr'>dicit</span> <span class='ocrx_word' id='word_1_167' title='bbox 553 2492 640 2578; x_wconf 93' lang='lat' dir='ltr'>quod</span> <span class='ocrx_word' id='word_1_168' title='bbox 655 2492 726 2578; x_wconf 85' lang='lat' dir='ltr'>ipsa</span> <span class='ocrx_word' id='word_1_169' title='bbox 739 2492 894 2578; x_wconf 76' lang='lat' dir='ltr'>placitare</span> <span class='ocrx_word' id='word_1_170' title='bbox 915 2513 980 2556; x_wconf 90' lang='lat' dir='ltr'>non</span> <span class='ocrx_word' id='word_1_171' title='bbox 996 2499 1104 2577; x_wconf 84' lang='lat' dir='ltr'>potest</span> <span class='ocrx_word' id='word_1_172' title='bbox 1124 2491 1193 2556; x_wconf 82' lang='lat' dir='ltr'>sine</span> <span class='ocrx_word' id='word_1_173' title='bbox 1209 2513 1257 2569; x_wconf 92' lang='lat' dir='ltr'>eo,</span> <span class='ocrx_word' id='word_1_174' title='bbox 1271 2500 1306 2557; x_wconf 90' lang='lat' dir='ltr'>et</span> <span class='ocrx_word' id='word_1_175' title='bbox 1320 2493 1406 2559; x_wconf 89' lang='lat' dir='ltr'>bene</span> 
     </span>
     <span class='ocr_line' id='line_1_21' title="bbox 297 2595 1408 2684; baseline 0 -22"><span class='ocrx_word' id='word_1_176' title='bbox 297 2597 378 2662; x_wconf 93' lang='lat' dir='ltr'>dicit</span> <span class='ocrx_word' id='word_1_177' title='bbox 392 2596 479 2683; x_wconf 94' lang='lat' dir='ltr'>quod</span> <span class='ocrx_word' id='word_1_178' title='bbox 499 2597 663 2684; x_wconf 88' lang='lat' dir='ltr'>predictus</span> <span class='ocrx_word' id='word_1_179' title='bbox 678 2597 840 2662; x_wconf 87' lang='lat' dir='ltr'>Henricus</span> <span class='ocrx_word' id='word_1_180' title='bbox 860 2595 1033 2683; x_wconf 84' lang='lat' dir='ltr'>aliquando</span> <span class='ocrx_word' id='word_1_181' title='bbox 1048 2595 1255 2682; x_wconf 86' lang='lat' dir='ltr'>inplaciteuit</span> <span class='ocrx_word' id='word_1_182' title='bbox 1275 2619 1350 2661; x_wconf 89' lang='lat' dir='ltr'>eum</span> <span class='ocrx_word' id='word_1_183' title='bbox 1371 2606 1408 2662; x_wconf 92' lang='lat' dir='ltr'>et</span> 
     </span>
     <span class='ocr_line' id='line_1_22' title="bbox 298 2700 1407 2788; baseline 0 -22"><span class='ocrx_word' id='word_1_184' title='bbox 298 2700 476 2788; x_wconf 76' lang='lat' dir='ltr'>predictam</span> <span class='ocrx_word' id='word_1_185' title='bbox 505 2700 690 2766; x_wconf 86' lang='lat' dir='ltr'>Johannam</span> <span class='ocrx_word' id='word_1_186' title='bbox 720 2709 754 2766; x_wconf 88' lang='lat' dir='ltr'>et</span> <span class='ocrx_word' id='word_1_187' title='bbox 783 2701 882 2788; x_wconf 90' lang='lat' dir='ltr'>petiit</span> <span class='ocrx_word' id='word_1_188' title='bbox 910 2723 982 2766; x_wconf 85' lang='lat' dir='ltr'>eam</span> <span class='ocrx_word' id='word_1_189' title='bbox 1012 2700 1047 2764; x_wconf 92' lang='lat' dir='ltr'>in</span> <span class='ocrx_word' id='word_1_190' title='bbox 1076 2723 1218 2777; x_wconf 84' lang='lat' dir='ltr'>uxorem,</span> <span class='ocrx_word' id='word_1_191' title='bbox 1248 2709 1299 2764; x_wconf 88' lang='lat' dir='ltr'>set</span> <span class='ocrx_word' id='word_1_192' title='bbox 1327 2709 1407 2766; x_wconf 85' lang='lat' dir='ltr'>ante</span> 
     </span>
     <span class='ocr_line' id='line_1_23' title="bbox 297 2804 1407 2892; baseline 0.001 -22"><span class='ocrx_word' id='word_1_193' title='bbox 297 2805 454 2870; x_wconf 91' lang='lat' dir='ltr'>iudicium</span> <span class='ocrx_word' id='word_1_194' title='bbox 470 2812 504 2869; x_wconf 88' lang='lat' dir='ltr'>et</span> <span class='ocrx_word' id='word_1_195' title='bbox 519 2805 718 2870; x_wconf 83' lang='lat' dir='ltr'>sentenciam</span> <span class='ocrx_word' id='word_1_196' title='bbox 734 2805 834 2870; x_wconf 85' lang='lat' dir='ltr'>latam</span> <span class='ocrx_word' id='word_1_197' title='bbox 850 2805 932 2870; x_wconf 92' lang='lat' dir='ltr'>obiit</span> <span class='ocrx_word' id='word_1_198' title='bbox 946 2804 1034 2870; x_wconf 90' lang='lat' dir='ltr'>idem</span> <span class='ocrx_word' id='word_1_199' title='bbox 1050 2804 1212 2870; x_wconf 87' lang='lat' dir='ltr'>Henricus</span> <span class='ocrx_word' id='word_1_200' title='bbox 1227 2805 1262 2869; x_wconf 90' lang='lat' dir='ltr'>in</span> <span class='ocrx_word' id='word_1_201' title='bbox 1277 2805 1407 2892; x_wconf 83' lang='lat' dir='ltr'>placite,</span> 
     </span>
     <span class='ocr_line' id='line_1_24' title="bbox 297 2908 1407 2996; baseline -0.002 -20"><span class='ocrx_word' id='word_1_202' title='bbox 297 2919 332 2976; x_wconf 90' lang='lat' dir='ltr'>et</span> <span class='ocrx_word' id='word_1_203' title='bbox 343 2908 424 2974; x_wconf 88' lang='lat' dir='ltr'>dicit</span> <span class='ocrx_word' id='word_1_204' title='bbox 435 2909 521 2994; x_wconf 91' lang='lat' dir='ltr'>quod</span> <span class='ocrx_word' id='word_1_205' title='bbox 532 2917 645 2995; x_wconf 83' lang='lat' dir='ltr'>postea</span> <span class='ocrx_word' id='word_1_206' title='bbox 658 2909 824 2975; x_wconf 87' lang='lat' dir='ltr'>sentencia</span> <span class='ocrx_word' id='word_1_207' title='bbox 839 2910 906 2975; x_wconf 86' lang='lat' dir='ltr'>lata</span> <span class='ocrx_word' id='word_1_208' title='bbox 920 2917 970 2974; x_wconf 89' lang='lat' dir='ltr'>est</span> <span class='ocrx_word' id='word_1_209' title='bbox 985 2931 1043 2995; x_wconf 88' lang='lat' dir='ltr'>pro</span> <span class='ocrx_word' id='word_1_210' title='bbox 1058 2909 1115 2974; x_wconf 88' lang='lat' dir='ltr'>eo¹</span> <span class='ocrx_word' id='word_1_211' title='bbox 1127 2931 1233 2974; x_wconf 89' lang='lat' dir='ltr'>coram</span> <span class='ocrx_word' id='word_1_212' title='bbox 1247 2910 1407 2996; x_wconf 84' lang='lat' dir='ltr'>Episcopo</span> 
     </span>
     <span class='ocr_line' id='line_1_25' title="bbox 299 2997 1405 3100; baseline 0.002 -22"><span class='ocrx_word' id='word_1_213' title='bbox 299 3013 499 3078; x_wconf 84' lang='lat' dir='ltr'>Norwicensi</span> <span class='ocrx_word' id='word_1_214' title='bbox 519 3036 577 3100; x_wconf 89' lang='lat' dir='ltr'>per</span> <span class='ocrx_word' id='word_1_215' title='bbox 592 3036 690 3100; x_wconf 88' lang='lat' dir='ltr'>quam</span> <span class='ocrx_word' id='word_1_216' title='bbox 709 3013 781 3100; x_wconf 87' lang='lat' dir='ltr'>ipsa</span> <span class='ocrx_word' id='word_1_217' title='bbox 799 2997 830 3078; x_wconf 85' lang='lat' dir='ltr'>ei</span> <span class='ocrx_word' id='word_1_218' title='bbox 851 3013 1037 3078; x_wconf 84' lang='lat' dir='ltr'>adiudicate</span> <span class='ocrx_word' id='word_1_219' title='bbox 1056 3022 1107 3079; x_wconf 88' lang='lat' dir='ltr'>est</span> <span class='ocrx_word' id='word_1_220' title='bbox 1129 3013 1214 3078; x_wconf 88' lang='lat' dir='ltr'>sicut</span> <span class='ocrx_word' id='word_1_221' title='bbox 1236 3037 1317 3079; x_wconf 88' lang='lat' dir='ltr'>uxor</span> <span class='ocrx_word' id='word_1_222' title='bbox 1337 3037 1405 3081; x_wconf 82' lang='lat' dir='ltr'>sua</span> 
     </span>
     <span class='ocr_line' id='line_1_26' title="bbox 299 3117 1408 3206; baseline 0.003 -24"><span class='ocrx_word' id='word_1_223' title='bbox 299 3117 377 3182; x_wconf 84' lang='lat' dir='ltr'>Post</span> <span class='ocrx_word' id='word_1_224' title='bbox 403 3117 496 3182; x_wconf 92' lang='lat' dir='ltr'>uenit</span> <span class='ocrx_word' id='word_1_225' title='bbox 522 3117 682 3182; x_wconf 71' lang='lat' dir='ltr'>Thomas*</span> <span class='ocrx_word' id='word_1_226' title='bbox 709 3118 926 3183; x_wconf 81' lang='lat' dir='ltr'>Noruicensis</span> <span class='ocrx_word' id='word_1_227' title='bbox 956 3117 1133 3204; x_wconf 82' lang='lat' dir='ltr'>Episcopus</span> <span class='ocrx_word' id='word_1_228' title='bbox 1158 3127 1193 3184; x_wconf 90' lang='lat' dir='ltr'>et</span> <span class='ocrx_word' id='word_1_229' title='bbox 1217 3118 1408 3206; x_wconf 91' lang='lat' dir='ltr'>dicitquod</span> 
     </span>
     <span class='ocr_line' id='line_1_27' title="bbox 299 3221 1407 3309; baseline 0.005 -23"><span class='ocrx_word' id='word_1_230' title='bbox 299 3221 322 3286; x_wconf 83' lang='lat' dir='ltr'><strong>J</strong></span> <span class='ocrx_word' id='word_1_231' title='bbox 323 3221 451 3286; x_wconf 84' lang='lat' dir='ltr'>ohanna</span> <span class='ocrx_word' id='word_1_232' title='bbox 465 3222 743 3288; x_wconf 84' lang='lat' dir='ltr'>excommunicata</span> <span class='ocrx_word' id='word_1_233' title='bbox 757 3229 807 3286; x_wconf 88' lang='lat' dir='ltr'>est</span> <span class='ocrx_word' id='word_1_234' title='bbox 822 3231 856 3287; x_wconf 88' lang='lat' dir='ltr'>et</span> <span class='ocrx_word' id='word_1_235' title='bbox 872 3222 958 3309; x_wconf 92' lang='lat' dir='ltr'>quod</span> <span class='ocrx_word' id='word_1_236' title='bbox 973 3223 1133 3288; x_wconf 83' lang='lat' dir='ltr'>Radulfus</span> <span class='ocrx_word' id='word_1_237' title='bbox 1147 3231 1198 3288; x_wconf 88' lang='lat' dir='ltr'>est</span> <span class='ocrx_word' id='word_1_238' title='bbox 1212 3223 1265 3288; x_wconf 88' lang='lat' dir='ltr'>uir</span> <span class='ocrx_word' id='word_1_239' title='bbox 1278 3247 1356 3290; x_wconf 87' lang='lat' dir='ltr'>suus</span> <span class='ocrx_word' id='word_1_240' title='bbox 1370 3235 1407 3291; x_wconf 90' lang='lat' dir='ltr'>et</span> 
     </span>
     <span class='ocr_line' id='line_1_28' title="bbox 300 3325 1408 3413; baseline 0.005 -23"><span class='ocrx_word' id='word_1_241' title='bbox 300 3325 386 3411; x_wconf 95' lang='lat' dir='ltr'>quod</span> <span class='ocrx_word' id='word_1_242' title='bbox 408 3326 618 3411; x_wconf 85' lang='lat' dir='ltr'>solempniter</span> <span class='ocrx_word' id='word_1_243' title='bbox 636 3349 708 3390; x_wconf 91' lang='lat' dir='ltr'>eam</span> <span class='ocrx_word' id='word_1_244' title='bbox 728 3326 937 3412; x_wconf 85' lang='lat' dir='ltr'>desponsauit</span> <span class='ocrx_word' id='word_1_245' title='bbox 956 3327 1045 3413; x_wconf 87' lang='lat' dir='ltr'>apud</span> <span class='ocrx_word' id='word_1_246' title='bbox 1063 3328 1317 3396; x_wconf 82' lang='lat' dir='ltr'>Brunleuldiam.</span> <span class='ocrx_word' id='word_1_247' title='bbox 1362 3331 1408 3395; x_wconf 84' lang='lat' dir='ltr'>Et</span> 
     </span>
     <span class='ocr_line' id='line_1_29' title="bbox 300 3430 1307 3499; baseline 0.002 -3"><span class='ocrx_word' id='word_1_248' title='bbox 300 3430 373 3496; x_wconf 91' lang='lat' dir='ltr'>ideo</span> <span class='ocrx_word' id='word_1_249' title='bbox 388 3430 571 3496; x_wconf 90' lang='lat' dir='ltr'>Willelmus</span> <span class='ocrx_word' id='word_1_250' title='bbox 585 3430 661 3495; x_wconf 89' lang='lat' dir='ltr'>inde</span> <span class='ocrx_word' id='word_1_251' title='bbox 676 3430 745 3496; x_wconf 90' lang='lat' dir='ltr'>sine</span> <span class='ocrx_word' id='word_1_252' title='bbox 760 3430 813 3495; x_wconf 88' lang='lat' dir='ltr'>die</span> <span class='ocrx_word' id='word_1_253' title='bbox 828 3430 930 3496; x_wconf 91' lang='lat' dir='ltr'>donec</span> <span class='ocrx_word' id='word_1_254' title='bbox 945 3431 968 3496; x_wconf 84' lang='lat' dir='ltr'>J</span> <span class='ocrx_word' id='word_1_255' title='bbox 968 3431 1097 3496; x_wconf 86' lang='lat' dir='ltr'>ohanna</span> <span class='ocrx_word' id='word_1_256' title='bbox 1111 3431 1307 3499; x_wconf 86' lang='lat' dir='ltr'>absoluatur.</span> 
     </span>
    </p>

    <p class='ocr_par' dir='ltr' id='par_1_5' title="bbox 250 3534 1409 4039">
     <span class='ocr_line' id='line_1_30' title="bbox 367 3534 1408 3624; baseline 0.006 -26"><span class='ocrx_word' id='word_1_257' title='bbox 367 3534 502 3599; x_wconf 87' lang='lat' dir='ltr'>Matillis</span> <span class='ocrx_word' id='word_1_258' title='bbox 524 3557 587 3620; x_wconf 88' lang='lat' dir='ltr'>que</span> <span class='ocrx_word' id='word_1_259' title='bbox 605 3534 669 3599; x_wconf 90' lang='lat' dir='ltr'>fuit</span> <span class='ocrx_word' id='word_1_260' title='bbox 691 3557 772 3599; x_wconf 84' lang='lat' dir='ltr'>uxor</span> <span class='ocrx_word' id='word_1_261' title='bbox 795 3535 946 3600; x_wconf 86' lang='lat' dir='ltr'>Nicholai</span> <span class='ocrx_word' id='word_1_262' title='bbox 968 3534 1008 3600; x_wconf 90' lang='lat' dir='ltr'>de</span> <span class='ocrx_word' id='word_1_263' title='bbox 1031 3535 1064 3600; x_wconf 88' lang='lat' dir='ltr'>la</span> <span class='ocrx_word' id='word_1_264' title='bbox 1078 3536 1165 3623; x_wconf 87' lang='lat' dir='ltr'>Wyk</span> <span class='ocrx_word' id='word_1_265' title='bbox 1186 3538 1272 3624; x_wconf 90' lang='lat' dir='ltr'>petit</span> <span class='ocrx_word' id='word_1_266' title='bbox 1294 3561 1408 3604; x_wconf 85' lang='lat' dir='ltr'>uersus</span> 
     </span>
     <span class='ocr_line' id='line_1_31' title="bbox 250 3635 1409 3729; baseline 0.003 -25"><span class='ocrx_word' id='word_1_267' title='bbox 250 3680 255 3691; x_wconf 93' lang='lat'>·</span> <span class='ocrx_word' id='word_1_268' title='bbox 301 3635 440 3705; x_wconf 71' lang='lat' dir='ltr'>illiciam</span> <span class='ocrx_word' id='word_1_269' title='bbox 460 3639 500 3704; x_wconf 90' lang='lat' dir='ltr'>de</span> <span class='ocrx_word' id='word_1_270' title='bbox 524 3639 644 3703; x_wconf 84' lang='lat' dir='ltr'>Esham</span> <span class='ocrx_word' id='word_1_271' title='bbox 664 3638 752 3724; x_wconf 91' lang='lat' dir='ltr'>quod</span> <span class='ocrx_word' id='word_1_272' title='bbox 773 3638 888 3704; x_wconf 82' lang='lat' dir='ltr'>reddat</span> <span class='ocrx_word' id='word_1_273' title='bbox 910 3639 941 3703; x_wconf 90' lang='lat' dir='ltr'>ei</span> <span class='ocrx_word' id='word_1_274' title='bbox 962 3639 1142 3705; x_wconf 79' lang='lat' dir='ltr'>custodiam</span> <span class='ocrx_word' id='word_1_275' title='bbox 1165 3649 1327 3729; x_wconf 87' lang='lat' dir='ltr'>terreque</span> <span class='ocrx_word' id='word_1_276' title='bbox 1343 3642 1409 3709; x_wconf 86' lang='lat' dir='ltr'>suit</span> 
     </span>
     <span class='ocr_line' id='line_1_32' title="bbox 301 3741 1408 3834; baseline 0.004 -25"><span class='ocrx_word' id='word_1_277' title='bbox 301 3744 403 3830; x_wconf 86' lang='lat' dir='ltr'>ipsius</span> <span class='ocrx_word' id='word_1_278' title='bbox 419 3742 569 3806; x_wconf 88' lang='lat' dir='ltr'>Nicholai</span> <span class='ocrx_word' id='word_1_279' title='bbox 589 3741 624 3806; x_wconf 93' lang='lat' dir='ltr'>iu</span> <span class='ocrx_word' id='word_1_280' title='bbox 646 3741 850 3828; x_wconf 85' lang='lat' dir='ltr'>Bedingham</span> <span class='ocrx_word' id='word_1_281' title='bbox 866 3764 930 3828; x_wconf 92' lang='lat' dir='ltr'>que</span> <span class='ocrx_word' id='word_1_282' title='bbox 945 3743 987 3808; x_wconf 89' lang='lat' dir='ltr'>ad</span> <span class='ocrx_word' id='word_1_283' title='bbox 1010 3765 1082 3808; x_wconf 89' lang='lat' dir='ltr'>eam</span> <span class='ocrx_word' id='word_1_284' title='bbox 1103 3745 1246 3830; x_wconf 88' lang='lat' dir='ltr'>pertinet</span> <span class='ocrx_word' id='word_1_285' title='bbox 1268 3747 1408 3834; x_wconf 91' lang='lat' dir='ltr'>eoquod</span> 
     </span>
     <span class='ocr_line' id='line_1_33' title="bbox 301 3846 1409 3938; baseline 0.005 -26"><span class='ocrx_word' id='word_1_286' title='bbox 301 3847 466 3934; x_wconf 85' lang='lat' dir='ltr'>prodictus</span> <span class='ocrx_word' id='word_1_287' title='bbox 482 3846 660 3911; x_wconf 85' lang='lat' dir='ltr'>Nicholaus</span> <span class='ocrx_word' id='word_1_288' title='bbox 678 3847 907 3911; x_wconf 85' lang='lat' dir='ltr'>terramillam</span> <span class='ocrx_word' id='word_1_289' title='bbox 929 3847 1037 3912; x_wconf 88' lang='lat' dir='ltr'>tenuit</span> <span class='ocrx_word' id='word_1_290' title='bbox 1059 3849 1094 3913; x_wconf 89' lang='lat' dir='ltr'>in</span> <span class='ocrx_word' id='word_1_291' title='bbox 1115 3850 1260 3938; x_wconf 84' lang='lat' dir='ltr'>soocagio</span> <span class='ocrx_word' id='word_1_292' title='bbox 1282 3860 1316 3916; x_wconf 92' lang='lat' dir='ltr'>et</span> <span class='ocrx_word' id='word_1_293' title='bbox 1330 3853 1409 3938; x_wconf 86' lang='lat' dir='ltr'>quia</span> 
     </span>
     <span class='ocr_line' id='line_1_34' title="bbox 301 3949 1315 4039; baseline 0.006 -24"><span class='ocrx_word' id='word_1_294' title='bbox 301 3950 447 4038; x_wconf 89' lang='lat' dir='ltr'>predicta</span> <span class='ocrx_word' id='word_1_295' title='bbox 462 3949 598 4014; x_wconf 88' lang='lat' dir='ltr'>Matillis</span> <span class='ocrx_word' id='word_1_296' title='bbox 612 3957 662 4014; x_wconf 87' lang='lat' dir='ltr'>est</span> <span class='ocrx_word' id='word_1_297' title='bbox 677 3949 887 4036; x_wconf 89' lang='lat' dir='ltr'>propinquior</span> <span class='ocrx_word' id='word_1_298' title='bbox 902 3950 1024 4016; x_wconf 79' lang='lat' dir='ltr'>hered&#39;⁸</span> <span class='ocrx_word' id='word_1_299' title='bbox 1039 3953 1140 4039; x_wconf 86' lang='lat' dir='ltr'>ipsius</span> <span class='ocrx_word' id='word_1_300' title='bbox 1156 3953 1315 4022; x_wconf 72' lang='lat' dir='ltr'>Nicholei„</span> 
     </span>
    </p>

    <p class='ocr_par' dir='ltr' id='par_1_6' title="bbox 302 4053 1408 4246">
     <span class='ocr_line' id='line_1_35' title="bbox 367 4053 1408 4145; baseline 0.008 -26"><span class='ocrx_word' id='word_1_301' title='bbox 367 4056 411 4119; x_wconf 87' lang='lat' dir='ltr'>Et</span> <span class='ocrx_word' id='word_1_302' title='bbox 433 4053 539 4119; x_wconf 80' lang='lat' dir='ltr'>Alicio</span> <span class='ocrx_word' id='word_1_303' title='bbox 560 4054 654 4119; x_wconf 89' lang='lat' dir='ltr'>uenit</span> <span class='ocrx_word' id='word_1_304' title='bbox 676 4063 711 4119; x_wconf 89' lang='lat' dir='ltr'>et</span> <span class='ocrx_word' id='word_1_305' title='bbox 733 4054 814 4120; x_wconf 88' lang='lat' dir='ltr'>dicit</span> <span class='ocrx_word' id='word_1_306' title='bbox 836 4055 922 4142; x_wconf 92' lang='lat' dir='ltr'>quod</span> <span class='ocrx_word' id='word_1_307' title='bbox 948 4079 1012 4121; x_wconf 90' lang='lat' dir='ltr'>uon</span> <span class='ocrx_word' id='word_1_308' title='bbox 1038 4057 1137 4122; x_wconf 89' lang='lat' dir='ltr'>debet</span> <span class='ocrx_word' id='word_1_309' title='bbox 1162 4058 1194 4123; x_wconf 93' lang='lat' dir='ltr'>ei</span> <span class='ocrx_word' id='word_1_310' title='bbox 1215 4060 1408 4145; x_wconf 88' lang='lat' dir='ltr'>respondere</span> 
     </span>
     <span class='ocr_line' id='line_1_36' title="bbox 302 4159 1406 4246; baseline 0.007 -22"><span class='ocrx_word' id='word_1_311' title='bbox 302 4160 378 4246; x_wconf 80' lang='lat' dir='ltr'>quia</span> <span class='ocrx_word' id='word_1_312' title='bbox 386 4159 551 4246; x_wconf 89' lang='lat' dir='ltr'>predictus</span> <span class='ocrx_word' id='word_1_313' title='bbox 562 4159 740 4224; x_wconf 89' lang='lat' dir='ltr'>Nicholaus</span> <span class='ocrx_word' id='word_1_314' title='bbox 751 4159 868 4224; x_wconf 83' lang='lat' dir='ltr'>habuit</span> <span class='ocrx_word' id='word_1_315' title='bbox 880 4160 1054 4246; x_wconf 82' lang='lat' dir='ltr'>quamdam</span> <span class='ocrx_word' id='word_1_316' title='bbox 1066 4183 1199 4226; x_wconf 84' lang='lat' dir='ltr'>uxorem</span> <span class='ocrx_word' id='word_1_317' title='bbox 1211 4163 1406 4232; x_wconf 84' lang='lat' dir='ltr'>Matillidem</span> 
     </span>
    </p>
   </div>
   <div class='ocr_carea' id='block_1_3' title="bbox 301 4352 1408 4546">
    <p class='ocr_par' dir='ltr' id='par_1_7' title="bbox 301 4352 1408 4546">
     <span class='ocr_line' id='line_1_37' title="bbox 334 4352 1076 4416; baseline 0.001 -13"><span class='ocrx_word' id='word_1_318' title='bbox 334 4353 344 4386; x_wconf 82' lang='lat'>¹</span> <span class='ocrx_word' id='word_1_319' title='bbox 367 4354 399 4403; x_wconf 86' lang='lat' dir='ltr'>In</span> <span class='ocrx_word' id='word_1_320' title='bbox 427 4353 518 4404; x_wconf 81' lang='lat' dir='ltr'>lavonr</span> <span class='ocrx_word' id='word_1_321' title='bbox 544 4353 574 4403; x_wconf 85' lang='lat' dir='ltr'>ol</span> <span class='ocrx_word' id='word_1_322' title='bbox 605 4353 700 4416; x_wconf 81' lang='lat' dir='ltr'>Ralpt.</span> <span class='ocrx_word' id='word_1_323' title='bbox 745 4352 829 4404; x_wconf 83' lang='lat' dir='ltr'>There</span> <span class='ocrx_word' id='word_1_324' title='bbox 912 4352 1076 4404; x_wconf 78' lang='lat' dir='ltr'>&#39;Blunville</span> 
     </span>
     <span class='ocr_line' id='line_1_38' title="bbox 301 4417 1408 4482; baseline 0.008 -13"><span class='ocrx_word' id='word_1_325' title='bbox 301 4433 363 4482; x_wconf 80' lang='lat' dir='ltr'>may</span> <span class='ocrx_word' id='word_1_326' title='bbox 384 4419 450 4468; x_wconf 80' lang='lat' dir='ltr'>have</span> <span class='ocrx_word' id='word_1_327' title='bbox 471 4419 536 4468; x_wconf 86' lang='lat' dir='ltr'>boen</span> <span class='ocrx_word' id='word_1_328' title='bbox 558 4433 639 4480; x_wconf 81' lang='lat' dir='ltr'>many</span> <span class='ocrx_word' id='word_1_329' title='bbox 661 4433 768 4469; x_wconf 74' lang='lat' dir='ltr'>reasons</span> <span class='ocrx_word' id='word_1_330' title='bbox 789 4417 829 4468; x_wconf 79' lang='lat' dir='ltr'>lor</span> <span class='ocrx_word' id='word_1_331' title='bbox 912 4417 1087 4480; x_wconf 63' lang='lat' dir='ltr'>&#39;heredium</span> <span class='ocrx_word' id='word_1_332' title='bbox 1110 4419 1155 4471; x_wconf 87' lang='lat' dir='ltr'>the</span> <span class='ocrx_word' id='word_1_333' title='bbox 1172 4427 1275 4474; x_wconf 81' lang='lat' dir='ltr'>nearest</span> <span class='ocrx_word' id='word_1_334' title='bbox 1296 4425 1408 4478; x_wconf 79' lang='lat' dir='ltr'>relation</span> 
     </span>
     <span class='ocr_line' id='line_1_39' title="bbox 302 4483 1051 4546; baseline 0.005 -12"><span class='ocrx_word' id='word_1_335' title='bbox 302 4483 643 4546; x_wconf 77' lang='lat' dir='ltr'>excommunicatingJoan.</span> <span class='ocrx_word' id='word_1_336' title='bbox 880 4484 910 4533; x_wconf 82' lang='lat' dir='ltr'>ol</span> <span class='ocrx_word' id='word_1_337' title='bbox 919 4483 1051 4538; x_wconf 71' lang='lat' dir='ltr'>theheirs.</span> 
     </span>
    </p>
   </div>
   <div class='ocr_carea' id='block_1_4' title="bbox 0 0 1668 5238">
    <p class='ocr_par' dir='ltr' id='par_1_8' title="bbox 0 0 1668 5238">
     <span class='ocr_line' id='line_1_40' title="bbox 0 0 1668 5238; baseline 0 0"><span class='ocrx_word' id='word_1_338' title='bbox 0 0 1668 5238; x_wconf 95' lang='lat' dir='ltr'> </span> 
     </span>
    </p>
   </div>
  </div>
 </body>
</html>
