3360 5236
510 465 648 528 marm,
669 463 734 516 nn.
760 450 854 528 1232,
876 463 939 515 nn.
964 452 1013 517 16.
1250 447 1314 516 5³7

28 631 29 712 J
83 649 157 713 699,
271 631 698 700 WillelmusdeSenewella
706 633 851 700 Lucasle
864 631 1319 700 Seriauntetaliiathachiati
1364 645 1447 684 neuun

206 739 340 804 fuerunt
354 738 396 804 ad
411 738 670 825 respondendum
685 737 708 804 J
709 739 828 804 ordano
843 738 1010 805 Lambrict
1024 738 1065 802 de
1083 738 1204 824 placito
1218 758 1318 823 quare

206 843 319 909 domos
343 841 447 930 ipsius
468 841 605 908 Jordani
633 841 669 907 in
695 842 875 908 Senewella
899 849 994 906 nocte
1016 849 1262 928 prostrauerunt
1284 846 1319 904 et

207 953 459 1033 asportauerunt
476 953 589 1010 contra
608 966 721 1032 pacem
740 945 835 1012 Dom.
855 945 956 1032 Regis
978 953 1048 1023 etc,
1063 944 1150 1009 unde
1171 944 1320 1030 queritur

208 1049 295 1136 quod
320 1049 404 1114 sicut
431 1049 615 1114 Willelmus
637 1049 841 1114 Waleranen’
868 1056 903 1113 et
929 1047 1094 1113 Walterus
1120 1048 1220 1112 frater
1248 1047 1319 1112 eius

206 1161 343 1239 nepotes
358 1153 410 1218 sui
425 1154 558 1218 fuerunt
573 1153 608 1217 in
622 1152 769 1238 predicta
783 1152 878 1218 domo
893 1174 952 1217 sua
969 1151 1048 1216 dum
1068 1151 1137 1238 ipse
1158 1152 1222 1216 fuit
1244 1173 1319 1216 cum

210 1248 305 1322 Dom.
321 1256 541 1321 wintoniensi
556 1254 729 1342 Episcopo¹
745 1263 908 1320 uenerunt
927 1255 1066 1341 predicti
1080 1255 1265 1320 Willelmus
1285 1263 1320 1319 et

208 1359 267 1424 alii
296 1367 331 1424 et
360 1367 608 1446 prostrauerunt
637 1359 817 1445 predictam
846 1357 979 1424 domum
1009 1366 1044 1423 et
1069 1366 1320 1445 asportauerunt

208 1463 328 1529 catalla
349 1485 408 1527 sua
433 1463 498 1528 scil.
521 1462 545 1548 j.
570 1461 798 1528 hauberchun⁸
818 1463 919 1549 precii
941 1462 1016 1528 dim.
1042 1477 1137 1529 marc.
1160 1471 1195 1528 et
1216 1485 1320 1528 unum

209 1568 371 1654 capellum
386 1565 461 1632 ferri
476 1565 576 1654 precii
591 1567 645 1653 xij.
661 1566 733 1632 den.
746 1575 781 1632 et
796 1589 896 1632 unam
911 1567 1057 1632 lanceam
1072 1567 1173 1653 precii
1187 1568 1229 1653 vj.
1245 1567 1320 1634 den.

209 1681 245 1737 ct
263 1672 288 1757 j.
311 1694 422 1736 arcum
444 1679 479 1736 et
501 1671 639 1757 sagittas
660 1670 762 1756 precii
787 1670 841 1756 xij.
869 1670 942 1735 den.
965 1678 1000 1736 et
1021 1671 1156 1735 bladum
1177 1671 1278 1757 precii
1294 1671 1321 1756 j.

209 1799 306 1842 marc.
323 1783 358 1842 et
371 1798 495 1862 pannos
514 1775 557 1840 ad
577 1775 757 1840 ualenciam
780 1775 825 1861 iij.
847 1775 911 1854 sol„
927 1783 962 1840 et
985 1775 1071 1861 quod
1093 1775 1154 1840 hoc
1174 1775 1321 1840 fecerunt

209 1879 363 1965 nequiter
377 1887 412 1944 et
427 1879 463 1943 in
478 1878 597 1944 felonia
611 1880 704 1944 offert
720 1879 854 1964 probare
866 1878 950 1944 sicut
962 1878 1052 1943 curia
1061 1878 1319 1944 considerauerit.

276 1983 320 2047 Et
331 1983 516 2048 Willelmus
531 1991 566 2048 et
580 1983 636 2047 alii
651 1983 790 2048 ueniunt
805 1991 840 2049 et
851 1982 1032 2048 defendunt
1043 1987 1157 2069 pacem
1168 1983 1320 2047 feloniam

210 2093 246 2151 et
275 2085 434 2150 roberiam
464 2093 498 2150 et
527 2085 681 2172 quicquid
711 2093 762 2150 est
792 2094 905 2150 contra
933 2107 1047 2172 pacem
1077 2093 1138 2151 etc.
1173 2093 1208 2150 et
1236 2084 1320 2150 bene

210 2197 407 2276 cognoscunt
422 2189 508 2274 quod
523 2188 587 2274 ipsi
601 2197 854 2275 asportauerunt
868 2188 1048 2275 predictam
1063 2188 1196 2255 domum
1211 2189 1251 2255 dc
1266 2189 1319 2255 die

210 2311 269 2376 per
282 2298 472 2377 preceptum
484 2291 589 2356 Alicie
601 2290 641 2355 de
653 2291 778 2356 Mohun
789 2291 918 2356 domine
929 2314 986 2356 sue
998 2299 1033 2356 et
1044 2314 1103 2378 per
1113 2292 1318 2357 uoluntatem

211 2395 368 2460 Willelmi
390 2395 431 2460 de
455 2395 634 2461 Senewella
654 2395 712 2481 qui
734 2419 865 2482 presens
887 2403 937 2460 est
960 2403 994 2460 et
1015 2396 1095 2461 dicit
1121 2396 1208 2482 quod
1237 2396 1320 2462 liber

210 2496 307 2560 homo
322 2495 387 2561 est⁸
402 2504 436 2562 et
456 2496 539 2562 benc
560 2496 707 2562 concedit
726 2496 812 2583 quod
833 2498 1013 2583 asportauit
1034 2521 1093 2584 per
1114 2500 1319 2566 uoluntatem

210 2620 303 2664 suam
317 2599 479 2685 predictas
494 2599 613 2667 domos.

275 2701 321 2765 Et
344 2701 507 2766 Jordanus
528 2702 623 2767 uenit
644 2711 679 2766 et
701 2702 781 2767 dicit
803 2701 891 2789 quod
912 2701 1000 2768 idem
1022 2704 1207 2772 Willelmus
1228 2708 1319 2794 prius

211 2804 378 2870 dimiserat
404 2806 435 2871 ei
458 2814 577 2871 terram
600 2829 692 2872 suam
715 2807 755 2872 de
779 2807 960 2874 Senewella
988 2816 1165 2895 antequam
1194 2810 1317 2896 aliquid

211 2919 411 2978 concesserat
440 2911 585 2997 predicte
614 2909 731 2977 Alicie.
792 2912 836 2976 Et
868 2912 941 2977 ideo
975 2913 1101 2978 dictum
1131 2921 1181 2978 est
1211 2914 1317 2980 eidem

211 3013 353 3079 Jordnno
368 3015 455 3102 quod
469 3015 539 3102 ipse
554 3016 721 3103 perquirat
739 3038 773 3080 se
794 3039 908 3082 uersus
926 3015 931 3104 Ι
951 3015 1132 3082 dominam⁴
1146 3039 1204 3102 per
1218 3017 1317 3082 breue

211 3116 252 3182 de
267 3141 353 3183 noua
367 3118 541 3184 disseisina
588 3120 632 3183 Et
647 3119 687 3184 de
702 3119 807 3205 apello
819 3119 859 3184 de
874 3142 953 3206 pace
969 3127 1003 3185 et
1017 3119 1143 3186 robaria
1157 3120 1253 3186 datus
1268 3129 1318 3188 est

212 3221 258 3286 eis
273 3221 342 3286 dies
356 3221 391 3285 in
407 3221 552 3286 aduentu
567 3221 826 3290 iusticiariorum

154 3401 161 3413 ·
276 3323 435 3389 Ricardus
448 3325 561 3390 Abbas
576 3324 609 3390 S.
625 3323 812 3390 Eadmundi
826 3323 1033 3390 athachiatus
1054 3324 1118 3389 fuit
1132 3324 1173 3391 ad
1188 3348 1318 3412 respon-

211 3429 354 3496 dendum
381 3429 504 3495 Thome
534 3429 574 3494 de
605 3428 785 3492 Blakeham
815 3449 914 3513 quaro
943 3450 1008 3492 non
1038 3436 1130 3493 tenet
1159 3429 1191 3494 ei
1219 3431 1318 3496 finem

211 3533 333 3599 factum
347 3533 383 3598 in
404 3533 493 3598 curia
513 3534 606 3598 Dom.
628 3532 728 3620 Regis
752 3555 858 3597 coram
880 3531 1066 3598 iusticiariis
1088 3533 1319 3600 itinerantibus

211 3637 298 3723 apud
339 3636 567 3703 Gatteshillam
612 3636 699 3700 inter
739 3633 847 3720 ipsum
884 3635 1042 3701 Thomam
1078 3645 1247 3723 petentem
1284 3648 1319 3704 et

211 3740 386 3826 Hugonem
423 3739 589 3805 Abbatem
627 3739 659 3804 S.
698 3737 884 3804 Eadmundi
925 3739 1181 3824 predecessorem
1217 3741 1319 3827 ipsius

211 3842 351 3908 Abbatis
377 3841 562 3907 tenentem⁸
582 3841 607 3927 j.
631 3841 768 3906 molend’
791 3864 866 3906 cum
888 3850 969 3927 pert.
992 3851 1027 3907 et
1052 3851 1124 3908 octo
1146 3867 1207 3910 acr.
1233 3853 1318 3911 terre

174 4003 177 4008 .
211 3969 286 4012 cum
310 3954 390 4033 pert
423 3946 458 4010 in
488 3945 651 4010 Fomham
673 3945 760 4010 unde
783 3945 1008 4032 cirographum
1031 3955 1101 4025 etc,
1123 3947 1209 4012 unde
1231 3947 1317 4014 idem

212 4048 351 4114 Thomas
366 4049 514 4135 queritur
529 4047 615 4134 quod
630 4070 705 4112 cum
720 4047 789 4134 ipse
805 4069 863 4134 per
883 4047 1066 4134 predictum
1086 4049 1185 4114 finem
1200 4049 1319 4116 debeat

245 4297 255 4330 ¹
272 4297 347 4347 Peter
363 4294 410 4344 des
428 4293 528 4344 Rochee
550 4293 573 4344 is
595 4293 678 4357 newly
700 4308 737 4343 re·
822 4293 832 4326 ¹
849 4292 912 4343 Was
932 4292 1004 4345 thero
1021 4309 1093 4346 some
1109 4295 1227 4358 question
1244 4311 1274 4346 aa
1290 4299 1318 4348 to

212 4361 306 4413 turned
328 4361 397 4410 from
418 4359 460 4409 his
476 4359 636 4422 pilgrimage.
672 4359 735 4410 Mat.
789 4357 942 4421 villeinage?

213 4429 271 4480 Par.
284 4429 376 4477 Ghron.
389 4427 455 4490 McJ'.
467 4425 518 4473 vol.
530 4427 554 4483 3,
566 4439 591 4486 p.
604 4425 659 4475 204.
822 4424 833 4455 ⁴
849 4423 928 4474 Alica.

246 4489 633 4554 ’Ahabergeombreastplata
823 4488 1000 4554 ‘Supplyda
