3360 5236
88 1311 161 1377 784.

420 467 740 530 monstrumne.
765 457 859 533 1233,
881 473 944 522 sn
968 457 1105 529 17—18.
1251 463 1315 528 603

208 865 269 930 ΒΕ
292 865 500 931 TERMINO
524 865 555 931 S.
578 855 831 932 MIOHAELIS
855 867 988 933 ANNO
1011 867 1156 932 REGNI
1180 869 1315 934 REGIS

295 968 492 1035 HENRIOI
543 969 655 1033 FILII
707 969 843 1035 REGIS
894 969 1131 1035 IOHANNIS
1183 971 1315 1037 XVIJ0.

295 1072 566 1139 INCIPIENTE
595 1070 758 1139 XVIIJ⁰.¹
942 1081 946 1088 '

272 1309 415 1398 'Symon
445 1310 485 1375 de
515 1309 626 1374 Toltes
655 1330 714 1395 per
739 1315 942 1373 attornatum
969 1333 1064 1374 suum
1091 1311 1177 1396 petit
1203 1333 1317 1375 uersus
1376 1319 1434 1348 ⁴⁰·

209 1413 314 1479 Adam
351 1413 392 1478 de
430 1412 554 1500 Stagno
591 1420 626 1477 et
663 1411 821 1476 Thomam
852 1412 970 1478 Picher
1005 1413 1091 1500 quod
1129 1413 1249 1478 faciant
1286 1413 1317 1478 ei

207 1514 456 1580 consuetudines
485 1522 520 1580 et
549 1523 639 1580 recta
667 1513 805 1580 seruicia
834 1537 898 1600 que
928 1515 960 1580 ei
990 1517 1093 1581 facere
1123 1516 1245 1581 debent
1275 1517 1315 1581 de

208 1627 394 1684 tenemento
409 1617 495 1704 quod
511 1617 551 1682 de
567 1640 605 1682 eo
620 1626 736 1683 tenent
751 1618 785 1682 in
801 1619 977 1706 uillenagio
993 1619 1028 1684 in
1043 1621 1160 1684 Testes,

273 1721 316 1785 Et
345 1720 408 1806 ipsi
438 1719 577 1784 ueniunt
607 1727 641 1784 et
667 1729 863 1807 cognoscunt
890 1721 976 1806 quod
1002 1721 1116 1785 uillani
1142 1730 1225 1787 sunt.
1273 1723 1316 1788 Et

209 1825 330 1912 Symon
344 1824 492 1890 concedit
502 1824 549 1889 eis
563 1824 650 1910 quod
662 1832 797 1890 teneant
809 1833 999 1890 tenemento
1014 1848 1073 1890 sua
1084 1826 1229 1891 faciendo
1239 1827 1315 1892 inde

206 1927 343 1992 seruicia
363 1949 426 2013 que
449 1927 615 2012 pertinent
637 1926 680 1991 ad
702 1927 924 2014 uillenagium‚
939 1927 988 1992 ita
1009 1936 1121 1992 tamen
1142 1928 1229 2014 quod
1250 1953 1316 1994 non

207 2032 286 2097 dent
312 2032 385 2118 plus
411 2031 446 2095 in
468 2031 628 2096 auxilium
650 2031 690 2095 ad
714 2031 834 2095 festum
857 2031 888 2096 S.
912 2031 1009 2097 Mich.
1033 2053 1092 2096 nec
1114 2055 1316 2117 perannum

208 2159 305 2222 quam
329 2135 506 2200 duodecem
532 2133 680 2199 denarios
706 2133 829 2199 scilicet
855 2133 994 2220 quilibet
1019 2134 1162 2221 ipsorum
1192 2143 1227 2200 et
1256 2135 1316 2201 hoc

208 2238 337 2304 nomine
352 2237 486 2326 tallagii

147 2400 155 2416 ,
272 2341 378 2406 ’Prior
392 2341 432 2406 de
447 2339 662 2406 Wallinham‘
677 2341 893 2406 summonitus
911 2342 975 2407 luit
994 2342 1036 2407 ad
1056 2341 1314 2429 respondendum

207 2447 300 2512 Dom.
317 2445 401 2532 Regi
416 2467 514 2531 quare
529 2444 668 2530 impedit
683 2468 758 2510 eum
774 2454 959 2531 presentare
975 2446 1124 2512 idoneam
1144 2469 1314 2534 personam

206 2551 248 2616 ad
263 2549 429 2615 ecclesiam
445 2549 484 2613 de
500 2548 724 2636 Bedingeham
743 2548 748 2636 Ι
769 2573 832 2636 que
848 2559 943 2616 uacat
958 2559 993 2616 et
1013 2551 1054 2616 ad
1075 2574 1166 2617 suam
1187 2559 1314 2638 spectat

206 2653 422 2719 donacionem.
468 2653 512 2716 Et
535 2651 626 2716 Prior
649 2675 714 2717 non
739 2653 833 2717 uenit
859 2661 928 2730 etc,
952 2663 987 2719 et
1012 2655 1229 2720 summonitus
1253 2663 1312 2720 eto.

206 2757 250 2822 Et
265 2757 342 2844 quia
356 2765 486 2842 tempus
504 2755 604 2821 breue
625 2765 675 2820 est
696 2763 730 2820 et
751 2756 828 2842 quia
847 2757 982 2822 ecclesia
1001 2767 1105 2837 uacat,
1120 2758 1161 2823 de
1181 2759 1313 2824 consilio

205 2861 293 2926 curie
306 2859 521 2946 distringatur
535 2859 620 2945 quod
636 2859 679 2923 sit
693 2881 714 2924 a
728 2858 797 2923 die⁶
812 2867 871 2925 etc.
887 2882 945 2946 per
959 2869 1061 2924 terras
1076 2869 1111 2925 et
1125 2861 1250 2927 catalla

1374 2353 1434 2393 Norl.

1364 2566 1442 2616 [11le

149 3025 155 3037 ,
270 2963 443 3028 ‘Ricardus
463 2963 548 3027 lilius
569 2962 728 3049 Stephani
749 2963 948 3028 attachiatus
970 2964 1034 3028 luit
1055 2963 1097 3028 ad
1119 2965 1312 3051 responden·
1392 2986 1441 3016 ποι

206 3069 285 3134 dum
310 3067 380 3132 Eue
405 3066 446 3132 de
472 3067 595 3132 Breusa
618 3089 716 3153 quare
742 3067 868 3132 leuauit
892 3067 1054 3153 quoddam
1076 3076 1254 3133 mercatum
1278 3069 1313 3134 in

207 3173 433 3238 Deretemuwe
455 3171 496 3236 ad
518 3179 749 3237 nocumentum
772 3172 907 3238 mercati
928 3173 980 3237 sui
1002 3172 1042 3237 de
1066 3173 1264 3252 Tottenesse,
1279 3183 1314 3239 et

207 3299 306 3364 quare
321 3277 394 3364 capi
409 3276 485 3342 lecit
500 3275 749 3342 consuetudines
764 3286 798 3342 et
819 3277 965 3342 namium
985 3277 1073 3364 apud
1087 3279 1314 3344 Deretcmuwe

207 3387 319 3444 eontra
338 3380 522 3445 libertatem
542 3379 687 3444 eiusdem
706 3379 784 3445 uille
804 3403 867 3466 que
888 3380 960 3466 capi
980 3381 1085 3445 solent
1105 3389 1187 3466 aput
1201 3381 1314 3446 Totte-

206 3508 305 3550 nesse.
352 3485 395 3549 Et
410 3485 492 3550 bene
507 3485 656 3571 queritur
675 3486 762 3573 quod
777 3507 877 3550 naues
893 3493 927 3550 et
943 3485 1142 3551 memandise
1158 3506 1220 3572 que
1236 3486 1315 3550 uehi

205 3587 362 3654 deberent
376 3596 411 3653 et
425 3589 546 3675 portari
561 3595 643 3676 aput
663 3587 854 3654 Tottenesse
875 3599 1061 3655 arestantur
1080 3597 1162 3676 aput
1178 3590 1313 3656 Derete-

205 3714 319 3769 muwe,
334 3699 368 3757 et
388 3691 436 3757 ibi
455 3691 535 3756 dant
555 3692 805 3758 eonsuetudines
827 3715 901 3758 snas
923 3716 986 3780 que
1009 3693 1079 3757 dari
1102 3693 1258 3759 deberent
1280 3703 1315 3759 et

204 3795 309 3861 solent
324 3796 411 3882 apud
426 3795 623 3870 Tottenesse,
640 3803 675 3861 et
694 3795 781 3861 unde
795 3796 876 3862 dicit
891 3796 977 3882 qnod
992 3805 1165 3884 postquam
1179 3798 1314 3863 heredes

205 3901 361 3966 Willclmi
375 3901 416 3966 de
431 3901 554 3966 Breusa
568 3901 751 3966 extiterunt
771 3901 805 3965 in
826 3923 925 3966 manu
940 3901 1033 3967 Dom.
1051 3902 1151 3990 Regis
1167 3903 1313 3966 leuatum

204 4011 254 4067 est
269 4011 447 4068 mercatum
462 4004 553 4082 illud,
567 4005 654 4070 unde
671 4004 885 4070 deterioratos
900 4013 949 4070 est
965 4013 999 4070 et
1019 4005 1198 4091 dampnum
1214 4005 1314 4070 habet

204 4103 246 4170 ad
261 4105 441 4170 ualenciam
456 4129 480 4171 c.
497 4107 553 4173 sol.
570 4115 604 4172 et
619 4107 696 4173 inde
712 4107 863 4194 producit
877 4115 1006 4174 sectam.

237 4291 246 4324 ¹
263 4291 314 4342 For
335 4291 389 4343 this
410 4295 476 4346 term
496 4293 645 4346 A=Ooram
664 4293 733 4357 Rogo
816 4291 1311 4357 ⁴wusinghsm.rronau.v01.t‚p.u.

203 4355 262 4406 aon
272 4358 313 4409 40.
740 4357 745 4366 ’
816 4359 865 4409 ‘A
881 4359 975 4409 mouth
991 4359 1058 4410 [rom
1076 4357 1243 4408 Miuhaelmns
1259 4357 1312 4408 and

235 4419 246 4453 ¹
262 4422 339 4474 Μ.
355 4423 377 4474 1.
784 4423 909 4475 itisnow
920 4424 964 4474 the
976 4427 1072 4477 octove.
1102 4424 1133 4474 A.

236 4485 341 4538 ’ΔΛΕ
355 4489 378 4540 1.
816 4489 979 4540 ⁸A.m.2d.
