3314 5238
332 403 396 464 488
541 409 864 470 murmurare.
889 394 983 469 1231,
1006 407 1068 456 ua
1094 393 1230 456 15-16.

331 585 516 654 meliorauit
538 585 568 650 ei
588 591 694 650 statue
717 605 794 648 suus
809 605 868 668 per
889 579 1020 668 aliquod
1040 587 1170 666 tempus
1190 579 1291 644 immo
1315 601 1444 665 semper

220 680 221 683 ¹
332 687 543 754 deteriorauit
579 695 613 751 et
649 685 725 750 inde
755 691 882 771 ponunt
918 706 951 749 ae
982 706 1079 770 super
1108 683 1246 770 patriam
1276 691 1312 748 et
1342 679 1444 748 testes

332 791 515 858 nominatos
529 790 564 854 in
579 797 677 854 carta.
1318 789 1322 794 '

343 925 344 928 ¹
398 894 442 959 Et
464 894 648 960 Willelmus
670 891 750 957 dicit
772 889 859 978 quod
881 889 1010 977 quando
1032 897 1154 954 cartam
1177 889 1267 953 illam
1286 887 1364 953 fecit
1379 887 1444 952 fuit

333 1021 462 1085 compos
484 997 535 1062 sui
557 1005 591 1062 et
606 996 689 1062 bone
712 995 865 1060 memorie
888 1003 923 1059 et
940 993 1026 1080 quod
1041 995 1118 1058 fecit
1141 1015 1213 1058 eam
1236 991 1278 1057 ad
1300 992 1443 1057 Natiuit.

335 1102 366 1167 S.
390 1101 463 1166 Jou
487 1109 521 1166 et
543 1101 718 1165 adsertam
743 1099 775 1164 S.
798 1098 894 1163 Mich.
918 1120 1056 1183 sequens
1078 1097 1246 1161 maritauit
1268 1095 1443 1182 quamdam

334 1205 434 1270 filiam
462 1226 555 1268 suam
579 1211 613 1266 et
636 1201 699 1266 iuit
722 1224 796 1266 cum
823 1223 862 1266 ea
891 1200 932 1266 ad
957 1201 1197 1278 monasterium,
1220 1207 1254 1264 et
1280 1199 1321 1264 ad
1344 1199 1444 1264 Puris.

336 1309 371 1372 B.
395 1306 497 1371 Mario
527 1305 673 1391 proximo
703 1325 840 1390 sequens
870 1303 961 1380 obiit,
988 1311 1023 1367 et
1052 1288 1132 1368 inde¹
1158 1303 1253 1389 ponit
1284 1325 1318 1366 ee
1347 1325 1447 1388 super

336 1409 482 1496 patriam.
529 1408 573 1472 Et
610 1407 772 1471 Robertus
803 1415 837 1470 et
868 1429 979 1471 omnes
1008 1406 1064 1471 alii
1095 1405 1252 1472 similiter.
1298 1406 1342 1470 Et
1371 1405 1445 1470 ideo

336 1520 526 1598 preceptum
556 1518 607 1575 est
629 1510 814 1574 uicecomiti
837 1511 949 1575 Berck.
974 1511 1060 1597 quod
1083 1511 1194 1576 uenire
1217 1510 1315 1575 faciat
1337 1532 1444 1574 coram

335 1616 521 1682 iustician'is
542 1616 630 1702 apud
646 1617 973 1682 Westmonasterium
995 1625 1055 1682 etc.
1071 1616 1136 1702 viij.
1153 1624 1221 1681 tam
1244 1617 1366 1682 milites
1383 1625 1444 1682 etc

335 1722 376 1787 de
400 1722 526 1786 uisneto
549 1721 589 1786 de
613 1720 819 1786 Ledecumba
840 1744 900 1807 per
923 1745 1003 1808 quos
1026 1722 1073 1786 rei
1097 1721 1219 1786 ueritas
1242 1730 1300 1786 etc.
1328 1729 1363 1786 ct
1388 1721 1447 1807 qui

336 1849 395 1890 nec
407 1827 514 1912 ipsum
526 1825 729 1890 Willelmum
745 1849 804 1890 nec
820 1826 1001 1891 Robertum
1017 1833 1051 1890 et
1066 1825 1145 1890 alios
1161 1825 1271 1911 aliqua
1284 1824 1446 1889 affinitate

336 1931 512 2017 attingant,
527 1938 561 1994 et
583 1930 734 1994 similiter
755 1939 946 2017 preceptum
969 1937 1019 1995 eat
1042 1929 1227 1994 uicecomiti
1243 1929 1342 1994 Buck
1359 1928 1446 2015 quod

337 2035 448 2100 uenire
464 2035 561 2099 faeiat
581 2035 660 2100 elios
680 2034 745 2120 viij.
765 2043 833 2100 tam
857 2035 978 2099 milites
1001 2042 1060 2100 etc.
1083 2033 1124 2100 de
1144 2033 1273 2098 uisneto
1294 2033 1335 2098 de
1354 2034 1447 2098 Hau·

337 2160 438 2226 rugge
462 2138 519 2203 ubi
540 2138 706 2224 predictus
730 2139 934 2204 Thurstauus
960 2140 1061 2204 iacuit
1087 2138 1129 2204 ad
1154 2137 1446 2225 recognoscendum

338 2265 434 2329 super
456 2251 693 2308 sacramentum
716 2266 812 2308 suum
834 2243 862 2309 ai
892 2243 1056 2329 predictus
1079 2245 1282 2308 Thurstanus
1307 2241 1360 2307 die
1383 2265 1448 2328 quo

338 2348 565 2412 terramillam
587 2347 679 2412 dedit
700 2347 845 2433 predicto
861 2348 1025 2413 Willelmo
1047 2371 1105 2434 per
1126 2355 1247 2412 cartam
1270 2369 1363 2412 suam
1384 2346 1449 2410 fuit

339 2450 422 2514 bone
438 2449 590 2514 memorie
606 2457 641 2514 et
656 2437 771 2536 potens
787 2451 838 2515 sui
853 2459 887 2515 et
903 2451 930 2516 si
945 2451 1066 2515 donum
1081 2449 1164 2514 illud
1179 2450 1210 2514 ei
1221 2449 1298 2515 fecit
1312 2451 1368 2514 uel
1382 2472 1448 2514 non

341 2561 374 2618 et
386 2553 413 2618 si
425 2560 498 2639 post
509 2553 631 2618 donum
642 2555 734 2632 illud,
746 2555 773 2620 si
785 2554 916 2640 aliquod
928 2555 974 2620 ibi
987 2555 1058 2631 fuit,
1071 2554 1134 2619 fuit
1150 2553 1307 2619 itinerans
1322 2555 1363 2618 de
1378 2555 1448 2618 loco

341 2656 375 2720 in
388 2657 492 2721 locum
509 2665 541 2722 et
553 2666 661 2722 ratum
673 2657 790 2722 habuit
802 2657 923 2722 donum
936 2667 970 2723 et
982 2659 1031 2723 ita
1042 2682 1075 2724 se
1087 2657 1163 2723 inde
1176 2659 1355 2723 certificent
1367 2657 1448 2722 etc¹.

405 2761 516 2826 Aesisa
542 2761 634 2826 uenit
659 2763 866 2848 recognitura
891 2762 964 2848 quis
990 2762 1168 2826 aduocatus
1192 2770 1338 2848 tempore
1359 2761 1450 2848 pacis

341 2862 542 2948 presentauit
557 2862 707 2927 ultimam
723 2886 891 2949 personam
907 2886 970 2949 que
986 2871 1115 2928 mortua
1130 2872 1180 2928 est
1194 2863 1236 2928 ad
1255 2863 1259 2950 Ι
1281 2863 1448 2928 ecclesiam

341 2965 381 3030 de
398 2965 528 3052 Shaghe
545 2989 607 3052 que
623 2977 719 3032 uacat
735 2976 773 3032 ut
788 2969 908 3033 dicitur
922 2969 1014 3032 cuius
1029 2967 1276 3033 aduocationem
1288 2967 1450 3032 Radulfus
1499 3000 1503 3006 ·

342 3069 510 3134 Hamberd
527 3071 646 3135 clamat
666 3095 779 3136 uersus
802 3072 944 3137 Priorem
967 3072 1006 3136 de
1030 3072 1061 3136 S.
1078 3070 1283 3136 Fromundo¹
1305 3080 1340 3136 et
1360 3070 1450 3135 unde

342 3172 501 3237 Radulfua
527 3173 607 3238 dicit
633 3173 719 3259 quod
745 3175 916 3261 Philippus
942 3175 982 3240 de
1013 3175 1228 3240 Columbariis
1257 3175 1393 3241 tradidit
1419 3175 1451 3239 ei

342 3276 522 3340 manerium
545 3276 585 3340 de
610 3278 710 3362 Sages
732 3301 806 3342 cum
829 3279 979 3344 omnibus
1002 3287 1081 3364 pert.
1107 3279 1174 3344 suis
1197 3288 1327 3344 etcum
1349 3279 1450 3344 aduo-

341 3378 469 3443 oecione
485 3379 617 3443 ecclesie
632 3379 777 3444 eiusdem
796 3381 874 3446 uille
898 3381 939 3446 ad
955 3382 1080 3446 firmam
1102 3390 1136 3446 et
1156 3382 1283 3446 racione
1305 3381 1450 3468 predicte

281 3519 284 3524 ·
341 3481 433 3546 firme
455 3489 621 3568 presentat
644 3483 796 3547 clericum
819 3507 914 3548 suum
938 3493 971 3548 et
994 3485 1080 3576 petit
1102 3485 1153 3548 ius
1175 3485 1391 3570 presentandi,
1415 3493 1452 3548 et

342 3584 429 3648 uude
459 3584 539 3649 dicit
569 3585 655 3670 quod
685 3585 856 3672 Philippus
885 3587 926 3651 de
957 3587 1173 3653 Columbariis
1202 3609 1285 3651 auus
1313 3587 1452 3673 predicti

343 3685 487 3771 Philippi
512 3686 715 3770 presentauit
737 3687 778 3751 ad
801 3688 938 3753 eandem
961 3690 1129 3754 ecclesiam
1151 3689 1312 3776 quendam
1336 3689 1453 3754 Jerua-

249 3809 252 3815 ·
343 3789 426 3854 sium
443 3789 498 3875 qui
513 3789 630 3854 ultimo
646 3790 727 3855 obiit
743 3814 879 3877 persona
893 3795 928 3858 in
943 3793 1056 3859 eadem
1072 3794 1212 3858 ecclesia

409 3895 452 3958 Et
475 3894 565 3958 Prior
589 3894 629 3958 de
662 3895 692 3960 S.
717 3896 901 3986 Fromuudo
923 3919 983 3983 per
1008 3905 1210 3962 attomatum
1237 3919 1332 3961 suum
1360 3896 1455 3961 uenit

344 4004 378 4061 et
401 3996 587 4082 dicitquod
610 3997 743 4063 ecclesia
765 4022 831 4064 nou
854 4009 950 4065 uacat
973 4001 1073 4064 immo
1098 4000 1177 4064 dicit
1201 3999 1287 4086 quod
1310 3999 1378 4085 ipse
1404 4007 1455 4063 est

273 4179 274 4182 Ἴ
344 4101 419 4166 inde
435 4124 578 4197 persona,
594 4111 628 4168 et
648 4103 724 4169 inde
740 4105 861 4190 profert
881 4115 1003 4171 cartam
1019 4105 1163 4192 Philippi
1182 4104 1223 4170 de
1238 4103 1456 4170 columbariis

377 4289 387 4322 ¹
404 4287 525 4348 Bracton,
549 4289 568 4338 f.
592 4289 631 4348 15,
653 4288 717 4340 uite·
734 4288 788 4339 this
805 4304 871 4340 aare.
956 4290 997 4338 ¹1
1014 4303 1126 4353 suppose
1143 4289 1173 4339 St
1191 4287 1327 4337 Fromund
1343 4287 1372 4337 in
1389 4288 1455 4338 Nor·

345 4353 517 4416 Aparalytio
539 4353 597 4404 who
619 4369 668 4405 cen
696 4355 764 4405 ualli
790 4355 871 4406 about
922 4355 1021 4420 mandy
1031 4355 1143 4406 between
1156 4355 1185 4404 St
1197 4353 1235 4404 Lo
1247 4353 1301 4405 and
1311 4354 1410 4418 Isigny.

347 4419 477 4486 (itinerare
489 4422 583 4482 potent)
598 4419 621 4468 ie
631 4435 738 4484 compca
750 4419 798 4474 eui.
