3360 5236
353 427 415 487 518
655 434 792 492 mersu,
815 432 878 482 11).
905 419 1084 494 1131111.
1109 421 1158 482 16.

351 631 448 696 quam
479 616 597 672 terram
628 606 812 670 Willelmus
841 604 882 668 de
913 603 1061 668 Pictauia
1090 605 1121 669 ei
1150 626 1207 690 pm
1236 605 1371 670 seruicio
1400 629 1461 671 suo

351 712 507 778 concessit
530 719 564 776 et
588 710 680 774 dedit
704 709 879 774 tenendam
903 709 1003 772 libere
1025 731 1085 794 per
1105 709 1277 774 seruicium
1295 710 1319 795 j.
1337 711 1460 786 militis,

351 817 399 881 ita
413 815 499 901 quod
514 815 600 879 idem
617 813 775 878 Ricardus
790 812 881 877 dedit
897 812 1002 876 eidem
1020 811 1139 878 Cecilie
1154 835 1183 876 x.
1199 821 1341 878 marcet
1356 837 1458 878 unum

256 929 259 936 '
351 919 543 1006 palefridum
561 925 594 981 et
611 916 769 982 Osbertus
783 915 870 978 filius
889 915 1019 980 Ricardi
1039 916 1130 980 dedit
1153 917 1183 980 ei
1205 917 1305 982 alium
1330 917 1460 1002 quando

351 1021 472 1106 recepit
503 1019 690 1106 homagium
721 1041 816 1082 suum
847 1027 881 1082 et
912 1019 1098 1105 homagium
1127 1018 1229 1105 ipsius
1259 1020 1398 1097 Osherti,
1424 1029 1461 1085 et

351 1126 477 1190 desicut
493 1125 639 1211 predicta
655 1122 776 1189 Cecilia
791 1123 878 1208 cepit
893 1123 1081 1208 homagium
1096 1123 1312 1208 predictorum
1329 1125 1460 1190 Rioerdi

352 1239 386 1294 et
402 1229 532 1295 Osberti
548 1238 581 1293 et
597 1227 678 1292 obiit
694 1226 805 1291 seisita
819 1227 859 1290 de
872 1227 1007 1290 seruicio
1021 1227 1164 1312 ipsorum
1179 1237 1213 1292 et
1225 1229 1287 1314 ipsi
1302 1230 1460 1294 Ricardus

352 1343 386 1400 et
413 1334 572 1399 Osbcrtus
602 1332 753 1396 obierunt
780 1331 882 1395 scisiti
909 1332 949 1395 de
980 1332 1094 1396 eadem
1123 1341 1211 1397 terra
1238 1334 1273 1398 in
1299 1335 1460 1401 dominico

352 1439 468 1502 nolunt
484 1437 514 1502 ei
530 1437 721 1523 respondere
737 1436 800 1500 nisi
815 1436 904 1500 curia
924 1435 1183 1514 considerauerit,
1199 1446 1233 1502 et
1248 1438 1330 1503 bene
1346 1439 1460 1504 dicunt

351 1541 438 1626 quod
460 1541 487 1606 si
510 1541 593 1604 alius
615 1547 742 1625 peteret
758 1547 876 1603 terram
900 1539 990 1603 illam
1013 1563 1125 1604 uersus
1147 1563 1201 1604 eos
1222 1541 1291 1627 ipse
1306 1542 1460 1607 Warinus

352 1646 398 1709 eis
424 1645 558 1709 deberet
581 1643 798 1718 warentizare
821 1651 855 1706 et
877 1643 960 1707 bene
983 1645 1163 1708 concedunt
1184 1644 1335 1709 saisinam
1357 1646 1460 1732 ipsius

353 1749 472 1814 Cecilie
488 1757 522 1812 et
539 1755 656 1833 petunt
672 1746 837 1810 iudicium.

418 1853 461 1916 Et
471 1851 623 1916 Warinus
638 1849 730 1913 uenit
746 1858 779 1913 et
795 1849 941 1913 defendit
956 1858 1077 1914 cartam
1094 1860 1127 1915 et
1143 1851 1285 1936 sigillum
1301 1861 1336 1916 et
1351 1861 1458 1917 totum

352 1965 386 2021 et
397 1958 480 2022 bene
495 1953 642 2020 defendit
657 1952 743 2038 quod
758 1954 904 2038 predicta
919 1953 1041 2018 Cecilia
1055 1977 1222 2040 nunquam
1237 1955 1458 2020 terramillam

351 2061 443 2126 dedit
466 2059 612 2146 predicto
636 2057 774 2121 Ricardo
798 2079 857 2122 nec
883 2058 953 2142 ipsa
977 2081 1131 2144 umquam
1156 2059 1190 2122 in
1214 2059 1377 2122 uiduitate
1400 2081 1460 2123 sue

352 2166 503 2230 seisinam
519 2162 635 2228 habuit
650 2162 690 2225 de
706 2161 819 2226 eadem
836 2171 929 2239 term,
945 2171 995 2226 set
1010 2163 1037 2227 si
1053 2164 1121 2248 ipso
1138 2163 1295 2228 Ricardus
1316 2163 1458 2249 aliquem

351 2271 532 2356 ingressum
553 2267 668 2331 habuit
684 2267 718 2330 in
734 2267 958 2331 terramillam
974 2267 1034 2331 hoc
1050 2268 1113 2332 fuit
1128 2291 1186 2354 per
1199 2269 1402 2332 Willelmum
1417 2268 1458 2332 de

352 2373 500 2438 Pictauia
523 2371 631 2436 uirum
654 2393 749 2435 suum
773 2371 825 2435 oui
848 2371 919 2457 ipsa
942 2372 976 2436 in
997 2373 1069 2436 uita
1088 2395 1148 2436 sua
1161 2373 1378 2437 contradicere
1394 2395 1459 2438 non

351 2477 468 2562 potuit,
484 2483 517 2540 et
533 2473 619 2560 quod
634 2475 705 2560 ipsa
723 2497 891 2559 nunquam
913 2474 948 2539 in
971 2475 1050 2561 ligia
1071 2483 1232 2560 potestate
1255 2497 1315 2540 sua
1335 2485 1457 2540 cartam

350 2581 440 2646 illam
456 2581 487 2646 ei
502 2581 579 2645 fecit
594 2588 628 2644 et
644 2579 730 2665 quod
745 2579 890 2665 sigillum
904 2579 986 2642 illud
1002 2602 1097 2643 suum
1112 2603 1176 2644 non
1192 2579 1256 2644 fuit
1271 2581 1356 2666 petit
1372 2580 1458 2667 quod

351 2686 409 2749 liat
424 2685 573 2770 probacio
588 2707 646 2770 per
661 2683 867 2748 collacionem
882 2684 1016 2747 aliorum
1041 2683 1219 2770 sigillorum
1238 2707 1373 2770 perque
1389 2687 1459 2770 ipsa

352 2787 473 2854 Oecilia
488 2787 565 2852 fecit
580 2785 652 2850 aliis
667 2785 775 2871 plures
791 2785 981 2849 donaciones
997 2793 1065 2849 tam
1084 2785 1161 2849 uiris
1181 2786 1338 2872 religiosis
1360 2809 1457 2872 quam

351 2893 430 2959 aliie.

417 2999 461 3062 Et
476 2996 549 3061 Ada
565 2993 700 3058 Mabilia
715 3001 749 3057 ct
766 2993 901 3056 Matillis
917 2993 1055 3056 ueniunt
1071 3001 1105 3056 ct
1125 2991 1239 3056 dicunt
1261 2991 1347 3077 quod
1369 3001 1459 3057 carte

351 3105 407 3168 illa
421 3104 511 3167 ualet
532 3109 566 3166 et
587 3121 702 3164 uerum
724 3098 841 3161 uolunt
863 3096 976 3160 dicere.
1022 3097 1151 3160 Reuera
1171 3096 1258 3160 idem
1274 3097 1459 3160 Willelmus

350 3209 390 3272 de
407 3205 554 3270 Pictauia
571 3203 663 3267 dedit
683 3202 863 3288 predictam
886 3209 1005 3265 terram
1027 3200 1090 3285 ipsi
1113 3199 1250 3263 Ricardo
1273 3221 1331 3284 per
1352 3223 1459 3264 assen-

349 3336 420 3377 sum
443 3311 587 3397 predicte
610 3308 730 3373 Cecilie
752 3315 786 3370 et
809 3314 936 3370 mortuo
960 3306 1104 3391 predicto
1127 3305 1291 3369 Willelmo
1313 3305 1400 3389 oepit
1422 3306 1457 3368 in

349 3417 457 3481 uirum
479 3414 643 3500 quendam
659 3413 843 3477 Walterum
862 3411 902 3474 de
919 3411 1050 3474 Meinne
1066 3419 1100 3474 et
1116 3417 1187 3494 post
1203 3417 1341 3472 mortem
1356 3409 1458 3494 ipsius

348 3518 486 3583 Walteri
508 3517 637 3602 rogauit
659 3514 809 3579 dominus
831 3515 872 3577 H.
893 3514 963 3577 Rex
986 3535 1069 3576 auus
1090 3512 1177 3598 quod
1199 3511 1313 3576 eadem
1337 3512 1459 3576 Cecilia

349 3631 479 3708 caperet
504 3620 692 3706 homagium
718 3617 833 3683 suum¹
860 3627 894 3681 et
920 3617 992 3702 ipsa
1017 3617 1122 3680 noluit
1148 3615 1336 3701 homagium
1362 3638 1458 3679 suum

349 3747 462 3812 capere
478 3723 541 3788 nisi
555 3723 626 3806 ipsa
641 3722 776 3786 haberet
797 3720 947 3784 seisinam
963 3719 1003 3784 de
1020 3719 1133 3784 eadem
1150 3719 1256 3784 terra²
1271 3719 1368 3783 simul
1383 3742 1457 3783 cum

349 3829 422 3894 aliis
443 3826 538 3892 terris
560 3824 626 3889 suis
649 3833 683 3888 et
705 3824 776 3908 ipsa
798 3823 927 3908 quando
949 3823 1100 3886 seisinam
1123 3822 1198 3886 inde
1225 3822 1341 3886 habuit
1367 3822 1459 3886 dedit

349 3941 469 3996 terram
498 3928 588 3992 illam
618 3925 681 4011 ipsi
710 3925 849 3988 Ricardo
878 3947 936 4008 per
964 3933 1086 3988 cartam
1116 3947 1217 3988 suam.
1264 3924 1308 3987 Et
1337 3924 1459 4008 profert

349 4043 471 4101 cartam
487 4031 587 4118 Regis
602 4031 644 4094 H.
660 4029 716 4094 aui
732 4051 794 4114 que
810 4028 978 4092 confirmat
993 4027 1024 4091 ei
1039 4035 1158 4090 terram
1174 4027 1272 4092 illam.
1293 4025 1297 4111 Ι

228 4163 258 4212 or
267 4163 295 4213 11]
414 4139 492 4203 Post
514 4136 653 4201 ueniunt
675 4133 749 4198 Ada
769 4141 803 4196 et
823 4131 906 4196 alie³
921 4141 955 4196 et
970 4139 1097 4218 ponunt
1112 4155 1146 4196 se
1162 4133 1197 4196 in
1212 4153 1364 4219 magnam
1380 4129 1459 4195 assi-

382 4276 391 4308 ¹
410 4274 466 4324 The
476 4273 587 4335 homage
599 4271 628 4322 of
640 4269 753 4321 Richsrd
766 4269 874 4321 Giffnrd.
927 4269 994 4318 title.

382 4339 628 4390 ’Shoinsistedon
640 4337 697 4386 first
713 4336 811 4398 having
828 4336 875 4384 sei·
959 4334 970 4366 ⁸
998 4333 1070 4397 They
1103 4333 1225 4384 abendon
1258 4331 1326 4382 their
1362 4333 1458 4396 special

350 4406 391 4455 sin
419 4405 506 4454 before
534 4403 579 4453 she
608 4403 692 4452 would
723 4401 803 4463 ratify
830 4400 878 4449 her
927 4399 1056 4462 pleading.

349 4471 491 4522 husband's
513 4469 577 4530 gift:
606 4469 659 4518 this
681 4472 708 4522 to
735 4466 877 4530 provehet
