3314 5238
404 453 639 516 mennatum,
661 455 726 503 ao.
753 441 846 516 1231,
869 455 932 504 aa
958 443 1092 506 15-16.
1237 443 1299 504 485

185 625 280 692 dedit
300 627 424 692 eisdem
448 627 611 693 monachis
633 629 698 694 scih
710 629 734 714 j.
751 628 863 694 hidam
882 637 966 694 terre
988 631 1023 694 in
1046 630 1237 695 Hiltestuna
1259 630 1299 696 de

184 729 351 795 dominico
362 753 420 796 suo
434 753 509 795 cum
525 731 626 796 tercia
639 739 732 817 parte
744 732 830 819 prati
842 732 929 818 quod
942 732 984 797 ad
994 732 1191 798 dominicum
1203 756 1297 798 suum

183 835 333 920 pertinet
353 843 388 900 et
409 835 542 900 terciam
564 843 691 922 partem
715 837 796 902 mon'
820 846 854 902 et
877 837 1033 903 ducentas
1057 861 1134 903 oues
1158 837 1192 902 in
1214 861 1298 903 com-

184 939 282 1003 muni
303 947 447 1026 pastura,
473 948 508 1005 et
531 948 680 1026 preterea
702 963 907 1005 communem
934 949 1065 1027 pasture
1091 941 1125 1005 in
1148 940 1243 1005 bosco
1265 949 1299 1006 et

184 1042 286 1128 plano
308 1043 351 1108 ed
374 1043 485 1108 aueria
508 1066 567 1108 sua
589 1052 749 1130 quantum
773 1044 916 1131 pertinet
939 1045 1104 1109 adunam
1127 1044 1237 1109 hidam
1264 1053 1298 1109 et

184 1145 310 1210 saciant
340 1145 461 1212 eisdem
492 1145 677 1212 monachis¹
708 1147 898 1212 forinsecum
936 1147 1108 1212 seruicium
1138 1158 1297 1233 quantum

184 1247 334 1332 pertinet
349 1248 391 1312 ad
401 1249 426 1334 j.
441 1248 552 1314 hidam
568 1257 653 1314 terre
669 1250 704 1314 in
719 1250 832 1315 eadem
848 1251 933 1315 uilla

252 1353 299 1417 Et
317 1353 395 1439 quia
414 1353 501 1418 idem
525 1354 625 1441 Hugo
648 1362 698 1418 cst
723 1355 815 1419 heres
838 1355 962 1420 Albrici
985 1354 1025 1420 de
1045 1355 1111 1419 Ver
1132 1363 1167 1419 et
1188 1363 1296 1440 potest
1396 1407 1401 1414 .

75 1461 78 1465 ’
183 1457 387 1523 sufficienter
422 1457 614 1544 respondere
652 1467 687 1523 et
716 1459 888 1524 defendere
925 1481 959 1523 se
990 1468 1024 1523 et
1053 1458 1226 1523 monachos
1255 1459 1295 1523 de

182 1561 349 1626 escambio
371 1583 484 1626 uersus
506 1561 642 1626 eandem
663 1563 836 1627 Isabellam
859 1571 894 1628 et
916 1585 982 1626 non
1004 1563 1086 1639 uult,
1107 1561 1295 1628 Considera-

181 1673 259 1728 tum
283 1673 333 1729 est
355 1664 442 1750 quod
464 1664 604 1729 Isabella
625 1665 829 1751 recuperauit
852 1665 1001 1729 seisinam
1024 1664 1064 1729 de
1080 1665 1297 1730 Wauenduna

182 1775 220 1832 et
243 1769 344 1854 Hugo
359 1768 457 1832 saciat
477 1768 675 1832 escambium
690 1767 845 1854 predictis
867 1768 1032 1832 monachis
1053 1767 1095 1832 ad
1115 1768 1294 1832 ualenciam

182 1877 273 1933 terre
296 1868 337 1933 de
352 1869 589 1934 Wauenduna'
609 1871 710 1935 donec
732 1869 879 1957 predicta
900 1871 978 1935 hida
1000 1879 1084 1936 terre
1107 1871 1147 1935 de
1170 1871 1295 1935 Hiltes-

181 1972 277 2037 duna
291 1973 389 2037 fuerit
403 1973 583 2038 deliberata
597 1974 684 2040 idem
700 1973 849 2040 monachi
870 1976 959 2040 illam
980 1975 1123 2039 habeant
1145 1982 1179 2038 et
1195 1975 1294 2061 Hugo

181 2077 343 2142 rehabeat
372 2076 579 2142 escambium.
627 2078 668 2141 In
699 2077 768 2143 Oct.
801 2079 832 2144 S.
864 2078 997 2143 Martini
1029 2085 1189 2142 uenerunt
1219 2099 1293 2141 cum

181 2181 375 2246 extensione
391 2180 568 2246 Willelmi⁸
587 2180 628 2246 de
646 2181 812 2247 Wautona
833 2190 867 2246 et
889 2182 977 2269 Hug’
997 2181 1037 2246 de
1059 2181 1182 2268 Suleby
1201 2182 1293 2246 cuius

181 2286 383 2351 extensionis
406 2308 534 2351 summa
555 2286 615 2351 heo
637 2295 688 2351 est
709 2287 776 2372 xiij.
799 2309 893 2352 marc.
917 2296 951 2351 et
974 2285 1026 2372 vij.
1050 2288 1114 2363 sol„
1137 2295 1171 2351 et
1194 2287 1293 2372 Hugo

182 2390 284 2454 faciat
306 2389 472 2454 monachis
493 2389 620 2455 edificia
641 2390 683 2454 ad
705 2389 885 2455 ualenciam
909 2391 950 2455 ix.
974 2411 1067 2454 marc.
1096 2389 1148 2452 uel
1175 2388 1202 2454 si
1228 2412 1293 2453 non

182 2501 265 2558 tunc
280 2492 396 2558 reddat
411 2492 458 2558 eis
472 2492 513 2558 ix.
526 2515 621 2558 marc.
634 2493 711 2579 quia
725 2493 853 2558 edificia
866 2493 901 2556 in
917 2501 1047 2557 tantum
1062 2492 1292 2558 extenduntur.

126 2663 133 2675 ,
251 2597 337 2682 Fray
352 2597 392 2662 de
409 2597 600 2662 Kudintona
614 2598 699 2684 petit
715 2621 827 2662 uersus
842 2597 1019 2662 Radulfum
1034 2595 1074 2660 de
1097 2596 1225 2660 Salceto
1240 2619 1291 2662 xx.

182 2723 246 2766 acr.
262 2710 348 2766 terre
364 2709 398 2766 et
413 2702 453 2767 xl.
466 2725 526 2766 acr.
539 2702 626 2766 bosci
641 2725 715 2768 cum
730 2711 810 2788 pert
827 2711 861 2766 et
877 2711 942 2765 tres
957 2701 1037 2787 uirg.
1051 2709 1136 2765 terre
1151 2701 1294 2787 exceptis
1392 2735 1395 2740 ,

182 2805 241 2891 iiij.
265 2827 326 2870 acr.
352 2815 386 2870 et
412 2829 478 2871 uno
501 2807 667 2894 mesuagio
693 2831 767 2872 cum
791 2815 871 2893 pert.
896 2808 931 2870 in
959 2807 1207 2871 Soukudintona
1215 2806 1235 2882 ⁴,
1259 2815 1293 2870 ct

183 2930 298 2972 uersus
322 2908 463 2973 eundem
489 2909 666 2974 Radulfum
693 2931 790 2995 quem
818 2910 917 2997 Hugo
944 2908 1138 2995 Capelianus
1163 2909 1294 2972 uocauit

182 3013 226 3078 ad
249 3021 429 3078 warantum
452 3023 486 3078 et
508 3014 565 3100 qui
587 3015 618 3078 ei
641 3012 863 3078 warantizauit
886 3035 985 3077 unam
1007 3011 1087 3099 uirg.
1111 3021 1196 3076 terre
1218 3034 1293 3076 cum

181 3125 264 3202 pert
280 3124 315 3180 et
337 3139 367 3180 x.
383 3138 443 3180 acr.
460 3125 544 3181 terre
563 3139 637 3181 cum
657 3125 739 3202 pert.
755 3115 790 3179 in
810 3115 923 3180 eadem
944 3115 1024 3179 uilla
1043 3138 1114 3179 xxx.
1131 3137 1191 3179 acr.
1208 3119 1292 3178 terr'e

182 3221 224 3284 xl.
241 3241 302 3284 aer.
318 3218 407 3283 bosci
422 3217 503 3284 duas
525 3219 605 3307 uirg.
618 3220 637 3297 ⁵,
652 3229 687 3283 et
709 3241 822 3283 uersus
842 3218 981 3282 eundem
1002 3217 1179 3282 Radulfiim
1195 3239 1292 3303 quem

184 3324 348 3390 Henricus
364 3324 470 3389 Faber
485 3333 519 3388 et
534 3325 646 3411 Agnes
662 3346 742 3388 uxor
756 3323 826 3388 eius
841 3332 1041 3388 uocauerunt
1056 3323 1096 3387 ed
1113 3331 1291 3387 warantum

182 3427 297 3514 etqui
327 3427 374 3492 eis
396 3427 619 3492 warentizauit
640 3428 664 3514 j.
689 3427 770 3515 uirg.
793 3436 878 3492 terre
901 3435 935 3491 et
958 3427 1033 3492 dim.
1057 3450 1131 3492 cum
1154 3436 1234 3513 pert.
1257 3427 1292 3491 in

183 3531 298 3596 eadem
313 3531 394 3594 uilla
407 3539 446 3594 ut
460 3531 511 3595 ius
526 3553 622 3596 suum
639 3531 725 3596 uude
740 3531 873 3618 quidam
889 3531 1099 3596 Punchardus
1119 3553 1200 3596 auus
1215 3553 1293 3595 suus

183 3637 247 3701 fuit
267 3636 400 3701 scisitus
421 3635 456 3700 in
478 3636 638 3701 dominico
662 3659 720 3701 auo
747 3645 785 3700 ut
810 3637 850 3701 de
878 3636 969 3701 feodo
993 3645 1027 3700 et
1053 3636 1123 3701 iure
1147 3644 1292 3722 tempore

185 3740 226 3804 Η
249 3739 351 3826 Regis
372 3739 428 3803 aui
453 3739 609 3824 capiendo
633 3747 703 3815 etc,
729 3751 763 3804 et
787 3738 828 3804 de
854 3739 999 3826 predicto
1021 3739 1211 3804 Punchardo
1237 3739 1292 3803 de·

183 3843 310 3908 scandit
335 3843 386 3907 ius
413 3851 498 3908 terre
524 3843 612 3908 illius
635 3843 763 3909 cuidam
791 3844 933 3908 Roberto
959 3852 998 3908 ut
1023 3843 1090 3907 filio
1114 3851 1148 3908 et
1172 3843 1292 3920 heredi,

183 3956 218 4012 et
241 3945 282 4011 de
307 3944 452 4031 predicto
477 3945 619 4010 Roberto
648 3945 814 4011 descendit
838 3946 889 4010 ius
913 3955 997 4010 terre
1020 3945 1107 4010 illius
1130 3945 1185 4010 isti
1208 3947 1292 4033 Fray

183 4059 221 4116 ut
235 4050 303 4115 filio
318 4059 353 4115 et
368 4049 488 4129 heredi,
503 4058 538 4115 et
553 4050 639 4137 quod
654 4051 720 4116 tale
736 4051 778 4115 sit
793 4051 845 4114 ius
859 4072 954 4114 suum
970 4049 1064 4114 offert
1079 4057 1138 4114 etc

215 4179 224 4211 ¹
243 4179 295 4229 Sic.
795 4179 805 4212 ⁸
822 4179 893 4228 Gerr.
919 4179 1065 4228 Willelmus.
1099 4175 1216 4228 william
1238 4177 1290 4228 and

214 4243 225 4276 ¹
243 4243 344 4307 Supply
354 4251 378 4294 et
389 4243 422 4310 (t)
434 4243 515 4307 Hugh
526 4243 549 4294 is
560 4247 588 4294 to
599 4245 655 4308 gire
666 4245 711 4295 the
763 4244 843 4306 Hugh
855 4259 899 4294 are
910 4247 960 4293 two
971 4243 1000 4291 of
1009 4243 1053 4292 the
1064 4243 1172 4293 reluere

183 4309 276 4358 monks
287 4324 321 4358 an
332 4309 481 4371 equivalent
492 4311 532 4359 for
544 4309 588 4360 the
603 4309 667 4360 land
682 4313 711 4360 at
793 4311 804 4342 ⁴
822 4309 905 4360 South
918 4307 1093 4370 Ouddington.

159 4373 334 4440 ,Wavendon
351 4373 436 4423 which
452 4375 514 4437 they
530 4389 574 4425 are
598 4377 625 4424 to
647 4377 710 4438 keep
793 4373 976 4435 “Something
991 4371 1040 4421 has
1062 4385 1128 4434 gone
1150 4387 1238 4435 wrong
1260 4371 1288 4424 in

184 4438 252 4556 blidin]
263 4439 324 4516 they
336 4443 378 4501 get
389 4439 434 4490 tha
448 4439 512 4490 land
528 4443 556 4490 et
572 4439 709 4492 Hillesdon
761 4439 806 4490 the
817 4439 974 4504 description
985 4438 1014 4487 os
1023 4437 1095 4490 these
1105 4436 1190 4488 landa.

258 4517 345 4568 agam.
