3314 5238
363 429 426 490 452
659 437 809 495 11111111,
833 435 896 484 an.
923 421 1015 492 1231„
1038 433 1100 480 111.
1127 421 1174 479 15.

362 614 402 677 de
432 613 501 698 ipso
532 609 696 677 Willelmo
726 608 765 672 de
803 606 1029 693 Theggewelle
1064 615 1098 669 et
1135 605 1309 669 heredibus
1338 605 1405 668 suis
1436 611 1471 666 et

363 710 618 776 werentizabunt
633 719 691 774 eto.
738 707 862 771 Profert
878 706 979 770 eciam
991 704 1153 791 quandam
1165 723 1288 769 certam
1300 702 1471 768 cuiusdam

363 813 498 879 Roberti
524 811 667 877 Britonis
693 833 751 896 per
773 832 869 896 quem
894 809 981 872 idern
1004 808 1166 871 Robertus
1187 807 1377 871 feoffauerat
1397 828 1470 892 pre-

362 917 487 981 dietum
511 915 715 980 Gileberturn
738 913 778 976 de
801 911 914 976 eodem
941 919 1137 987 bonomonte,
1163 918 1197 973 et
1222 932 1320 995 quom
1346 917 1471 972 cartam

362 1021 450 1085 idem
481 1020 668 1084 Gilebertus
697 1016 839 1082 reddidit
866 1015 971 1080 eidem
999 1015 1164 1079 Willelmo
1187 1013 1318 1100 quando
1339 1014 1371 1077 ei
1393 1013 1472 1077 lecit

363 1132 484 1187 onmem
515 1122 555 1186 de
586 1117 814 1186 leoffamento¹.
861 1118 904 1181 Et
932 1117 1009 1203 quia
1037 1117 1124 1181 idem
1152 1116 1335 1180 Willelmus
1364 1115 1471 1201 primo

363 1227 489 1292 dedixit
518 1235 622 1291 cartas
652 1233 686 1289 et
716 1223 823 1310 sigilla
852 1231 886 1288 et
911 1221 996 1286 dixit
1026 1221 1111 1307 quod
1133 1229 1213 1286 tune
1234 1221 1352 1286 habuit
1380 1219 1471 1284 eliud

364 1331 507 1417 sigillum
524 1330 606 1394 etin
629 1329 694 1392 elia
716 1315 818 1391 formai
832 1349 930 1413 quem
953 1326 1095 1412 sigillum
1116 1325 1180 1390 fuit
1201 1325 1287 1411 quod
1306 1325 1471 1410 prolatum

363 1435 428 1499 fuit
451 1435 486 1498 in
511 1433 630 1498 iudicio
656 1441 690 1496 et
716 1431 813 1496 cortis
838 1453 1017 1517 appensum
1042 1439 1076 1494 et
1099 1453 1186 1494 nunc
1208 1452 1310 1494 unum
1334 1426 1473 1493 bonum²

364 1537 508 1624 sigillum
523 1537 653 1622 profert,
669 1534 917 1600 Consideretum
933 1541 983 1597 est
999 1532 1084 1618 quod
1106 1532 1181 1596 finis
1200 1533 1287 1596 inter
1305 1531 1472 1596 Abbatem

365 1653 400 1706 et
418 1643 619 1708 Willelmum
637 1640 678 1704 de
700 1637 866 1725 Allegate³
889 1638 1011 1701 foetum
1033 1637 1068 1700 in
1090 1637 1180 1701 ouria
1201 1637 1295 1702 Dom.
1311 1637 1411 1723 Regis
1431 1636 1471 1701 de

365 1745 478 1809 eedem
494 1755 580 1809 terre
594 1752 753 1818 teneatur,
769 1751 803 1806 et
818 1741 1002 1805 Willelmus
1016 1740 1056 1804 de
1072 1741 1299 1827 Theggewella
1312 1740 1473 1806 custodia·

366 1859 429 1924 tur,
453 1857 487 1912 et
516 1871 575 1912 neo
597 1849 666 1934 ipse
689 1869 748 1910 nec
771 1845 905 1910 heredes
926 1845 976 1909 sui
999 1845 1147 1910 deeetero
1170 1845 1313 1910 habeant
1342 1845 1472 1931 aliquod

366 1973 554 2036 recuperare
570 1951 610 2014 de
626 1949 739 2014 eadem
752 1958 838 2013 tenu
853 1971 966 2012 uersus
981 1947 1105 2033 aliquos
1120 1947 1197 2012 eto.⁴

431 2052 526 2117 ⁶Dies
541 2051 638 2116 datus
654 2059 704 2115 est
725 2050 870 2115 Johauni
892 2049 959 2113 filio
982 2049 1119 2114 Galfridi
1141 2050 1292 2136 querenti
1314 2059 1349 2114 et
1371 2051 1473 2115 Priori

367 2157 407 2222 de
423 2155 663 2222 Brodenestoke
678 2177 736 2240 per
750 2163 951 2219 ettomatum
967 2177 1062 2218 suum
1077 2155 1118 2219 de
1141 2155 1276 2220 seruioio
1291 2163 1326 2220 et
1342 2179 1472 2220 eonsue-

367 2260 536 2325 tudinibus
550 2259 637 2324 unde
658 2257 836 2344 inquisioi0‚
851 2279 871 2321 a
886 2257 938 2321 die
962 2257 993 2322 S.
1010 2257 1106 2322 Mich.
1130 2258 1164 2322 in
1187 2267 1253 2322 tres
1275 2259 1474 2344 septimanos
1495 2323 1497 2326 ,

367 2363 444 2448 quia
455 2371 639 2427 attomotus
651 2361 769 2424 Prioris
784 2360 931 2446 queritur
946 2359 1032 2445 quod
1047 2359 1216 2445 inquisicio
1231 2383 1294 2448 que
1310 2363 1396 2427 faeta
1410 2363 1474 2426 fuit

367 2467 447 2531 alies
461 2489 525 2531 non
541 2465 605 2530 fuit
620 2465 706 2528 foeta
720 2486 825 2527 coram
842 2462 1032 2526 uieecomite
1052 2471 1087 2526 et
1110 2464 1350 2530 coronatoribus
1365 2467 1473 2530 necin

367 2571 525 2636 comitatu
540 2591 599 2634 nec
614 2591 673 2654 per
687 2567 816 2632 milites,
862 2567 905 2630 Et
920 2567 1000 2630 ηοηο
1014 2577 1204 2652 preceptum
1220 2577 1270 2632 est
1290 2570 1475 2634 uioeoomiti

367 2673 452 2737 siout
467 2673 546 2736 alias
561 2669 647 2757 quod
663 2669 761 2734 faciet
777 2667 1020 2753 inquisicionem
1037 2676 1072 2732 et
1086 2669 1176 2734 illam
1197 2657 1310 2734 mittat
1330 2671 1372 2735 ad
1387 2673 1474 2737 diem

368 2776 471 2852 illum,
485 2784 519 2839 et
534 2774 660 2838 dietum
675 2781 725 2837 est
740 2779 904 2836 attomato
919 2771 1038 2836 Prioris
1052 2773 1139 2857 quod
1153 2773 1325 2838 deliberari
1339 2775 1438 2840 saciat
1447 2777 1472 2861 j.

368 2877 486 2941 bouem
512 2883 644 2961 captum
671 2896 729 2959 pro
755 2873 868 2937 eodem
894 2873 1030 2938 seruieio
1055 2882 1090 2938 et
1115 2875 1224 2940 omnis
1247 2876 1370 2942 sintin
1396 2900 1475 2964 peoe

369 3005 471 3068 usque
486 2980 527 3046 ad
542 2980 628 3044 diem
644 2979 746 3055 illum,
761 2987 796 3042 et
811 2978 994 3043 uioeoomes‘
1004 3001 1078 3043 oum
1098 2979 1310 3064 inquisicione
1325 2983 1383 3046 illa
1397 2993 1476 3048 tuno

369 3087 480 3151 uenire
511 3086 607 3150 faciet
636 3085 735 3149 breue
757 3106 816 3169 per
844 3082 930 3169 quod
952 3083 1039 3148 idem
1062 3083 1153 3148 Prior
1174 3085 1346 3170 inplacitet
1368 3088 1475 3172 ipsum

369 3190 553 3254 Johannem
575 3189 615 3254 de
642 3188 755 3252 eodem
777 3186 936 3264 seruioio',
952 3195 986 3251 et
1008 3187 1128 3252 dieitur
1149 3188 1250 3274 quod⁸
1271 3203 1476 3256 summoneat

371 3293 511 3357 Priorem
542 3291 627 3378 quod
657 3299 736 3355 tune
766 3299 922 3376 sequatur
951 3300 984 3354 et
1014 3291 1128 3355 ueniat
1156 3291 1198 3355 ad
1219 3293 1422 3379 sequendum
1448 3296 1476 3359 si

370 3397 517 3461 uoluerit.

313 3565 319 3579 ,
433 3497 606 3562 ⁹Ricardus
635 3497 747 3562 Abbas
776 3498 817 3562 de
853 3497 1072 3563 Stratiordia¹⁰
1100 3499 1307 3566 atheehietus
1342 3503 1407 3567 fuit
1436 3504 1477 3569 ad

285 3625 316 3654 ex·
369 3599 629 3686 respondendum
641 3599 786 3664 Galfrido
799 3599 960 3665 Corbieun
971 3623 1070 3686 quare
1086 3601 1117 3666 ei
1131 3623 1197 3665 non
1211 3603 1289 3667 feeit
1304 3615 1476 3671 eonsuetu-

369 3705 461 3768 dines
476 3712 510 3768 et
524 3713 614 3768 reeta
624 3703 762 3767 seruieie
775 3725 839 3788 que
854 3703 885 3767 ei
901 3703 1004 3768 faeere
1016 3703 1115 3768 debet
1125 3705 1166 3769 de
1176 3705 1276 3771 libero
1288 3715 1477 3775 tenemento

369 3807 454 3894 quod
469 3807 510 3870 de
526 3828 564 3870 eo
579 3814 671 3870 tenet
687 3805 721 3869 iu
737 3807 888 3883 Lectona,
897 3815 932 3870 et
948 3805 1034 3870 unde
1049 3807 1135 3871 idem
1152 3808 1317 3874 Galfridus
1329 3814 1477 3897 queritur

400 3993 409 4024 ¹
427 3993 483 4042 The
493 3992 550 4042 title
561 3993 637 4044 deeds
647 4009 691 4044 are
701 3993 806 4043 hauded
816 4009 883 4044 ovar.
946 3994 1065 4044 enolosed
1076 3995 1103 4043 in
1115 4009 1131 4044 (1
1145 3996 1234 4044 Vacat.

400 4057 411 4088 ²
428 4059 498 4107 Gorr.
511 4073 612 4116 nouom,
625 4059 654 4108 B.
979 4059 990 4088 ⁵
1007 4059 1037 4108 B.
1050 4075 1085 4109 111.
1097 4060 1145 4108 od.

399 4123 448 4171 ’A
465 4123 540 4171 mark
556 4123 666 4184 illegible
682 4123 716 4184 by
732 4138 786 4180 me3
807 4124 829 4172 B
846 4123 895 4173 hes
978 4125 990 4157 ⁶
1007 4125 1078 4174 Gor-1.
1090 4125 1154 4182 ideo,
1165 4125 1197 4176 Β.

367 4188 479 4249 nothing
490 4188 601 4236 between
613 4191 727 4248 Allegote
739 4188 791 4236 and
798 4190 896 4250 foetum
980 4189 990 4220 7
1007 4189 1090 4238 Thera
1100 4204 1144 4238 are
1155 4204 1226 4238 orosa
1234 4191 1345 4241 actions.

368 4255 565 4365 &agriedsoctod
594 4252 648 4302 and
675 4252 785 4315 nothing
813 4269 896 4303 seems
979 4255 990 4352 ξ
1006 4255 1065 4367 81η.
1080 4257 1176 4370 diluitur
1187 4259 1260 4318 quod,
1273 4257 1303 4307 B.

473 4353 478 4364 .
1031 4335 1084 4368 .m.
1116 4355 1122 4368 .

399 4383 410 4414 ⁴
427 4381 481 4430 The
492 4381 547 4430 first
564 4381 611 4431 lew
627 4381 695 4430 lines
712 4383 740 4431 of
754 4382 819 4432 Cass
835 4384 892 4444 581,
979 4384 1000 4416 ¹⁰
1017 4383 1146 4434 stratford
1156 4384 1324 4444 Iangthome
1339 4387 1368 4436 in
1385 4387 1475 4440 Esset

368 4461 411 4496 are
421 4446 482 4496 here
493 4447 625 4509 repeated;
643 4447 690 4497 bul
701 4447 745 4496 the
754 4463 863 4510 passage
871 4449 895 4496 ia
946 4449 1058 4498 Monast.
1070 4449 1121 4498 vol.
1133 4451 1157 4508 5,
1170 4463 1195 4512 p.
1208 4451 1265 4500 586.
