3308 5226
462 465 605 526 ursani,
626 465 691 518 nn.
716 451 809 528 1234,
831 465 893 516 Aa.
920 455 969 518 18.
1203 454 1266 518 643

156 635 335 722 eademque
365 644 470 702 matre
501 643 535 700 et
565 636 643 722 quis
672 643 759 702 terra
787 636 845 701 illa
874 645 909 702 et
944 637 1166 702 molendinum
1203 637 1267 701 fuit

156 738 373 826 perquisitum
392 739 495 824 ipsius
515 739 684 818 Johannis,
706 739 955 806 Consideratum
979 749 1030 806 est
1052 741 1139 827 quod
1157 740 1206 806 illi
1225 739 1266 806 de

155 843 310 928 predictis
331 843 483 908 maneriis
506 843 623 908 falsum
646 844 794 908 fecerunt
815 843 983 922 iudicium,
1005 853 1039 908 et
1061 845 1134 910 ideo
1156 867 1267 910 omnes

155 947 197 1014 de
234 947 378 1010 manerio
416 947 451 1010 in
488 946 707 1012 misericordia
742 954 852 1032 preter
883 949 1083 1013 Willelmum
1117 949 1196 1012 Dun
1233 956 1268 1012 et

155 1048 337 1134 Wydonem
352 1047 392 1112 de
413 1048 619 1135 Haueringes
641 1057 675 1113 et
697 1049 805 1114 Adam
827 1049 989 1116 Clericum
1010 1051 1067 1137 qui
1093 1051 1268 1116 noluerunt

156 1151 336 1218 consentire
373 1151 500 1216 iudicio.
562 1152 605 1216 Et
635 1151 782 1237 predicte
813 1154 971 1240 Dyonisia
1001 1163 1036 1220 et
1071 1156 1183 1242 Agnes
1217 1177 1267 1220 re·

157 1265 316 1342 cuperant
338 1257 490 1322 seisinam
512 1278 605 1322 suam
628 1256 714 1322 sicut
735 1257 980 1344 propinquiores
1001 1259 1136 1324 heredes
1153 1260 1267 1345 [ipsius

158 1359 180 1424 J
181 1357 319 1424 ohannis
334 1359 374 1423 de
390 1359 577 1442 Renham¹].

52 1483 66 1528 ¹.
100 1520 107 1536 ,
221 1463 315 1530 Idem
348 1463 460 1528 Abbas
496 1463 644 1548 queritur
679 1463 766 1548 quod
795 1464 955 1530 Unfiidus
983 1465 1024 1532 de
1056 1467 1204 1545 Grande,
1232 1476 1267 1532 et
1346 1480 1359 1510 ⁰

156 1568 341 1633 Willelmus
355 1568 396 1632 de
411 1568 444 1631 N
446 1590 550 1653 crwyc
566 1567 606 1632 de
621 1567 710 1644 Acle‚
723 1567 902 1634 Nicholaus
916 1569 946 1634 le
960 1569 1095 1648 Ouillur‚
1107 1579 1142 1636 et
1157 1593 1267 1636 omnes

156 1673 213 1738 alii
232 1673 393 1738 nominati
412 1672 447 1736 in
461 1672 555 1736 breui
570 1672 654 1736 sicut
669 1680 762 1758 patet
777 1672 812 1736 in
827 1674 956 1738 recordo
971 1674 1011 1740 de
1027 1683 1118 1740 term.
1132 1676 1163 1740 S.
1180 1675 1266 1740 Trin.

156 1777 189 1843 in
212 1778 352 1842 crastino
375 1779 406 1844 S.
423 1778 496 1842 Joh.
513 1777 549 1842 ui
569 1786 603 1842 et
623 1777 721 1842 armis
742 1785 776 1842 et
797 1785 909 1842 contra
927 1801 1039 1864 pacem
1058 1780 1150 1844 Dom.
1167 1780 1267 1867 Regis

156 1881 271 1966 piscati
297 1883 429 1946 fuerunt
454 1881 490 1944 in
516 1880 653 1967 piscaria
678 1881 780 1965 ipsius
801 1880 942 1946 Abbatis
963 1881 1050 1947 inter
1070 1891 1203 1968 pontem
1225 1883 1266 1948 de

154 1985 357 2072 Webrugge²
371 1993 406 2050 et
421 1992 553 2071 pontem
574 1985 615 2050 de
637 1985 827 2072 Frogeham,
842 1985 900 2050 ubi
921 1985 1038 2070 piscari
1059 2009 1124 2052 non
1146 1987 1267 2052 debent

154 2112 214 2154 nec
236 2091 350 2166 solent,
370 2097 404 2155 et
426 2097 677 2176 asportauenmt
698 2090 788 2175 palos
809 2089 924 2175 palatii
946 2090 1047 2175 ipsius
1069 2091 1217 2169 abbatis,
1232 2099 1267 2156 et

155 2194 242 2258 unde
265 2193 453 2279 dicitquod
479 2193 613 2258 ecclesia
636 2216 695 2258 sua
720 2194 784 2258 fuit
809 2193 886 2258 inde
909 2194 1021 2260 seisita
1045 2217 1066 2258 a
1088 2202 1267 2280 conquestu

155 2295 275 2382 Anglie
290 2303 324 2361 et
339 2296 422 2362 sicut
438 2295 478 2360 de
493 2296 629 2382 piscaria
643 2319 706 2381 que
727 2319 854 2382 semper
874 2297 937 2362 fuit
957 2298 1150 2383 separabile⁰
1165 2299 1267 2384 ipsius

156 2401 287 2467 ecclesie
302 2423 367 2478 sue,
384 2408 418 2466 et
433 2400 519 2466 unde
534 2400 749 2466 deterioratus
764 2409 814 2467 est
830 2409 890 2466 etc.
1073 2414 1076 2420 '

221 2506 265 2570 Et
290 2505 450 2572 Unfiidus
475 2513 510 2570 et
536 2528 647 2570 omnes
670 2506 728 2571 alii
752 2506 795 2572 ad
817 2506 917 2570 alium
940 2506 1027 2571 diem
1049 2497 1212 2572 uenerunt
1234 2515 1268 2572 et

157 2607 308 2674 dixerisne
324 2608 410 2694 quod
424 2608 540 2694 piscati
554 2609 687 2673 fuerunt
702 2608 737 2672 in
751 2608 888 2693 piscaria
902 2609 960 2674 illa
974 2631 1034 2694 per
1048 2610 1087 2675 R.
1104 2609 1267 2676 Comitem

157 2712 187 2777 le
202 2712 307 2800 Bigod
325 2711 330 2799 Ι
351 2719 385 2777 et
399 2713 507 2798 ipsum
521 2712 597 2778 inde
618 2721 819 2778 uocauerunt
840 2713 883 2778 ad
904 2722 1093 2780 warantum.
1137 2715 1182 2780 Et
1197 2715 1265 2800 ipse

157 2839 243 2882 nunc
257 2816 351 2882 uenit
366 2824 400 2880 et
420 2815 467 2880 ei⁴
487 2816 676 2882 warantizat
695 2817 780 2882 sicut
800 2817 872 2882 illos
892 2817 1045 2903 quisunt
1065 2817 1211 2884 homines
1231 2826 1266 2884 et

157 2920 271 2986 uillani
282 2921 336 2986 'sui
351 2928 385 2986 et
400 2921 457 3007 qui
472 2943 530 3006 per
544 2943 620 2986 eum
635 2921 752 3006 piscati
767 2927 852 2986 sunt.

222 3025 266 3088 Et
281 3024 427 3109 Rogerus
442 3023 558 3090 Comes
572 3024 666 3088 uenit
681 3032 716 3088 et
730 3023 877 3090 defendit
892 3023 961 3088 uim
976 3031 1011 3088 et
1025 3023 1177 3088 iniuriam
1197 3031 1266 3102 etc,

158 3134 192 3193 et
207 3127 286 3194 dicit
304 3127 391 3214 quod
410 3127 548 3214 piscaria
567 3127 625 3192 illa
643 3150 708 3192 non
729 3135 779 3192 ast
798 3127 977 3213 separabile
998 3127 1099 3213 ipsius
1119 3126 1267 3205 Abbatis,

158 3239 208 3296 set
230 3231 310 3296 dicit
332 3231 419 3317 quod
441 3239 528 3296 terra
549 3254 608 3296 sua
630 3231 762 3296 abutat⁶
784 3253 1019 3318 superaquam
1042 3239 1076 3295 et
1097 3231 1266 3317 piscariam

157 3336 256 3413 illam,
270 3345 305 3402 et
319 3336 405 3423 quod
420 3336 489 3422 ipse
503 3337 620 3422 piscari
639 3336 739 3402 debet
759 3336 795 3402 in
815 3336 928 3402 eadem
947 3335 1084 3422 piscaria
1103 3358 1177 3400 cum
1197 3335 1267 3422 ipso

157 3439 297 3518 Abbate,
320 3448 354 3504 et
375 3439 456 3504 dicit
478 3439 565 3526 quod
587 3447 803 3506 antecessores
825 3440 877 3506 sui
898 3439 946 3504 ibi
967 3437 1084 3526 piscari
1105 3440 1210 3505 solent
1232 3448 1267 3506 et

157 3542 278 3610 debent
302 3551 336 3609 et
359 3543 476 3630 piscati
500 3552 578 3610 sunt
603 3545 669 3611 scil.
692 3552 837 3632 tempore
862 3544 998 3610 Henrici
1021 3545 1121 3632 Regis
1146 3545 1210 3623 aui,
1232 3553 1267 3610 et

190 3713 305 3764 ¹Added
332 3715 368 3778 by
390 3715 435 3766 the
458 3717 607 3766 annotator.
642 3715 688 3766 See
739 3715 812 3766 there
821 3717 887 3766 been
898 3730 933 3765 no
945 3715 1019 3765 other
1030 3715 1154 3764 kinslclk.

158 3778 320 3837 eboracam
326 3781 367 3829 44.
383 3781 446 3830 Also
452 3780 687 3843 Nichols,Britton,
771 3781 782 3814 ²
799 3781 947 3843 Ssemingly
957 3780 1116 3843 Wsybridgc,
1130 3779 1221 3844 parish
1237 3780 1267 3830 ol

158 3845 208 3894 vol.
233 3846 256 3905 2,
279 3861 305 3908 p.
326 3847 374 3896 317
395 3845 448 3895 and
466 3846 561 3904 Maius,
579 3849 688 3895 ductent
738 3846 807 3908 Acle,
832 3847 948 3897 Noffolk.
985 3845 1068 3895 There
1089 3861 1142 3896 uss
1163 3845 1224 3896 here
1247 3861 1265 3894 a

159 3911 267 3972 Lamp.
285 3911 341 3960 151.
375 3909 431 3960 The
447 3911 503 3960 rule
520 3911 548 3960 ol
564 3925 686 3960 common
738 3912 816 3960 small
832 3912 919 3975 pricry
936 3910 992 3960 said
1008 3915 1036 3960 to
1053 3911 1084 3959 be
1100 3909 1214 3960 founded
1230 3909 1265 3972 by

158 3973 207 4024 law
234 3975 320 4026 which
347 3975 470 4026 excluded
500 3975 545 4026 the
575 3991 685 4026 consan-
737 3975 896 4038 tthigods.
930 3975 1105 4026 Monostvol.
1122 3974 1145 4032 6,
1157 3989 1183 4036 p.
1199 3975 1263 4034 5943

158 4039 284 4154 ῗέιὲυεοὲε
306 4041 456 4154 btmther'l'li
483 4055 560 4155 miride
576 4040 686 4155 mpdplrp
736 4041 896 4157 Blrgrpefield,
910 4040 1145 4104 Hiraochrsolk,
1158 4039 1207 4089 vol.
1223 4040 1263 4098 11,

207 4119 225 4153 n
274 4119 373 4154 racon.
450 4121 516 4155 sco
587 4121 603 4156 o
672 4121 686 4156 s
756 4142 814 4157 ..

159 4183 252 4219 monor
261 4169 323 4220 here
333 4171 430 4232 prefers
441 4186 457 4221 s
468 4170 640 4221 half-brother
651 4185 686 4220 on
736 4120 754 4168 p
769 4169 780 4204 ⁸
796 4171 822 4220 It
833 4185 885 4220 was
896 4170 941 4220 the
953 4169 1050 4220 several
1061 4169 1090 4218 of
1099 4167 1144 4218 the
1155 4167 1261 4229 churnh,

159 4233 203 4284 the
223 4235 333 4285 lathcr's
351 4235 407 4286 side
425 4239 454 4286 to
473 4251 489 4286 a
506 4236 578 4286 nisce
595 4237 623 4286 ol
641 4236 687 4286 the
738 4235 784 4285 i.e.
803 4235 848 4286 the
865 4235 984 4286 church's
1000 4249 1057 4284 own
1073 4239 1196 4298 property
1206 4233 1264 4285 sub·

159 4299 240 4351 uhole
261 4299 350 4360 blood;
377 4300 429 4351 sud
451 4301 495 4351 the
516 4301 688 4351 hall-brother
737 4301 873 4366 jecttono
884 4301 968 4363 rights
979 4299 1008 4350 ol
1017 4313 1145 4352 common.

159 4378 234 4426 urges
249 4364 292 4414 his
305 4366 384 4416 claim
396 4365 425 4415 in
438 4366 483 4416 the
499 4366 589 4428 King's
606 4367 687 4416 eourt
770 4366 781 4398 ⁴
798 4366 868 4416 Gon.
883 4382 923 4416 eos
936 4367 975 4431 (1).

160 4429 222 4481 also.
263 4430 317 4479 But
347 4433 388 4480 ‘st
415 4445 536 4482 common
564 4432 624 4482 lsu’
652 4431 687 4480 hs
770 4429 1210 4482 ‘Hislandsbutsonthewaten

160 4493 246 4544 would
261 4494 328 4546 have
344 4495 397 4545 had
411 4511 447 4546 no
462 4496 540 4547 elsim
555 4511 618 4547 aven
632 4495 686 4545 had

1072 4597 1179 4659 41-2
