3276 5234
251 1358 322 1422 329.

375 437 438 504 274
675 447 899 509 aserenan.
923 435 1017 511 1229,
1039 449 1101 498 nn.
1126 437 1175 501 13.

369 703 370 708 ¹
438 623 483 688 Et
512 621 622 688 Abbas
650 643 709 708 per
731 627 932 686 attornatum
958 641 1055 684 suurn
1081 619 1174 684 uenit
1197 626 1232 684 et
1255 619 1401 686 defendit
1426 621 1484 685 ius

373 728 474 813 ipsius
494 726 653 814 Mergerie
671 733 706 790 et
727 725 878 791 saisinam
900 731 1137 789 antecessorum
1159 746 1290 788 suornm
1313 732 1347 790 et
1369 733 1483 789 tetum

373 831 414 896 de
429 831 528 896 uerbo
542 830 577 894 in
592 829 729 894 uerbum
744 835 779 892 et
793 828 853 892 hoe
871 828 964 892 offert
979 826 1151 892 defendere
1169 849 1228 913 per
1244 851 1358 914 corpus
1372 828 1485 893 cuius-

373 932 448 998 dam
463 932 557 997 liberi
571 929 710 996 hominis
725 930 776 995 sui
792 929 914 995 Odonis
929 928 1069 995 Cornub'
1083 929 1213 994 nomine
1229 931 1286 1016 qui
1306 929 1365 995 hoe
1382 931 1483 995 offert

373 1035 544 1102 defendere
566 1057 760 1122 percorpus
782 1033 898 1098 suum¹
925 1033 1015 1098 curia
1036 1033 1293 1098 considerauerit.
1338 1034 1383 1098 Et
1404 1033 1483 1098 ideo

373 1139 610 1203 consideratum
632 1136 784 1223 estquod
802 1135 948 1200 duellum
969 1134 1141 1200 uadiatur¹
1159 1135 1245 1199 inter
1265 1157 1319 1200 eos
1341 1143 1375 1200 et
1388 1135 1482 1222 quod

374 1243 445 1308 Odo
460 1241 516 1306 det
531 1241 664 1308 uadium
679 1239 872 1306 defendendi
887 1247 922 1304 et
937 1239 1133 1304 Duneeanus
1147 1238 1388 1304 disraeionandi

439 1341 692 1410 'Manussinus⁴
705 1343 746 1408 de
767 1343 874 1428 Hersy
888 1349 923 1406 et
942 1341 1154 1427 Theophanis
1168 1363 1248 1406 uxor
1265 1341 1335 1405 eius
1350 1341 1480 1405 Willel-

210 1459 355 1508 Noflnsohm
372 1472 445 1514 mus
474 1449 591 1514 Rufius
617 1457 651 1512 et
681 1447 820 1512 Isabella
849 1469 930 1510 uxor
958 1447 1028 1510 eius
1057 1445 1246 1510 summoniti
1273 1446 1405 1509 fuerunt
1433 1444 1481 1508 ad

370 1553 628 1640 respondendum
648 1549 812 1617 Walter0⁵
832 1549 1027 1615 Eboraeensi
1049 1550 1297 1635 Arnhiepiscopo
1319 1572 1383 1635 quo
1404 1549 1479 1613 iure

370 1680 404 1723 se
420 1665 534 1723 tenent
548 1657 583 1721 in
603 1655 815 1720 aduoeaeione
836 1653 958 1740 capelle
980 1653 1010 1719 S.
1028 1653 1209 1718 Swithwini
1227 1653 1268 1717 de
1287 1652 1480 1718 Retfordia⁶

371 1782 433 1846 que
454 1768 504 1825 est
521 1760 561 1824 de
577 1759 668 1824 feodo
688 1757 790 1844 ipsius
804 1756 1046 1843 Archiepiseopi
1066 1765 1101 1821 et
1121 1757 1185 1821 sita
1205 1757 1240 1820 in
1262 1755 1412 1842 parochia
1433 1756 1478 1821 de

370 1863 574 1950 Clareburgo.

435 1966 479 2031 Et
494 1965 693 2030 Mauiesinue
708 1971 742 2028 et
756 1963 813 2027 alii
827 1963 966 2027 ueniunt
981 1970 1016 2027 et
1030 1961 1143 2026 dieunt
1158 1962 1244 2048 quod
1259 1970 1478 2027 antecessores

370 2065 511 2152 ipsarum
527 2065 735 2152 Theophanie
751 2074 785 2130 et
800 2065 938 2130 Isabelle
953 2065 1086 2128 fuerunt
1101 2063 1204 2128 seisiti
1218 2063 1259 2128 de
1277 2065 1401 2150 capella
1417 2065 1478 2129 illa

370 2180 408 2236 ut
427 2171 468 2236 de
486 2171 555 2236 iure
576 2193 634 2235 suo
654 2169 751 2234 etsie
769 2167 936 2234 deseendit
956 2169 1007 2233 ius
1027 2168 1114 2233 illius
1132 2169 1254 2254 capelle
1276 2168 1348 2234 istis
1370 2169 1477 2234 Theo·

370 2275 488 2360 phania
503 2284 537 2340 et
552 2273 697 2340 Isabelle.

433 2379 510 2444 Post
524 2380 617 2444 uenit
632 2377 901 2463 Archiepiseopus
918 2399 977 2462 per
993 2384 1194 2442 attornatum
1217 2399 1313 2442 suum
1333 2386 1368 2443 et
1387 2379 1476 2464 petit

249 2533 250 2538 1
368 2481 615 2546 aduocacionem
643 2479 787 2568 predicte
817 2481 938 2566 capelle
968 2488 1007 2545 ut
1038 2479 1089 2544 ius
1119 2503 1215 2545 suum
1245 2481 1332 2547 unde
1357 2482 1475 2548 Arabi-

242 3843 314 3908 330.

367 2583 535 2670 episeopus
556 2583 722 2670 Rogems'
743 2583 947 2668 predecessor
972 2605 1050 2647 suus
1076 2583 1139 2647 fuit
1168 2583 1298 2650 seisitns
1327 2593 1473 2672 tempore

367 2688 409 2752 H.
435 2687 534 2774 Regis
557 2687 612 2751 aui
638 2695 696 2752 ete
724 2687 773 2751 ita
797 2687 883 2772 quod
906 2687 1108 2772 presentauit
1135 2687 1297 2772 quendam
1320 2689 1473 2755 clericum

369 2789 483 2875 Elyam
519 2787 648 2853 nomine
678 2788 720 2852 ad
749 2787 916 2852 ecclesiam
945 2787 986 2852 de
1016 2786 1214 2874 Oiaroburgo
1240 2789 1298 2873 qui
1327 2789 1473 2874 predicto

368 2903 512 2979 tempore
532 2893 618 2978 cepit
634 2893 764 2978 expleta
782 2891 823 2956 de
843 2891 990 2977 predicta
1007 2893 1131 2977 capella
1151 2901 1210 2957 etc.
1227 2893 1270 2958 ad
1290 2894 1472 2959 ualentiam

368 3006 428 3062 etc.
443 3006 478 3062 et
492 2998 552 3062 hoe
567 2997 661 3062 offert
675 3005 736 3063 ete.

434 3101 479 3166 Et
505 3100 704 3166 Meaiesinus
728 3107 762 3163 et
787 3091 843 3164 alii
866 3107 979 3184 postea
1004 3097 1143 3165 ueniunt
1167 3109 1202 3165 et
1227 3109 1354 3187 ponunt
1379 3125 1414 3168 ee
1438 3105 1473 3168 in

368 3227 519 3292 magnam
542 3203 674 3268 assisam
696 3203 789 3268 Dom.
806 3203 906 3289 Regis
928 3211 962 3268 et
983 3211 1103 3290 petunt
1124 3205 1379 3294 recognicionem
1402 3207 1473 3273 fieri

368 3315 479 3372 utrum
497 3306 559 3392 ipsi
581 3306 685 3370 maius
708 3306 759 3370 ius
781 3305 923 3371 habeant
945 3306 979 3370 in
1003 3305 1149 3392 predicta
1174 3309 1298 3394 capella
1315 3317 1354 3374 ut
1371 3311 1471 3396 perti-

367 3417 466 3476 nente
488 3410 530 3475 ad
553 3409 718 3474 eeclesiam
740 3409 781 3474 de
804 3409 969 3475 Raffordia
991 3433 1054 3496 que
1084 3419 1135 3476 est
1163 3411 1204 3477 de
1235 3433 1346 3478 eorum
1371 3414 1471 3480 aduo-

367 3515 495 3580 eaeione
515 3515 569 3578 uel
585 3513 673 3578 idem
693 3513 961 3599 Archiepiscopus
981 3523 1019 3578 ut
1039 3515 1223 3600 pertinente
1244 3517 1286 3582 ad
1303 3518 1470 3585 eeclesiam

368 3639 460 3682 susm
482 3615 522 3681 de
546 3615 750 3702 Clareburgo.
795 3615 1042 3681 consideratum
1064 3618 1215 3704 estquod
1237 3641 1357 3706 magna
1373 3622 1473 3688 assisa

369 3717 480 3786 ianet‘.

432 3820 611 3886 'nadulfus
639 3819 725 3884 filius
755 3819 843 3884 Petri
873 3827 908 3884 et
937 3819 993 3884 alii
1003 3819 1025 3853 ¹⁰
1053 3821 1243 3887 summoniti
1272 3823 1405 3890 fuerunt
1428 3827 1469 3892 ad

206 3942 349 3992 Notionem
367 3925 624 4014 respondendnm
654 3925 810 4012 Magistro
840 3925 979 3991 Radulfo
1003 3925 1042 3991 de
1074 3926 1287 4014 Oolingeham
1312 3952 1375 4016 quo
1398 3931 1467 3998 iure

399 4132 609 4263 :jsiidpdydm'
621 4132 651 4195 B,
663 4132 692 4182 O.
975 4132 1335 4249 ifffflfflmbifflffl'
1345 4136 1387 4250 op.
1397 4139 1469 4188 11⁸1.

399 4237 501 4312 ³B.1'n.
512 4236 528 4313 d
539 4234 570 4323 di
588 4262 617 4312 0.
628 4277 664 4314 m.
676 4264 692 4312 Θ
703 4261 729 4312 d.
943 4215 1103 4314 suetudinis
1120 4215 1259 4314 itinnireqidi.
1278 4213 1469 4318 dreecpowmffi

398 4331 409 4361 ⁴
426 4330 590 4386 Halaesinus,
601 4327 632 4377 B.
942 4330 1018 4377 Etor’
1030 4343 1096 4378 anno
1107 4331 1142 4392 xj.
1157 4332 1235 4392 incip.
1247 4331 1400 4394 duodecim,
1414 4333 1443 4382 Ο.

398 4393 409 4424 ⁵
425 4393 524 4443 Walter
535 4393 612 4455 Gray.
973 4393 984 4424 ⁹
1000 4393 1032 4441 Β.
1043 4393 1148 4452 ω.7ᾱ;
1165 4395 1193 4445 0.
1207 4409 1243 4443 m.
1255 4395 1286 4443 11
1298 4394 1323 4446 d.

397 4460 408 4492 ⁶
425 4457 545 4520 Refford’,
557 4457 588 4506 B.
974 4459 996 4491 ¹⁰
1012 4457 1120 4521 twenty
1130 4459 1293 4510 defendente.
