3196 5226
427 444 653 505 6161611111.
679 432 770 504 1222,
792 445 855 494 aa
879 435 907 496 6.
1152 435 1213 495 145

134 621 249 687 heredis
267 619 396 706 predicti
420 618 581 684 Gileherti
603 641 666 704 que
688 618 730 684 ad
752 642 807 684 ecs
826 621 969 707 pertinet
989 620 1115 686 racione
1130 620 1215 686 feodi

131 726 213 811 quod
230 725 307 789 idem
328 723 518 787 Gilebertus
539 723 579 788 de
601 724 648 788 eis
670 725 778 788 tenuit
798 725 833 790 in
854 725 1027 790 Sturemue
1042 747 1101 810 per
1114 725 1213 790 serui-

130 829 212 893 cium
230 827 362 892 militare
385 835 425 890 ut
448 826 570 904 dicunt,
584 827 671 891 unde
693 827 755 913 ipsi
775 828 951 894 ostendunt
973 829 1058 915 quod
1073 852 1112 894 ea
1126 853 1214 894 occa·

130 931 212 996 sione
224 929 303 1015 quod
317 929 439 994 iniuste
460 930 614 995 deforciat
632 931 678 996 eis
694 932 871 1017 predictam
886 933 1064 998 custodiam
1079 941 1113 998 et
1129 935 1214 1020 quod

129 1034 238 1098 iniuste
258 1033 342 1118 cepit
364 1034 469 1119 ipsam
489 1034 513 1098 J
513 1033 673 1097 channam
691 1033 726 1096 in
740 1057 872 1100 uxorem
888 1035 1074 1102 deteriorati
1089 1047 1165 1102 sunt
1180 1047 1214 1103 et

129 1137 291 1222 dampnum
306 1137 430 1201 hahent
444 1137 486 1201 ad
501 1136 680 1200 ualenciam
696 1136 736 1200 111
752 1159 793 1202 m.
809 1145 868 1202 etc.

190 1242 227 1304 Et
248 1240 434 1326 Stephanus
455 1241 548 1305 uenit
573 1249 607 1304 61
632 1240 712 1304 dicit
738 1240 823 1325 quod
848 1263 913 1305 non
939 1241 1038 1306 habet
1064 1241 1214 1307 heredem

129 1346 212 1410 111616
235 1346 333 1409 immo
355 1345 485 1409 Hamon
509 1344 549 1408 de
574 1344 778 1430 Greuequeor
800 1345 893 1410 illum
917 1346 1015 1412 habet
1038 1353 1073 1412 61
1096 1356 1215 1412 1611616

129 1449 209 1513 illam
233 1449 271 1512 de
298 1449 473 1512 Sturemue
499 1456 592 1512 tenet
612 1447 681 1534 ipse
703 1447 738 1511 in
760 1447 869 1512 dotem
891 1471 965 1514 cum
985 1473 1083 1514 uxore
1103 1460 1216 1516 suaet

129 1553 208 1617 illam
229 1552 412 1617 Johannam
435 1551 529 1616 duxit
552 1553 587 1616 in
610 1575 743 1617 uxorem
764 1575 804 1618 ex
828 1553 998 1620 uoluntate
1021 1553 1214 1621 balliuorum

129 1656 238 1721 domini
253 1656 496 1722 Cantuarienais
507 1657 748 1742 Archiepiscopi
759 1657 799 1722 116
814 1680 878 1744 quo
892 1659 1055 1743 predictus
1071 1661 1213 1725 Gileher·

128 1769 176 1826 1116
189 1761 292 1826 166611
307 1767 342 1824 61
357 1759 442 1844 petit
457 1760 613 1825 iudicium
628 1761 656 1824 si
671 1761 787 1825 debeat
802 1761 844 1825 ad
858 1760 949 1826 aliud
965 1761 1063 1826 breue
1085 1785 1213 1849 respon-

128 1865 195 1930 dere
215 1865 254 1930 de
274 1865 393 1930 herede
419 1864 544 1929 desicut
569 1887 634 1928 non
660 1864 759 1929 habet
785 1866 942 1932 heredem.
989 1868 1032 1931 Et
1058 1869 1157 1954 Hugo
1180 1878 1214 1932 et

127 1969 266 2034 Johanna
301 1977 498 2055 cognoscunt
535 1968 621 2054 quod
652 1991 766 2034 reuera
794 1969 894 2056 116611ι
923 1971 993 2057 ipse
1021 1993 1086 2034 non
1116 1971 1215 2035 habet

127 2073 267 2137 heredem
288 2079 323 2136 61
345 2071 419 2135 ideo
441 2071 482 2136 de
503 2071 559 2136 illo
580 2071 673 2136 breui
692 2071 814 2137 recedit
830 2073 1016 2159 Stephanus
1030 2073 1098 2137 sine
1114 2072 1166 2138 die
1181 2083 1215 2136 61

127 2177 219 2263 Hugo
232 2177 265 2240 16
279 2175 497 2240 misericordia
510 2185 544 2240 61
559 2176 599 2240 de
615 2175 675 2240 hoc
690 2177 776 2262 quod
790 2178 893 2263 ipsam
913 2178 1098 2242 Johannam
1121 2177 1216 2242 duxit

126 2281 156 2346 in
179 2303 308 2346 uxorem
338 2289 435 2344 uocat
460 2281 626 2345 (1661166111
655 2282 940 2370 Archiepiscopum
969 2283 1010 2348 ad
1036 2291 1215 2348 warantum

126 2384 204 2468 quod
217 2407 274 2470 per
287 2407 453 2448 assensum
468 2385 537 2449 eius
548 2393 607 2450 etc.
620 2393 654 2450 61
669 2386 692 2450 J
693 2386 820 2452 ohanna
834 2410 914 2452 61161
929 2387 1087 2473 Stephani
1102 2386 1215 2452 eodem

126 2488 211 2553 modo
239 2489 378 2553 eundem
408 2496 504 2552 66661
534 2511 608 2552 6616
638 2488 679 2552 ad
703 2497 881 2554 warantum
912 2490 1065 2556 Habeant
1095 2513 1170 2556 66111
1196 2513 1216 2556 6

125 2589 170 2656 die
184 2600 242 2656 etc

45 2699 91 2764 179.
182 2694 291 2758 Assisa
305 2693 400 2758 uenit
414 2695 619 2781 recognitum
632 2701 743 2758 utrum
759 2693 822 2758 due
838 2715 909 2758 aere
925 2701 1008 2758 tene
1024 2703 1058 2758 et
1073 2695 1096 2782 j.
1113 2719 1215 2762 mesa·

125 2796 207 2881 gium
236 2820 310 2862 cum
341 2797 549 2883 pertinenciis
577 2797 612 2861 in
641 2795 867 2862 Bercamstede
897 2817 959 2880 que
990 2795 1146 2862 Ricardus
1175 2799 1215 2866 de

126 2899 338 2965 Rauenhache
360 2910 452 2966 tenet
472 2901 540 2966 sint
562 2901 662 2965 libera
684 2899 857 2964 elemosina
875 2901 1041 2986 pertinens
1060 2902 1215 2968 61166616-

127 3003 198 3070 eiam
213 3005 366 3092 Hugonis
381 3005 421 3069 de
437 3005 599 3069 Bathonia
612 3003 653 3068 de
674 3005 914 3069 Bercamstede'
929 3013 987 3069 616
1004 3013 1038 3070 61
1060 3006 1217 3072 Ricardus

126 3110 247 3174 uocauit
261 3109 338 3174 inde
350 3109 392 3173 ad
403 3116 583 3173 warantum
599 3107 776 3172 Radulfum
790 3108 831 3172 (16
846 3108 1041 3195 Rughenora
1055 3109 1112 3195 qui
1126 3110 1215 3174 illam

126 3215 151 3278 ei
161 3214 383 3280 warentizauit
395 3223 429 3279 et
441 3214 571 3278 uocauit
587 3213 662 3278 inde
677 3213 718 3278 ad
730 3223 909 3278 warantum
925 3212 1101 3278 Radulfum
1112 3214 1216 3279 filium

125 3317 255 3383 Dionisii
278 3318 328 3382 ita
349 3318 435 3404 quod
456 3317 616 3383 Radulfus
630 3317 813 3382 6661661166
827 3317 891 3382 fuit
906 3325 965 3382 etc.
982 3325 1016 3381 61
1030 3340 1064 3382 aa
1079 3319 1216 3384 esscnia-

126 3421 167 3486 611
180 3421 268 3507 apud
283 3421 514 3508 Dunstapliam
529 3430 563 3487 et
577 3421 693 3486 habuit
707 3421 794 3485 diem
809 3443 867 3506 per
880 3419 1107 3486 essoniatorem
1122 3445 1217 3487 suum

123 3525 203 3590 adie
218 3534 278 3591 etc
294 3535 424 3590 611666
443 3549 508 3590 non
530 3525 623 3590 uenit
646 3533 704 3590 etc.
722 3533 756 3589 et
778 3524 851 3589 ideo
872 3524 971 3589 assisa
993 3525 1142 3610 capiatur
1161 3549 1219 3612 per

124 3629 271 3695 defaltam
286 3638 337 3694 661
350 3631 484 3716 ponitur
497 3631 532 3695 in
546 3637 728 3716 respectum
744 3651 845 3715 usque
861 3637 920 3692 etc.

43 3726 88 3792 1⁸0·
181 3735 344 3800 Henricus
368 3734 408 3800 de
434 3733 603 3799 Naffordia
631 3755 689 3819 pro
714 3755 748 3798 se
774 3741 808 3798 et
834 3733 994 3798 Matillide
1024 3755 1123 3798 uxore
1148 3733 1218 3798 eius

124 3841 211 3906 66166
239 3841 309 3906 1666
337 3839 472 3926 ponitur
499 3838 584 3924 petit
613 3861 726 3903 uersus
755 3837 934 3902 Henricum
963 3838 1004 3903 de
1034 3837 1219 3902 Glannuilla

123 3965 215 4028 quem
238 3944 338 4030 Huge
362 3941 515 4007 Graundi'
531 3942 662 4008 uocauit
680 3941 722 4006 ad
737 3949 916 4006 warantum
932 3951 966 4006 et
981 3941 1037 4028 qui
1052 3941 1083 4006 ei
1098 3963 1219 4006 waren-

124 4047 235 4111 tiaauit
267 4048 290 4132 j.
321 4047 433 4111 hidam
467 4055 551 4111 terre
586 4069 659 4112 6661
689 4045 895 4132 pertinenciis
925 4055 959 4110 et
988 4045 1155 4110 dimidiam
1185 4055 1220 4110 et

124 4149 254 4214 terciam
275 4157 402 4235 partem
420 4149 444 4234 j.
461 4149 588 4237 uirgete
611 4157 695 4213 terre
717 4171 792 4214 cum
814 4148 1021 4235 pertinenciis
1043 4148 1077 4212 in
1100 4148 1219 4234 Aspele

125 4253 225 4317 61166
240 4253 341 4338 ipsius
362 4253 532 4319 Matillidis
553 4262 587 4319 et
610 4261 648 4318 ut
670 4253 761 4318 illam
783 4252 869 4317 unde
893 4253 1008 4317 Emma
1030 4253 1070 4317 de
1093 4253 1219 4318 Mente-

124 4377 211 4420 mora
230 4355 306 4420 auia
325 4357 428 4443 ipsius
448 4358 617 4422 Matillidis
633 4357 696 4422 fuit
711 4357 821 4421 seisita
836 4363 875 4421 61
890 4355 930 4420 de
946 4357 1036 4420 feodo
1052 4365 1085 4421 et
1101 4357 1170 4422 iure
1186 4367 1222 4422 et

236 4473 246 4506 ¹
263 4473 336 4523 omit
347 4475 422 4536 qnod.
552 4474 563 4506 ²
578 4477 641 4522 11111
653 4476 745 4524 laicum
750 4475 854 4538 sendum
865 4475 973 4524 eiusdem
984 4475 1098 4522 aicardi.

210 4600 235 4648 u
1092 4577 1131 4636 10
