3212 5230
358 413 422 474 320
662 428 802 489 urerer,
824 429 889 478 nu.
915 416 1007 490 1230,
1031 431 1093 480 nu
1119 419 1167 480 14.

356 610 477 666 sectam
500 625 601 668 suern.
646 603 690 668 Et
708 603 780 669 ideo
802 603 1049 670 Consideratum
1073 605 1141 670 est¹
1166 606 1329 672 Gsltiidus
1352 607 1467 672 uadiet

355 703 461 791 legem
476 727 510 769 se
530 704 585 791 xij.
601 727 700 770 manu
721 714 755 770 et
775 706 888 771 ueniet
909 715 968 772 etc
1014 707 1058 772 Et
1078 708 1244 774 sciendum
1260 709 1347 796 quod
1366 710 1466 775 ambo

355 815 551 894 cognoscunt
576 807 662 894 quod
688 809 872 895 antiquitus
901 809 983 874 solet
1013 810 1084 875 fieri
1105 811 1267 878 districcio
1290 811 1325 876 in
1349 811 1465 877 eodem

355 918 541 976 tenemento
567 934 624 998 pro
654 913 743 978 omni
771 913 907 978 seruicio
936 914 1023 1000 quod
1054 915 1141 981 idem
1171 915 1335 982 Galfridus
1363 915 1466 981 debet

353 1013 498 1098 predicto
520 1013 670 1080 Johunni
717 1015 760 1079 Et
789 1015 862 1082 ideo
891 1027 1082 1104 preceptum
1108 1027 1158 1084 est
1189 1019 1295 1085 eidem
1317 1018 1466 1086 Gelt'rido

354 1118 440 1204 quod
454 1119 495 1184 de
510 1128 617 1184 cetero
637 1120 785 1206 squictet
806 1121 914 1206 ipsum
929 1122 1132 1188 Willelmum
1152 1145 1265 1188 uersus
1279 1123 1464 1210 predictum

353 1221 376 1286 J
377 1222 537 1287 ohannem
552 1245 593 1287 ne
608 1222 695 1288 idem
710 1223 896 1290 Willelmus
911 1224 1089 1311 dampnum
1104 1225 1233 1292 habeat.

418 1322 578 1390 'Thomas
599 1324 797 1413 'Episcopus
820 1327 1035 1392 Norwicensis
1056 1327 1154 1414 petiit
1176 1351 1235 1414 per
1256 1329 1465 1394 libertatem⁴

258 1425 296 1518 ⁰]
352 1428 461 1492 omnis
480 1429 731 1496 amerciemente
753 1430 921 1496 hominum
943 1453 1074 1496 suorum
1096 1430 1283 1496 tenencium
1305 1431 1346 1496 dc
1369 1431 1465 1496 feodo

351 1553 410 1595 suo
441 1540 509 1596 tem
539 1532 579 1596 de
610 1532 869 1598 emerciementis
898 1533 933 1598 in
963 1533 1121 1598 comitatu
1150 1555 1249 1619 quam
1279 1533 1314 1598 in
1344 1533 1463 1598 itinere

352 1631 609 1700 iusticiuriorum.
654 1635 698 1699 Et
713 1635 862 1700 dominus
880 1635 951 1700 Rex
969 1633 1112 1722 quesiuit
1126 1657 1192 1721 quo
1206 1643 1349 1700 warcnto
1363 1633 1463 1720 petiit

351 1738 603 1804 amerciamente
620 1740 684 1806 illu
729 1739 820 1804 Dicit
834 1739 921 1826 quod
941 1763 999 1826 per
1019 1739 1146 1804 cartas*
1166 1739 1260 1804 Dom.
1277 1739 1379 1826 Regis
1394 1739 1461 1804 scii

352 1867 410 1931 per
431 1855 553 1912 curtem
575 1848 668 1914 Dom.
687 1847 786 1935 Regis
806 1849 836 1913 J.
855 1847 958 1934 petris
979 1847 1031 1912 sui
1051 1869 1132 1934 quas
1153 1846 1299 1932 protulit
1344 1846 1388 1910 Et
1410 1868 1460 1910 re·

352 1949 492 2035 quisitus
520 1951 548 2015 si
578 1951 679 2016 uellet
703 1951 821 2016 hebere
844 1950 1001 2016 iudicium
1024 1949 1064 2015 de
1087 1949 1184 2014 certis
1206 1949 1280 2027 illis,
1301 1949 1352 2014 ita
1372 1949 1459 2036 quod

351 2049 379 2114 si
401 2051 568 2116 emitteret
590 2073 648 2137 per
669 2051 835 2128 indicium,
857 2051 1110 2116 amerciaments
1137 2050 1195 2114 illa
1223 2049 1457 2136 inperpetuum

189 2150 223 2236 {ig
259 2161 331 2246 ηεξ
351 2153 526 2232 emitteret,
541 2163 575 2219 et
590 2155 618 2219 si
632 2178 690 2242 pro
704 2178 739 2218 se
754 2155 952 2220 iudicaretur
963 2155 1049 2242 quod
1061 2154 1195 2220 heberet
1207 2153 1460 2218 amerciamenta

226 2244 337 2330 effi?
350 2258 503 2344 predicte,
526 2268 560 2323 et
583 2260 759 2346 Episcopus
781 2259 841 2324 tali
863 2259 958 2324 modo
980 2259 1106 2324 subiuit
1128 2257 1294 2323 iudicium
1340 2257 1460 2322 Postea

188 2337 294 2376 mentis
303 2339 324 2377 tn

187 2383 318 2470 goffer·
350 2363 434 2428 dixit
455 2363 542 2450 quod
565 2363 742 2450 Episcopus
764 2364 794 2430 J.
818 2363 858 2429 de
882 2365 969 2450 Grey
983 2362 1187 2450 predecessor
1209 2385 1287 2426 suus
1310 2361 1374 2426 fuit
1395 2359 1459 2426 sci-

350 2467 434 2532 situs
448 2467 488 2532 de
507 2467 767 2534 amerciamentis
786 2477 821 2532 et
842 2469 1021 2554 Episcopus
1034 2465 1238 2532 Rendulfus⁸
1252 2465 1404 2531 similiter
1424 2476 1460 2531 et

351 2571 426 2637 inde
456 2571 583 2636 inuenit
605 2570 772 2636 ecclesium
794 2594 887 2636 suum
909 2571 1054 2636 scisitam
1077 2569 1163 2634 unde
1185 2591 1251 2634 non
1273 2592 1372 2634 ausus
1393 2569 1460 2634 fuit

351 2677 458 2742 subire
473 2675 629 2741 iudicium
650 2676 719 2740 sinc
743 2675 835 2740 Dom.
852 2675 1103 2761 Archiepiscopo
1124 2682 1158 2738 et
1173 2673 1370 2760 coepiscopis
1390 2675 1460 2739 suis

351 2789 385 2844 et
400 2780 469 2844 sine
485 2802 594 2844 eorum
610 2779 758 2846 consiliis

225 2885 297 2947 392.
415 2883 592 2948 'Ricurdus
613 2883 653 2948 de
674 2883 812 2969 Willeye
835 2891 869 2946 et
891 2881 1043 2947 Johanna
1064 2881 1105 2946 de
1124 2881 1244 2968 Willey
1266 2881 1458 2947 summoniti

226 2983 296 3024 wm-
351 2987 483 3051 fuerunt
511 2985 553 3051 nd
578 2983 836 3071 respondendum
858 2985 1023 3049 Willelmo
1045 2984 1086 3049 de
1110 2983 1278 3049 Ksmuilla
1298 3007 1363 3071 qno
1385 2985 1458 3050 iure

349 3111 554 3154 communem
590 3099 721 3174 pesture
756 3087 894 3174 exigunt
922 3087 957 3152 in
987 3095 1075 3152 terra
1103 3087 1205 3173 ipsius
1233 3087 1392 3152 willelmi
1421 3089 1458 3153 in

187 3229 320 3276 „ww
349 3193 473 3270 Arewe,
495 3191 620 3256 desicut
648 3190 736 3256 idem
758 3189 943 3254 Willelmus
967 3189 1092 3254 nullam
1121 3212 1326 3254 communem
1356 3189 1459 3256 habet

187 3275 329 3418 {ffirfffff
349 3295 384 3360 in
411 3295 505 3360 terris
526 3294 668 3380 ipsorum
691 3292 822 3358 Ricerdi
844 3300 879 3358 et
901 3291 1061 3370 Johanne,
1075 3315 1134 3358 nec
1157 3291 1219 3379 ipsi
1242 3293 1401 3358 Ricardus
1423 3303 1460 3358 et

186 3415 259 3454 ntur
267 3420 337 3466 ww·
350 3401 372 3466 J
374 3399 501 3464 ohanna
515 3399 687 3463 seruicium
703 3398 827 3463 faciunt
843 3420 941 3484 quare
956 3420 1162 3462 communem
1181 3397 1299 3462 hebere
1314 3397 1460 3463 debeant

185 3471 329 3606 ἓξὲξ
349 3511 408 3568 etc.

186 3602 236 3651 ‘¹¹¹¹'
244 3607 316 3642 '⁶⁰⁸⁰'
415 3605 458 3670 Et
473 3605 630 3670 Ricardus
645 3613 679 3669 et
694 3604 717 3669 J
718 3605 846 3669 ohanne
860 3603 1007 3672 ueniunt.
1053 3605 1096 3669 Et
1111 3605 1134 3670 J
1135 3605 1264 3670 ohanna
1277 3603 1460 3691 dicitquod

186 3649 337 3782 ἓξὲ-
350 3718 441 3774 tenet
456 3718 575 3775 terram
590 3710 679 3774 illem
694 3710 729 3774 in
743 3709 854 3774 dotem
869 3709 911 3774 ud
927 3732 1024 3796 quam
1039 3731 1212 3774 commune
1232 3709 1288 3774 ille
1302 3710 1461 3796 pertinet,

186 3799 320 3924 iffi?
350 3825 383 3880 et
405 3815 485 3880 dicit
507 3815 593 3901 quod
615 3815 785 3901 Philippus
807 3813 969 3899 quondam
996 3813 1048 3878 uir
1076 3837 1155 3879 suus
1183 3813 1298 3879 habuit
1328 3837 1461 3900 semper

194 3940 210 3968 u

201 3988 216 4015 ¹¹
303 4037 314 4065 r
382 4005 508 4102 :Supply
519 4005 593 4068 quod,
607 4005 637 4053 A.
926 4007 1009 4054 essert
1020 4003 1461 4091 thathehssnoocmmoninthe

202 4080 323 4206 animi?
383 4071 547 4196 'Eiunriiilis‚
561 4149 662 4210 consec:
675 4135 747 4186 1226,
926 4069 1460 4210 iiiieiEiintitlEiiiuYnllylfflvfflii

382 4199 631 4262 ‘Throughouthrs
642 4199 743 4262 lrberty.
926 4215 950 4248 rs
971 4200 1031 4250 thet
1052 4199 1086 4250 he
1107 4200 1132 4250 is
1152 4205 1200 4252 not
1223 4199 1332 4250 sllowsd
1351 4201 1460 4264 enough

381 4264 749 4327 ‘Supplyarrtecerrorumm
925 4281 1047 4316 common
1069 4266 1098 4316 in
1119 4265 1165 4315 tho
1189 4265 1357 4316 defendnnt’s
1385 4265 1459 4322 lund.

301 4372 307 4380 .
382 4329 686 4392 ⁶00n.Pandutsur,A.
926 4335 973 4380 not
984 4330 1043 4381 that
1054 4329 1099 4382 the
1109 4329 1250 4380 detsndsnt
1266 4329 1317 4380 has
1334 4344 1460 4381 common

381 4395 438 4445 ²A.
453 4409 487 4444 m.
504 4395 543 4444 17.
925 4395 953 4444 in
979 4395 1022 4445 his
1045 4395 1194 4458 (Willinmt
1225 4395 1297 4444 lund.
1342 4395 1385 4444 He
1409 4395 1460 4446 hu

381 4461 438 4509 ⁸111
454 4475 470 4509 u
487 4459 543 4520 Quo
560 4459 622 4508 Jure
639 4475 654 4510 c
670 4459 786 4524 plsintifl
802 4464 873 4510 must
925 4460 1053 4510 mistaten
1066 4461 1107 4510 his
1118 4475 1172 4510 rem
1205 4476 1231 4523 5.
