3212 5230
335 443 399 506 390
637 454 777 515 uranu,
799 453 863 503 ιιι.
889 439 982 514 1231,
1005 453 1068 502 ιιι
1094 441 1141 502 15.

335 637 513 718 potuerunt
529 630 589 693 hoc
610 628 767 706 dedicore,
789 637 823 694 et
845 627 919 694 ideo
941 628 1118 694 Mauricius
1141 627 1215 693 inde
1239 628 1308 692 sine
1335 625 1397 690 die
1427 631 1468 687 et

335 735 503 818 Ailwynus
518 740 553 797 et
567 732 624 797 alii
638 731 674 796 in
688 731 915 797 misericordia.

400 836 494 902 Idem
523 835 690 921 Ailwynus
720 841 755 899 et
783 834 840 899 alii
869 843 989 920 petunt
1025 857 1139 900 uersus
1176 835 1465 900 Bartholomeum

336 940 440 1004 filium
466 938 590 1003 Eilnolf
615 945 649 1002 et
672 959 786 1002 uersus
808 937 972 1022 Rogemm
995 937 1098 1002 filium
1123 938 1240 1002 Eilnod
1260 961 1368 1002 unam
1394 959 1468 1002 aer.

337 1053 420 1110 terre
436 1065 509 1108 cum
525 1051 605 1127 pert.
621 1041 656 1106 in
671 1041 786 1106 eadem
801 1041 882 1106 uilla
896 1050 935 1106 ut
950 1042 1002 1107 ius
1016 1042 1159 1128 ipsorum
1175 1051 1209 1107 et
1219 1043 1255 1107 in
1265 1065 1371 1129 quam
1390 1063 1468 1106 non

337 1146 459 1211 habent
474 1145 654 1231 ingressum
670 1143 733 1208 nisi
747 1165 805 1230 per
818 1143 1002 1230 predictum
1018 1145 1143 1209 Eilnolf
1158 1157 1286 1231 patrem
1300 1147 1467 1232 ipsorum

337 1248 391 1312 oui
405 1247 551 1334 predicta
571 1245 719 1310 Brictiua
738 1254 858 1311 terram
879 1245 970 1310 illam
991 1246 1116 1312 dimisit
1135 1248 1178 1313 ad
1193 1247 1376 1313 terminum
1401 1247 1469 1334 qui

338 1351 493 1438 preteriit.

403 1455 447 1520 Et
463 1454 709 1519 Bartholomeus
724 1462 759 1518 et
774 1454 920 1542 Rogems
935 1454 1074 1519 ueniunt
1089 1465 1125 1520 et
1144 1453 1325 1519 defendunt
1348 1453 1468 1519 talem

339 1559 518 1645 ingressum
534 1565 568 1622 et
583 1557 697 1622 dicunt
712 1556 798 1643 quod
813 1556 935 1622 habent
950 1557 1131 1644 ingressum
1148 1557 1205 1622 ut¹
1225 1557 1277 1622 ius
1297 1567 1334 1622 et
1358 1558 1469 1622 here-

338 1660 476 1726 ditatem
499 1682 562 1746 que
584 1660 631 1724 eis
653 1659 819 1724 descendit
841 1659 881 1724 de
903 1660 1021 1725 Ainoso
1040 1669 1133 1746 patre
1148 1660 1291 1746 ipsorum
1306 1661 1363 1726 cui
1379 1684 1468 1748 pre·

339 1764 427 1829 dicta
448 1764 595 1828 Brictiua
616 1772 735 1827 terram
758 1763 849 1828 illam
871 1763 963 1828 dedit
985 1773 1019 1828 et
1042 1787 1118 1828 eum
1142 1763 1218 1829 inde
1242 1765 1399 1829 feoffauit
1428 1773 1469 1830 et

339 1866 520 1932 defendunt
534 1867 586 1931 ius
600 1866 743 1952 ipsorum
757 1867 879 1953 precise
895 1875 930 1931 et
945 1874 1071 1953 ponunt
1086 1891 1120 1933 se
1140 1869 1175 1932 in
1195 1891 1349 1955 magnam
1372 1869 1468 1934 assi-

340 1995 408 2037 sam
432 1972 526 2038 Dom.
542 1971 662 2059 Regis¹
681 1980 716 2036 et
738 1979 858 2057 petunt
879 1971 1135 2059 recognicionem
1156 1972 1228 2038 fieri
1250 1982 1364 2037 utrum
1392 1973 1469 2060 ipsi

341 2075 445 2140 maius
466 2075 517 2140 ius
540 2075 681 2140 habeant
702 2073 738 2138 in
760 2082 847 2139 terra
867 2074 925 2138 illa
944 2097 986 2138 an
1007 2075 1145 2160 predicti
1159 2076 1317 2141 Ailwinus
1333 2085 1370 2141 et
1388 2077 1467 2154 alii,

341 2186 375 2243 et
390 2177 550 2243 Ailwinus
569 2187 604 2242 et
624 2177 681 2242 alii
703 2177 783 2242 dant
806 2177 882 2244 dim.
903 2199 999 2243 maro.
1020 2200 1078 2264 pro
1100 2178 1250 2244 habenda
1270 2179 1373 2244 assisa
1400 2179 1469 2244 illa

341 2291 401 2348 etc.
779 2337 781 2342 .

407 2384 500 2450 Idem
518 2383 678 2448 Ailwinus
697 2392 732 2447 et
754 2383 811 2447 alii
833 2405 891 2469 per
913 2384 1026 2448 eadem
1049 2385 1151 2450 uerba
1172 2393 1207 2450 et
1227 2407 1286 2470 per
1307 2385 1465 2450 eundem

341 2488 521 2576 ingressum
542 2496 662 2607 petunt
684 2509 796 2552 uersus
819 2487 994 2603 Ricardum
1016 2486 1121 2552 filium
1144 2487 1291 2572 Ingeron'
1312 2489 1464 2553 terciam

179 2715 213 2755 ιι
200 2718 271 2764 ιιιιιιι
257 2714 300 2754 uos
344 2693 548 2779 Stephanum
572 2641 677 2756 filium
700 2691 870 2778 Engelron'
897 2693 1030 2756 terciam
1052 2701 1178 2778 partem
1200 2693 1257 2779 iiij.
1279 2715 1341 2758 aer.
1366 2703 1465 2759 terne

178 2763 307 2894 Ἷιίῖιι
344 2821 418 2864 oum
443 2806 524 2884 pert.
547 2798 582 2861 in
607 2796 720 2862 eadem
746 2792 826 2862 uilla
851 2805 889 2862 ut
914 2797 966 2862 ius
990 2798 1133 2884 ipsorum
1158 2806 1194 2863 et
1219 2799 1254 2863 in
1279 2821 1362 2884 quas
1388 2822 1464 2864 non

179 2902 303 3034 {nggfflffi‘
344 2903 490 2968 habent'
481 2925 661 2990 rngressum
676 2901 740 2966 nisi
753 2923 813 2987 per
826 2901 1008 2987 predictum
1025 2901 1136 2966 Eilnof
1152 2902 1205 2966 cui
1225 2903 1338 2966 eadem
1363 2903 1465 2968 Bric-

179 2999 302 3090 ssodd
267 3045 310 3088 a
345 3005 415 3070 tiua
443 3014 502 3070 etc
557 3005 654 3069 Set
646 3003 709 3090 rpsi
738 3004 837 3068 nichil
864 3003 1041 3068 ostendunt
1066 3004 1107 3070 de
1134 3004 1227 3070 tali
1219 3027 1364 3090 mgressu
1394 3029 1465 3072 nee

180 3089 253 3220 ιιιρι
250 3089 331 3174 ιιιιι
344 3117 465 3173 sectam
480 3107 662 3194 producunt
677 3115 712 3172 et
727 3107 873 3172 Brictiua
887 3107 969 3171 obiit
990 3116 1134 3194 tempore
1147 3108 1247 3194 Regis
1261 3108 1406 3186 Ricardi,
1423 3118 1464 3174 et

179 3183 288 3270 ιιιιοηιῑιι
289 3185 417 3277 ideo
432 3211 680 3278 Consideratum
696 3221 746 3276 est
761 3211 847 3297 quod
867 3211 1025 3276 Ricardus
1039 3221 1074 3277 et
1090 3212 1275 3318 Stephanus
1289 3212 1411 3277 inde
1383 3235 1462 3279 srne

343 3317 396 3382 die
412 3324 447 3382 et
461 3316 620 3381 Ailwinus
635 3325 670 3381 et
685 3317 764 3380 alii
755 3339 790 3380 ιιι
805 3316 1028 3380 misericordia

222 3419 544 3485 coenaturis
574 3442 636 3505 que
667 3420 730 3484 fuit
759 3441 840 3484 uxor
869 3419 1029 3484 Hamonis
1058 3418 1099 3484 de
1129 3418 1328 3484 Teohewella
1353 3420 1464 3505 petiit

226 3517 285 3558 Μ
343 3545 456 3588 uersus
470 3522 617 3587 Thoman
631 3522 672 3586 de
687 3522 881 3587 Tichewella
895 3522 1106 3588 medietatem
1121 3521 1184 3607 xvj.
1199 3543 1259 3586 acr.
1275 3531 1362 3586 terre
1377 3545 1462 3588 cum

343 3636 424 3714 pert.
440 3628 474 3692 in
492 3627 708 3692 Teoheswella
722 3635 761 3691 ut
775 3626 885 3691 dotem
901 3648 992 3690 suam
1008 3625 1056 3689 ita
1073 3625 1160 3712 quod
1179 3648 1367 3712 responsum
1389 3627 1462 3692 suit

344 3732 430 3819 quod
450 3754 516 3796 non
539 3731 654 3797 debuit
676 3732 787 3796 dotem
811 3731 930 3795 habere
955 3730 1032 3816 quia
1054 3730 1220 3816 predictus
1243 3730 1377 3794 Hamon
1402 3731 1461 3796 uir

343 3857 421 3898 suus
436 3855 601 3919 nunquam
617 3831 680 3896 suit
695 3832 771 3896 inde
785 3832 916 3896 scisitus
933 3831 986 3896 die
1001 3854 1066 3917 quo
1080 3853 1153 3896 eam
1167 3832 1378 3917 desponsauit
1393 3855 1458 3898 nec

344 3945 457 4022 postea
476 3957 643 4021 nunquam
665 3934 688 4018 [⁴
697 3934 783 4020 quod
801 3957 873 4000 eam
888 3934 964 3998 inde
980 3934 1091 3999 dotare
1106 3943 1224 4020 posset,
1238 3935 1286 4018 et]
1303 3935 1352 3999 ita
1366 3937 1458 4023 quod

343 4039 430 4105 idem
453 4039 594 4104 Thomas
615 4039 725 4124 posuit
744 4061 778 4104 se
793 4061 891 4125 super
904 4038 1165 4124 inquissicionem
1180 4047 1240 4104 etc.
1286 4039 1331 4104 Et
1345 4039 1456 4126 inqui-

377 4279 506 4342 ¹Supply
516 4279 594 4344 inv).
921 4279 945 4330 is
961 4279 1063 4329 limited
1080 4279 1122 4330 for
1138 4295 1154 4330 a
1170 4279 1269 4330 writof
1283 4283 1361 4343 entry
1372 4281 1454 4332 andr

378 4345 441 4394 ’As
453 4349 481 4394 to
491 4359 508 4394 a
518 4343 601 4406 grand
612 4343 696 4395 assim
707 4343 735 4394 in
746 4359 763 4394 a
773 4345 831 4395 urit
842 4345 871 4395 ot
920 4349 989 4396 mort
1001 4345 1027 4394 (ι’
1028 4350 1157 4396 anoestor.

346 4415 390 4508 cup
392 4424 479 4525 Broc}
484 4409 628 4538 {ipr'ghff'
651 4473 706 4525 The
718 4489 789 4525 mne
805 4475 868 4526 time
953 4411 1366 4476 ‘Interpolatedbyannotstoa
