3314 5238
375 450 439 512 412
680 455 819 525 116111,
842 461 906 512 nn.
932 449 1025 525 1231,
1047 461 1110 512 aa
1136 450 1184 512 15.

372 641 573 700 uocauerunt
587 633 663 700 inde
678 634 720 699 nd
734 642 915 700 warantum
929 635 1112 722 predictum
1132 634 1156 700 J
1156 634 1317 699 ohannem
1337 643 1373 699 et
1395 634 1483 699 idem

371 736 539 802 lohannes
561 737 693 802 uocauit
713 737 789 803 inde
813 737 856 802 ad
875 745 1058 803 warantum
1078 737 1212 803 Petrum
1233 736 1274 803 de
1289 737 1378 802 11616
1393 737 1484 802 Lacu

372 847 407 904 61
428 839 602 906 Isabellam
624 863 757 906 uxorem
779 840 857 906 eius
904 841 948 906 Et
979 841 1036 927 qui
1065 863 1153 906 nunc
1177 840 1319 906 ueniunt
1343 863 1404 927 per
1433 850 1483 906 61-

371 948 516 1006 tornatos
541 964 616 1008 suos
640 951 675 1008 61
700 942 815 1008 dicunt
841 942 927 1030 quod
952 943 1055 1008 nichil
1081 943 1205 1008 habent
1230 943 1271 1008 de
1298 942 1485 1008 hereditate

371 1043 508 1110 Roberti
533 1043 574 1110 de
600 1045 787 1112 Turneham
817 1057 950 1134 pmpter
978 1047 1065 1134 quod
1094 1049 1302 1113 warantizare
1331 1041 1485 1113 debeant.

372 1145 417 1212 Et
438 1147 550 1212 Abbas
570 1149 718 1234 quesitus
737 1149 778 1214 de
793 1150 887 1215 cuius
906 1149 1025 1216 seisina
1047 1149 1133 1236 petit
1153 1158 1273 1216 terram
1293 1149 1385 1215 illam
1403 1150 1486 1214 dicit

372 1249 459 1336 quod
469 1251 510 1316 de
521 1251 640 1317 seisina
650 1253 781 1340 propria
792 1261 937 1340 tempure
949 1253 1049 1340 Regis
1060 1253 1090 1319 J.
1103 1261 1143 1318 nt
1157 1253 1198 1318 de
1213 1253 1296 1318 dono
1312 1253 1486 1318 Michaelis

372 1355 413 1422 de
443 1357 628 1422 Tumcham
659 1365 694 1423 et
723 1357 764 1422 de
789 1357 1034 1424 confirmacione
1061 1357 1198 1423 Roberti
1221 1357 1262 1422 de
1287 1356 1486 1434 Turneham,

373 1467 407 1524 61
437 1460 521 1526 bene
550 1460 630 1526 dicit
659 1460 747 1548 quod
771 1461 842 1548 ipse
868 1462 1019 1527 feoffatus
1044 1462 1108 1528 fuit
1134 1470 1311 1548 antequam
1336 1462 1487 1548 predicta

373 1563 535 1628 Beatricia
549 1564 685 1630 haberet
700 1564 776 1630 inde
792 1565 935 1652 aliquam
950 1565 1111 1631 saisinam.

438 1665 484 1731 Et
495 1667 660 1733 Johannea
671 1667 752 1733 dicit
767 1667 853 1755 quod
869 1668 1008 1754 predicti
1022 1668 1140 1734 Petrus
1154 1675 1189 1732 et
1204 1653 1346 1732 isabella
1359 1666 1486 1732 habent

372 1768 459 1834 unde
485 1771 691 1836 warantizare
722 1778 878 1857 poterunt
908 1771 973 1837 scil.
996 1769 1244 1836 aduocacionem
1266 1769 1413 1835 Abbacie
1443 1771 1486 1834 de

372 1873 519 1960 Begham
539 1882 574 1939 et
593 1874 680 1961 petit
700 1874 787 1961 quod
807 1875 1005 1941 escambium
1026 1875 1057 1941 ei
1078 1875 1136 1940 fiat
1156 1874 1198 1940 de
1217 1874 1367 1961 predicta
1381 1873 1486 1938 aduo-

371 1976 500 2042 6661616
515 1985 550 2042 61
564 1976 592 2042 si
603 1977 693 2042 curia
704 1977 956 2043 considerauerit
968 1978 1054 2064 quod
1065 1977 1142 2044 inde
1154 1977 1353 2043 escambium
1363 1976 1485 2042 habere

372 2103 438 2146 non
458 2081 577 2148 debeat
598 2082 692 2168 ponit
713 2105 748 2146 se
767 2082 803 2146 in
825 2105 977 2170 magnam
997 2083 1131 2148 assisam
1151 2089 1264 2147 utrum
1286 2080 1357 2166 ipse
1377 2079 1486 2145 maius

372 2183 424 2250 ius
438 2183 559 2249 habeat
573 2184 608 2249 in
623 2193 710 2266 terra
724 2184 782 2250 illa
800 2207 843 2250 an
863 2185 1028 2271 predictus
1047 2185 1167 2250 Abbaa
1212 2185 1256 2249 Et
1270 2184 1383 2248 Abbas
1397 2182 1486 2268 petit

372 2285 539 2352 iudicium.
584 2288 628 2352 Et
650 2287 728 2374 quia
749 2289 959 2354 conuinctum
980 2297 1030 2354 est
1052 2288 1138 2375 quod
1158 2287 1297 2374 predicti
1312 2288 1430 2352 Petrus
1450 2297 1486 2351 et

373 2390 515 2456 Isabella
537 2389 638 2456 nichil
660 2391 784 2456 habent
806 2390 847 2456 ds
872 2391 1055 2457 hereditate
1075 2391 1211 2456 Roberti
1232 2390 1274 2455 de
1296 2389 1485 2454 Tur-ucham

374 2503 508 2580 propter
530 2494 616 2581 quod
638 2494 773 2561 debeat¹
796 2497 1013 2575 warantizare²
1033 2505 1068 2562 61
1088 2496 1166 2584 quia
1184 2495 1350 2582 predictus
1371 2494 1486 2558 Abbas

375 2599 480 2687 primo
509 2601 608 2686 petiit
638 2609 759 2666 terram
789 2601 880 2667 illam
910 2624 1024 2667 uersus
1057 2601 1220 2689 predictos
1254 2601 1419 2688 Rogerum
1449 2607 1486 2664 61

376 2704 572 2770 Matillidem
595 2713 630 2770 61
652 2705 693 2770 de
715 2705 836 2772 saisina
858 2728 919 2772 sua
940 2707 1071 2793 propria
1091 2706 1197 2772 multe
1219 2714 1365 2792 tempore
1391 2713 1487 2770 ante·

376 2829 474 2893 quam
489 2806 628 2893 predicti
643 2807 744 2894 Hugc
758 2815 793 2872 61
808 2808 971 2874 1166111616
982 2809 1212 2895 inplacitarent
1222 2808 1309 2895 ipsos
1318 2809 1485 2894 Rogerum

376 2918 411 2974 et
434 2909 640 2987 Matillidem‚
667 2909 916 2976 consideratum
943 2920 993 2977 est
1019 2911 1106 2998 quod
1136 2912 1248 2977 Abbas
1277 2911 1486 2997 recuperauit

375 3013 528 3078 saisinam
544 3013 585 3078 de
600 3013 746 3099 predicto
760 3015 892 3080 redditu
907 3039 1021 3081 uersus
1040 3016 1224 3103 predictum
1244 3016 1267 3081 J
1268 3016 1429 3080 ohannem
1451 3023 1487 3080 61

376 3116 544 3180 16161166
559 3116 606 3180 eis
620 3117 719 3181 faciat
734 3118 933 3184 escambium
948 3119 990 3185 ad
1005 3119 1196 3196 ualenciam,
1205 3127 1240 3184 61
1254 3119 1433 3184 satisfaciat
1444 3117 1485 3182 de

377 3219 524 3285 ualencia
538 3219 692 3307 predictis
707 3221 843 3308 Hugoni
858 3230 892 3286 et
908 3222 1068 3288 Beatricie
1084 3223 1112 3288 si
1127 3222 1248 3288 habeat
1261 3221 1359 3286 unde.

441 3324 553 3390 Abbas
568 3325 609 3390 de
624 3323 825 3390 Rerefordia¹
840 3325 962 3412 optulit
977 3348 1011 3390 se
1026 3326 1098 3412 111]ιο
1112 3326 1165 3391 die
1180 3347 1293 3391 uersus
1307 3326 1485 3413 Hugcnem

312 3447 331 3477 a
377 3424 418 3491 de
442 3426 602 3491 Berneual
629 3435 663 3492 et
689 3427 898 3493 Helewisiam
924 3449 1057 3493 uxorem
1083 3428 1220 3493 eiusde
1249 3427 1369 3514 placito
1398 3427 1486 3513 quod

377 3528 587 3594 warentizent
609 3529 641 3594 61
657 3529 683 3614 j.
705 3529 787 3616 uirg.
809 3537 894 3596 terre
916 3553 991 3596 cum
1012 3538 1093 3616 pert.
1116 3531 1151 3596 in
1174 3530 1363 3617 Heregnaue
1386 3552 1485 3616 quam

377 3639 469 3696 16161
491 3631 588 3696 etde
610 3631 657 3696 eis
679 3639 789 3698 161616
812 3633 932 3698 clamat
953 3643 989 3699 et
1003 3634 1090 3699 unde
1116 3643 1237 3698 cartam
1261 3633 1423 3698 «Iohannis
1445 3633 1485 3698 de

377 3734 619 3799 Wistcnestena
633 3735 740 3800 fratris
751 3735 853 3822 ipsius
864 3737 1038 3802 Helewisie
1049 3737 1150 3802 habet
1162 3745 1222 3802 616
1253 3737 1297 3800 111
1309 3736 1410 3822 Hugo
1422 3759 1485 3801 non

377 3837 470 3902 uenit
479 3845 513 3901 et
527 3837 637 3923 plures
646 3837 723 3902 fecit
731 3837 877 3904 defaltas.
909 3839 953 3904 Et
963 3839 1037 3904 ideo
1048 3839 1228 3904 uicecomes
1238 3839 1359 3904 habeat
1371 3860 1486 3924 corpus

377 3940 447 4005 eius
457 3962 478 4004 a
493 3939 546 4004 die
561 3948 622 4006 etc.
634 3949 669 4006 61
683 3941 815 4006 interim
826 3951 994 4008 remaneat
1008 3943 1166 4029 placitum
1177 3943 1212 4007 in
1227 3943 1385 4008 comitatu
1401 3943 1487 4008 inter

377 4043 558 4108 liebertum
567 4043 672 4108 filium
683 4045 828 4131 predicte
840 4047 1015 4112 Helewisie
1026 4056 1197 4134 petentem
1211 4055 1246 4112 61
1257 4047 1366 4133 ipsum
1377 4047 1488 4112 Abba·

377 4155 445 4211 tem
460 4154 628 4212 tenentem
644 4147 684 4213 de
700 4148 826 4214 duabus
840 4151 989 4236 partibus
1003 4161 1088 4218 16116
1103 4153 1248 4239 predicte
1262 4151 1455 4218 remaneat⁸.

410 4341 633 4392 ι(161111611611.
988 4344 1298 4397 'Omitoneremancnt
1331 4345 1384 4396 For
1399 4360 1488 4397 masne

409 4407 563 4470 ’Probably
589 4406 717 4458 Durelcrd
744 4407 773 4459 in
801 4409 904 4461 sussex.
956 4425 1061 4476 process
1076 4411 1104 4461 in
1119 4413 1255 4462 Wcrcntic
1272 4413 1366 4462 011116
1383 4426 1428 4462 sea
1443 4413 1486 4462 Br.

378 4473 552 4524 1161611161.
567 4473 592 4534 θ,
605 4474 700 4536 11916.
957 4477 975 4526 f.
989 4477 1046 4528 599.
