<?xml version="1.0" encoding="UTF-8"?>
<!DOCTYPE html PUBLIC "-//W3C//DTD XHTML 1.0 Transitional//EN"
    "http://www.w3.org/TR/xhtml1/DTD/xhtml1-transitional.dtd">
<html xmlns="http://www.w3.org/1999/xhtml" xml:lang="en" lang="en">
 <head>
  <title>
</title>
<meta http-equiv="Content-Type" content="text/html;charset=utf-8" />
  <meta name='ocr-system' content='tesseract 3.04.00' />
  <meta name='ocr-capabilities' content='ocr_page ocr_carea ocr_par ocr_line ocrx_word'/>
</head>
<body>
  <div class='ocr_page' id='page_1' title='image "./bractonsnoteboo04bracgoog_0314.png"; bbox 0 0 3212 5230; ppageno 0'>
   <div class='ocr_carea' id='block_1_1' title="bbox 346 409 1240 486">
    <p class='ocr_par' dir='ltr' id='par_1_1' title="bbox 346 409 1240 486">
     <span class='ocr_line' id='line_1_1' title="bbox 346 409 1240 486; baseline -0.007 -8"><span class='ocrx_word' id='word_1_1' title='bbox 346 415 409 480; x_wconf 90' lang='grc'><strong>306</strong></span> <span class='ocrx_word' id='word_1_2' title='bbox 555 425 789 486; x_wconf 71' lang='lat' dir='ltr'><strong>sarcasmum,</strong></span> <span class='ocrx_word' id='word_1_3' title='bbox 810 423 875 474; x_wconf 81' lang='grc' dir='ltr'>ιιι.</span> <span class='ocrx_word' id='word_1_4' title='bbox 900 411 993 486; x_wconf 80' lang='lat'>1229,</span> <span class='ocrx_word' id='word_1_5' title='bbox 1015 423 1079 474; x_wconf 70' lang='lat' dir='ltr'><strong>aa</strong></span> <span class='ocrx_word' id='word_1_6' title='bbox 1104 409 1240 474; x_wconf 77' lang='lat'>13-14.</span> 
     </span>
    </p>
   </div>
   <div class='ocr_carea' id='block_1_2' title="bbox 346 589 1453 683">
    <p class='ocr_par' dir='ltr' id='par_1_2' title="bbox 346 589 1453 683">
     <span class='ocr_line' id='line_1_2' title="bbox 346 589 1453 683; baseline -0.01 -17"><span class='ocrx_word' id='word_1_7' title='bbox 346 597 470 666; x_wconf 85' lang='lat' dir='ltr'><strong>Arches</strong></span> <span class='ocrx_word' id='word_1_8' title='bbox 484 605 563 662; x_wconf 87' lang='lat' dir='ltr'><strong>tunc</strong></span> <span class='ocrx_word' id='word_1_9' title='bbox 578 595 725 683; x_wconf 86' lang='lat' dir='ltr'><strong>capitalis</strong></span> <span class='ocrx_word' id='word_1_10' title='bbox 740 593 890 660; x_wconf 90' lang='lat' dir='ltr'><strong>dominus</strong></span> <span class='ocrx_word' id='word_1_11' title='bbox 904 593 992 660; x_wconf 89' lang='lat' dir='ltr'><strong>illius</strong></span> <span class='ocrx_word' id='word_1_12' title='bbox 1006 593 1092 660; x_wconf 89' lang='lat' dir='ltr'><strong>feodi</strong></span> <span class='ocrx_word' id='word_1_13' title='bbox 1107 615 1164 682; x_wconf 91' lang='lat' dir='ltr'><strong>pro</strong></span> <span class='ocrx_word' id='word_1_14' title='bbox 1178 593 1307 659; x_wconf 82' lang='lat' dir='ltr'><strong>defectu</strong></span> <span class='ocrx_word' id='word_1_15' title='bbox 1323 589 1453 657; x_wconf 88' lang='lat' dir='ltr'><strong>seruicii</strong></span> 
     </span>
    </p>
   </div>
   <div class='ocr_carea' id='block_1_3' title="bbox 184 697 1455 792">
    <p class='ocr_par' dir='ltr' id='par_1_3' title="bbox 184 697 1455 792">
     <span class='ocr_line' id='line_1_3' title="bbox 184 697 1455 792; baseline -0.011 -13.604"><span class='ocrx_word' id='word_1_16' title='bbox 184 739 278 788; x_wconf 63' lang='lat' dir='ltr'><strong>som</strong></span> <span class='ocrx_word' id='word_1_17' title='bbox 263 738 306 778; x_wconf 69' lang='grc' dir='ltr'><strong>ιιι</strong></span> <span class='ocrx_word' id='word_1_18' title='bbox 347 706 434 792; x_wconf 87' lang='lat' dir='ltr'><strong>cepit</strong></span> <span class='ocrx_word' id='word_1_19' title='bbox 449 727 521 770; x_wconf 90' lang='lat' dir='ltr'><strong>eam</strong></span> <span class='ocrx_word' id='word_1_20' title='bbox 541 704 575 769; x_wconf 90' lang='lat' dir='ltr'><strong>in</strong></span> <span class='ocrx_word' id='word_1_21' title='bbox 595 725 729 768; x_wconf 90' lang='lat' dir='ltr'><strong>manum</strong></span> <span class='ocrx_word' id='word_1_22' title='bbox 749 724 840 767; x_wconf 90' lang='lat' dir='ltr'><strong>suam</strong></span> <span class='ocrx_word' id='word_1_23' title='bbox 863 709 898 766; x_wconf 88' lang='lat' dir='ltr'><strong>et</strong></span> <span class='ocrx_word' id='word_1_24' title='bbox 919 701 969 767; x_wconf 89' lang='lat' dir='ltr'><strong>ita</strong></span> <span class='ocrx_word' id='word_1_25' title='bbox 989 702 1076 788; x_wconf 92' lang='lat' dir='ltr'><strong>quod</strong></span> <span class='ocrx_word' id='word_1_26' title='bbox 1097 709 1171 788; x_wconf 87' lang='lat' dir='ltr'><strong>post</strong></span> <span class='ocrx_word' id='word_1_27' title='bbox 1192 707 1329 766; x_wconf 86' lang='lat' dir='ltr'><strong>mortem</strong></span> <span class='ocrx_word' id='word_1_28' title='bbox 1351 697 1455 786; x_wconf 86' lang='lat' dir='ltr'><strong>ipsius</strong></span> 
     </span>
    </p>
   </div>
   <div class='ocr_carea' id='block_1_4' title="bbox 184 787 1454 920">
    <p class='ocr_par' dir='ltr' id='par_1_4' title="bbox 184 787 1454 920">
     <span class='ocr_line' id='line_1_4' title="bbox 184 787 1454 920; baseline -0.004 -48"><span class='ocrx_word' id='word_1_29' title='bbox 184 787 249 872; x_wconf 60' lang='lat' dir='ltr'><strong>ffii</strong></span> <span class='ocrx_word' id='word_1_30' title='bbox 255 789 314 872; x_wconf 62' lang='grc' dir='ltr'>ιιι-</span> <span class='ocrx_word' id='word_1_31' title='bbox 347 808 484 874; x_wconf 90' lang='lat' dir='ltr'><strong>Aluredi</strong></span> <span class='ocrx_word' id='word_1_32' title='bbox 508 807 601 873; x_wconf 90' lang='lat' dir='ltr'><strong>uenit</strong></span> <span class='ocrx_word' id='word_1_33' title='bbox 630 805 795 893; x_wconf 87' lang='lat' dir='ltr'><strong>predictus</strong></span> <span class='ocrx_word' id='word_1_34' title='bbox 816 803 1001 869; x_wconf 89' lang='lat' dir='ltr'><strong>Willelmus</strong></span> <span class='ocrx_word' id='word_1_35' title='bbox 1023 803 1220 920; x_wconf 79' lang='lat' dir='ltr'><strong>[postnatus]</strong></span> <span class='ocrx_word' id='word_1_36' title='bbox 1244 812 1278 868; x_wconf 91' lang='lat' dir='ltr'><strong>et</strong></span> <span class='ocrx_word' id='word_1_37' title='bbox 1299 825 1358 889; x_wconf 88' lang='lat' dir='ltr'><strong>per</strong></span> <span class='ocrx_word' id='word_1_38' title='bbox 1379 823 1454 866; x_wconf 88' lang='lat' dir='ltr'><strong>con-</strong></span> 
     </span>
    </p>
   </div>
   <div class='ocr_carea' id='block_1_5' title="bbox 184 880 1456 1114">
    <p class='ocr_par' dir='ltr' id='par_1_5' title="bbox 184 880 1456 1104">
     <span class='ocr_line' id='line_1_5' title="bbox 184 880 1454 1012; baseline -0.01 -30"><span class='ocrx_word' id='word_1_39' title='bbox 184 880 335 1012; x_wconf 39' lang='lat' dir='ltr'><strong>&amp;yffi</strong></span> <span class='ocrx_word' id='word_1_40' title='bbox 317 913 522 978; x_wconf 80' lang='lat' dir='ltr'><strong>cessionem</strong></span> <span class='ocrx_word' id='word_1_41' title='bbox 537 909 675 998; x_wconf 79' lang='lat' dir='ltr'>predicti</span> <span class='ocrx_word' id='word_1_42' title='bbox 696 907 874 974; x_wconf 80' lang='lat' dir='ltr'><strong>Alexandri</strong></span> <span class='ocrx_word' id='word_1_43' title='bbox 894 907 1002 972; x_wconf 86' lang='lat' dir='ltr'><strong>fratris</strong></span> <span class='ocrx_word' id='word_1_44' title='bbox 1022 905 1073 972; x_wconf 91' lang='lat' dir='ltr'><strong>sui</strong></span> <span class='ocrx_word' id='word_1_45' title='bbox 1094 906 1303 995; x_wconf 82' lang='lat' dir='ltr'><strong>primogeniti</strong></span> <span class='ocrx_word' id='word_1_46' title='bbox 1322 912 1454 970; x_wconf 82' lang='lat' dir='ltr'><strong>tantum</strong></span> 
     </span>
     <span class='ocr_line' id='line_1_6' title="bbox 185 1007 1456 1114; baseline -0.017 -29"><span class='ocrx_word' id='word_1_47' title='bbox 185 1019 255 1059; x_wconf 58' lang='grc' dir='ltr'><strong>Μ·</strong></span> <span class='ocrx_word' id='word_1_48' title='bbox 186 1021 318 1114; x_wconf 52' lang='lat' dir='ltr'><strong>mm</strong></span> <span class='ocrx_word' id='word_1_49' title='bbox 349 1015 426 1080; x_wconf 89' lang='lat' dir='ltr'><strong>fecit</strong></span> <span class='ocrx_word' id='word_1_50' title='bbox 446 1037 523 1102; x_wconf 87' lang='lat' dir='ltr'><strong>erga</strong></span> <span class='ocrx_word' id='word_1_51' title='bbox 541 1013 724 1100; x_wconf 87' lang='lat' dir='ltr'><strong>predictum</strong></span> <span class='ocrx_word' id='word_1_52' title='bbox 746 1011 924 1077; x_wconf 86' lang='lat' dir='ltr'><strong>Radulfum</strong></span> <span class='ocrx_word' id='word_1_53' title='bbox 946 1034 1004 1098; x_wconf 93' lang='lat' dir='ltr'><strong>pro</strong></span> <span class='ocrx_word' id='word_1_54' title='bbox 1026 1011 1070 1098; x_wconf 90' lang='lat' dir='ltr'><strong>iij.</strong></span> <span class='ocrx_word' id='word_1_55' title='bbox 1087 1034 1183 1077; x_wconf 79' lang='lat' dir='ltr'><strong>marc.</strong></span> <span class='ocrx_word' id='word_1_56' title='bbox 1207 1033 1288 1097; x_wconf 58' lang='lat' dir='ltr'><strong>quaa</strong></span> <span class='ocrx_word' id='word_1_57' title='bbox 1309 1011 1340 1076; x_wconf 77' lang='lat' dir='ltr'><strong>ei</strong></span> <span class='ocrx_word' id='word_1_58' title='bbox 1362 1007 1456 1074; x_wconf 72' lang='lat' dir='ltr'><strong>dedit</strong></span> 
     </span>
    </p>
   </div>
   <div class='ocr_carea' id='block_1_6' title="bbox 185 1077 1456 1208">
    <p class='ocr_par' dir='ltr' id='par_1_6' title="bbox 185 1077 1456 1208">
     <span class='ocr_line' id='line_1_7' title="bbox 185 1077 1456 1208; baseline -0.009 -20"><span class='ocrx_word' id='word_1_59' title='bbox 185 1077 337 1208; x_wconf 55' lang='lat' dir='ltr'><strong>ffissffl.</strong></span> <span class='ocrx_word' id='word_1_60' title='bbox 349 1119 434 1205; x_wconf 94' lang='lat' dir='ltr'><strong>quod</strong></span> <span class='ocrx_word' id='word_1_61' title='bbox 449 1119 536 1184; x_wconf 90' lang='lat' dir='ltr'><strong>idem</strong></span> <span class='ocrx_word' id='word_1_62' title='bbox 556 1117 716 1182; x_wconf 86' lang='lat' dir='ltr'><strong>Radulfus</strong></span> <span class='ocrx_word' id='word_1_63' title='bbox 735 1115 891 1182; x_wconf 75' lang='lat' dir='ltr'><strong>concessit</strong></span> <span class='ocrx_word' id='word_1_64' title='bbox 911 1115 942 1180; x_wconf 91' lang='lat' dir='ltr'><strong>ei</strong></span> <span class='ocrx_word' id='word_1_65' title='bbox 961 1123 1081 1180; x_wconf 88' lang='lat' dir='ltr'><strong>terram</strong></span> <span class='ocrx_word' id='word_1_66' title='bbox 1103 1115 1192 1180; x_wconf 89' lang='lat' dir='ltr'><strong>illam</strong></span> <span class='ocrx_word' id='word_1_67' title='bbox 1213 1123 1247 1180; x_wconf 89' lang='lat' dir='ltr'><strong>et</strong></span> <span class='ocrx_word' id='word_1_68' title='bbox 1269 1113 1346 1202; x_wconf 90' lang='lat' dir='ltr'><strong>quia</strong></span> <span class='ocrx_word' id='word_1_69' title='bbox 1366 1112 1456 1178; x_wconf 92' lang='lat' dir='ltr'><strong>idem</strong></span> 
     </span>
    </p>
   </div>
   <div class='ocr_carea' id='block_1_7' title="bbox 184 1205 1464 4099">
    <p class='ocr_par' dir='ltr' id='par_1_7' title="bbox 185 1205 1457 1346">
     <span class='ocr_line' id='line_1_8' title="bbox 185 1205 1457 1346; baseline -0.009 -54"><span class='ocrx_word' id='word_1_70' title='bbox 185 1205 322 1346; x_wconf 56' lang='lat' dir='ltr'><strong>ffirifhma</strong></span> <span class='ocrx_word' id='word_1_71' title='bbox 350 1222 533 1288; x_wconf 91' lang='lat' dir='ltr'><strong>Willelmus</strong></span> <span class='ocrx_word' id='word_1_72' title='bbox 547 1243 612 1284; x_wconf 91' lang='lat' dir='ltr'><strong>non</strong></span> <span class='ocrx_word' id='word_1_73' title='bbox 631 1219 748 1284; x_wconf 89' lang='lat' dir='ltr'><strong>habuit</strong></span> <span class='ocrx_word' id='word_1_74' title='bbox 770 1217 856 1283; x_wconf 90' lang='lat' dir='ltr'><strong>unde</strong></span> <span class='ocrx_word' id='word_1_75' title='bbox 878 1217 1018 1283; x_wconf 86' lang='lat' dir='ltr'><strong>solueret</strong></span> <span class='ocrx_word' id='word_1_76' title='bbox 1038 1217 1187 1283; x_wconf 89' lang='lat' dir='ltr'><strong>denarios</strong></span> <span class='ocrx_word' id='word_1_77' title='bbox 1206 1218 1278 1283; x_wconf 87' lang='lat' dir='ltr'><strong>illos</strong></span> <span class='ocrx_word' id='word_1_78' title='bbox 1299 1216 1457 1282; x_wconf 77' lang='lat' dir='ltr'><strong>concessit</strong></span> 
     </span>
    </p>

    <p class='ocr_par' dir='ltr' id='par_1_8' title="bbox 186 1298 1456 1390">
     <span class='ocr_line' id='line_1_9' title="bbox 186 1298 1456 1390; baseline -0.001 -5.989"><span class='ocrx_word' id='word_1_79' title='bbox 186 1345 237 1384; x_wconf 82' lang='grc' dir='ltr'><strong>ιιι</strong></span> <span class='ocrx_word' id='word_1_80' title='bbox 186 1298 295 1385; x_wconf 63' lang='lat' dir='ltr'><strong>hi*</strong></span> <span class='ocrx_word' id='word_1_81' title='bbox 349 1323 437 1390; x_wconf 87' lang='lat' dir='ltr'><strong>idem</strong></span> <span class='ocrx_word' id='word_1_82' title='bbox 452 1321 636 1388; x_wconf 88' lang='lat' dir='ltr'><strong>Willelmus</strong></span> <span class='ocrx_word' id='word_1_83' title='bbox 651 1331 769 1386; x_wconf 84' lang='lat' dir='ltr'><strong>terram</strong></span> <span class='ocrx_word' id='word_1_84' title='bbox 784 1321 874 1385; x_wconf 91' lang='lat' dir='ltr'><strong>illam</strong></span> <span class='ocrx_word' id='word_1_85' title='bbox 889 1319 1018 1385; x_wconf 89' lang='lat' dir='ltr'><strong>cuidam</strong></span> <span class='ocrx_word' id='word_1_86' title='bbox 1039 1319 1178 1386; x_wconf 87' lang='lat' dir='ltr'><strong>Osherto</strong></span> <span class='ocrx_word' id='word_1_87' title='bbox 1197 1321 1255 1385; x_wconf 90' lang='lat' dir='ltr'><strong>uni</strong></span> <span class='ocrx_word' id='word_1_88' title='bbox 1275 1320 1456 1385; x_wconf 85' lang='lat' dir='ltr'><strong>iuratorum</strong></span> 
     </span>
    </p>

    <p class='ocr_par' dir='ltr' id='par_1_9' title="bbox 186 1391 1456 1532">
     <span class='ocr_line' id='line_1_10' title="bbox 186 1391 1456 1532; baseline 0.001 -46"><span class='ocrx_word' id='word_1_89' title='bbox 186 1391 338 1532; x_wconf 41' lang='lat' dir='ltr'><strong>hadingi&amp;</strong></span> <span class='ocrx_word' id='word_1_90' title='bbox 350 1437 385 1494; x_wconf 86' lang='lat' dir='ltr'><strong>ot</strong></span> <span class='ocrx_word' id='word_1_91' title='bbox 399 1426 525 1492; x_wconf 91' lang='lat' dir='ltr'><strong>duobus</strong></span> <span class='ocrx_word' id='word_1_92' title='bbox 539 1424 612 1490; x_wconf 89' lang='lat' dir='ltr'><strong>aliis</strong></span> <span class='ocrx_word' id='word_1_93' title='bbox 626 1423 668 1489; x_wconf 89' lang='lat' dir='ltr'><strong>ad</strong></span> <span class='ocrx_word' id='word_1_94' title='bbox 683 1423 859 1488; x_wconf 89' lang='lat' dir='ltr'><strong>terminum</strong></span> <span class='ocrx_word' id='word_1_95' title='bbox 876 1421 976 1488; x_wconf 92' lang='lat' dir='ltr'><strong>trium</strong></span> <span class='ocrx_word' id='word_1_96' title='bbox 992 1443 1149 1488; x_wconf 90' lang='lat' dir='ltr'><strong>annorum</strong></span> <span class='ocrx_word' id='word_1_97' title='bbox 1161 1423 1276 1509; x_wconf 87' lang='lat' dir='ltr'><strong>persio</strong></span> <span class='ocrx_word' id='word_1_98' title='bbox 1290 1421 1456 1509; x_wconf 87' lang='lat' dir='ltr'><strong>quodipsi</strong></span> 
     </span>
    </p>

    <p class='ocr_par' dir='ltr' id='par_1_10' title="bbox 184 1489 1456 1626">
     <span class='ocr_line' id='line_1_11' title="bbox 184 1489 1456 1626; baseline -0.006 -30"><span class='ocrx_word' id='word_1_99' title='bbox 184 1489 311 1626; x_wconf 45' lang='grc' dir='ltr'><strong>Ξὲξιῦ*</strong></span> <span class='ocrx_word' id='word_1_100' title='bbox 237 1489 258 1524; x_wconf 49' lang='lat'><strong>⁸⁸</strong></span> <span class='ocrx_word' id='word_1_101' title='bbox 254 1582 321 1618; x_wconf 57' lang='grc' dir='ltr'><strong>Μ,</strong></span> <span class='ocrx_word' id='word_1_102' title='bbox 350 1553 426 1597; x_wconf 90' lang='lat' dir='ltr'><strong>eum</strong></span> <span class='ocrx_word' id='word_1_103' title='bbox 440 1529 645 1616; x_wconf 87' lang='lat' dir='ltr'><strong>aquietareut</strong></span> <span class='ocrx_word' id='word_1_104' title='bbox 660 1549 773 1592; x_wconf 91' lang='lat' dir='ltr'><strong>uersus</strong></span> <span class='ocrx_word' id='word_1_105' title='bbox 785 1525 968 1614; x_wconf 89' lang='lat' dir='ltr'><strong>predictum</strong></span> <span class='ocrx_word' id='word_1_106' title='bbox 989 1525 1167 1592; x_wconf 84' lang='lat' dir='ltr'><strong>Radulfum</strong></span> <span class='ocrx_word' id='word_1_107' title='bbox 1181 1527 1222 1592; x_wconf 90' lang='lat' dir='ltr'><strong>de</strong></span> <span class='ocrx_word' id='word_1_108' title='bbox 1237 1525 1443 1613; x_wconf 58' lang='lat' dir='ltr'><strong>predictism</strong></span> <span class='ocrx_word' id='word_1_109' title='bbox 1408 1547 1456 1611; x_wconf 91' lang='lat' dir='ltr'><strong>uJ.</strong></span> 
     </span>
    </p>

    <p class='ocr_par' dir='ltr' id='par_1_11' title="bbox 188 1623 1461 2630">
     <span class='ocr_line' id='line_1_12' title="bbox 188 1623 1456 1718; baseline -0.005 -18"><span class='ocrx_word' id='word_1_110' title='bbox 187 1623 474 1805; x_wconf 52' lang='lat' dir='ltr'><strong>”iffiffilmarcis</strong></span> <span class='ocrx_word' id='word_1_111' title='bbox 499 1641 534 1698; x_wconf 86' lang='lat' dir='ltr'><strong>et</strong></span> <span class='ocrx_word' id='word_1_112' title='bbox 560 1640 637 1697; x_wconf 88' lang='lat' dir='ltr'><strong>ante</strong></span> <span class='ocrx_word' id='word_1_113' title='bbox 662 1631 823 1718; x_wconf 88' lang='lat' dir='ltr'><strong>predictos</strong></span> <span class='ocrx_word' id='word_1_114' title='bbox 848 1639 915 1695; x_wconf 89' lang='lat' dir='ltr'><strong>tres</strong></span> <span class='ocrx_word' id='word_1_115' title='bbox 936 1653 1037 1695; x_wconf 90' lang='lat' dir='ltr'><strong>annos</strong></span> <span class='ocrx_word' id='word_1_116' title='bbox 1059 1632 1225 1718; x_wconf 81' lang='lat' dir='ltr'><strong>conplatus</strong></span> <span class='ocrx_word' id='word_1_117' title='bbox 1254 1630 1337 1696; x_wconf 92' lang='lat' dir='ltr'><strong>obiit</strong></span> <span class='ocrx_word' id='word_1_118' title='bbox 1367 1629 1456 1695; x_wconf 89' lang='lat' dir='ltr'><strong>idem</strong></span> 
     </span>
     <span class='ocr_line' id='line_1_13' title="bbox 265 1721 1456 1822; baseline -0.004 -19.696"><span class='ocrx_word' id='word_1_119' title='bbox 265 1721 533 1803; x_wconf 66' lang='lat' dir='ltr'><strong>po&#39;Willelmus</strong></span> <span class='ocrx_word' id='word_1_120' title='bbox 548 1744 598 1800; x_wconf 88' lang='lat' dir='ltr'><strong>set</strong></span> <span class='ocrx_word' id='word_1_121' title='bbox 613 1756 740 1821; x_wconf 88' lang='lat' dir='ltr'><strong>semper</strong></span> <span class='ocrx_word' id='word_1_122' title='bbox 754 1734 788 1798; x_wconf 93' lang='grc' dir='ltr'><strong>ιιι</strong></span> <span class='ocrx_word' id='word_1_123' title='bbox 803 1734 875 1799; x_wconf 91' lang='lat' dir='ltr'><strong>uita</strong></span> <span class='ocrx_word' id='word_1_124' title='bbox 889 1757 948 1799; x_wconf 90' lang='lat' dir='ltr'><strong>sua</strong></span> <span class='ocrx_word' id='word_1_125' title='bbox 962 1733 1109 1800; x_wconf 88' lang='lat' dir='ltr'><strong>defendit</strong></span> <span class='ocrx_word' id='word_1_126' title='bbox 1130 1743 1164 1801; x_wconf 92' lang='lat' dir='ltr'><strong>et</strong></span> <span class='ocrx_word' id='word_1_127' title='bbox 1183 1735 1366 1822; x_wconf 85' lang='lat' dir='ltr'><strong>aquietauit</strong></span> <span class='ocrx_word' id='word_1_128' title='bbox 1385 1734 1456 1820; x_wconf 87' lang='lat' dir='ltr'><strong>ipse</strong></span> 
     </span>
     <span class='ocr_line' id='line_1_14' title="bbox 349 1837 1458 1927; baseline -0.003 -21"><span class='ocrx_word' id='word_1_129' title='bbox 349 1839 535 1906; x_wconf 90' lang='lat' dir='ltr'><strong>Willelmus</strong></span> <span class='ocrx_word' id='word_1_130' title='bbox 546 1847 666 1903; x_wconf 90' lang='lat' dir='ltr'><strong>terram</strong></span> <span class='ocrx_word' id='word_1_131' title='bbox 681 1837 772 1902; x_wconf 89' lang='lat' dir='ltr'><strong>illam</strong></span> <span class='ocrx_word' id='word_1_132' title='bbox 787 1837 827 1903; x_wconf 92' lang='lat' dir='ltr'><strong>de</strong></span> <span class='ocrx_word' id='word_1_133' title='bbox 843 1838 979 1904; x_wconf 87' lang='lat' dir='ltr'><strong>seruioio</strong></span> <span class='ocrx_word' id='word_1_134' title='bbox 993 1839 1079 1925; x_wconf 91' lang='lat' dir='ltr'><strong>quod</strong></span> <span class='ocrx_word' id='word_1_135' title='bbox 1091 1839 1133 1905; x_wconf 90' lang='lat' dir='ltr'><strong>ad</strong></span> <span class='ocrx_word' id='word_1_136' title='bbox 1145 1841 1299 1927; x_wconf 79' lang='lat' dir='ltr'><strong>capitales</strong></span> <span class='ocrx_word' id='word_1_137' title='bbox 1310 1839 1458 1904; x_wconf 90' lang='lat' dir='ltr'><strong>dominos</strong></span> 
     </span>
     <span class='ocr_line' id='line_1_15' title="bbox 349 1942 1457 2029; baseline -0.004 -19"><span class='ocrx_word' id='word_1_138' title='bbox 349 1945 390 2010; x_wconf 90' lang='lat' dir='ltr'><strong>de</strong></span> <span class='ocrx_word' id='word_1_139' title='bbox 406 1951 493 2010; x_wconf 86' lang='lat' dir='ltr'><strong>terra</strong></span> <span class='ocrx_word' id='word_1_140' title='bbox 506 1943 564 2008; x_wconf 89' lang='lat' dir='ltr'><strong>illa</strong></span> <span class='ocrx_word' id='word_1_141' title='bbox 578 1943 772 2029; x_wconf 87' lang='lat' dir='ltr'><strong>pertinebat,</strong></span> <span class='ocrx_word' id='word_1_142' title='bbox 788 1951 822 2006; x_wconf 91' lang='lat' dir='ltr'><strong>et</strong></span> <span class='ocrx_word' id='word_1_143' title='bbox 837 1942 951 2008; x_wconf 89' lang='lat' dir='ltr'><strong>dicunt</strong></span> <span class='ocrx_word' id='word_1_144' title='bbox 966 1942 1052 2029; x_wconf 91' lang='lat' dir='ltr'><strong>quod</strong></span> <span class='ocrx_word' id='word_1_145' title='bbox 1074 1943 1156 2009; x_wconf 92' lang='lat' dir='ltr'><strong>obiit</strong></span> <span class='ocrx_word' id='word_1_146' title='bbox 1175 1945 1260 2009; x_wconf 84' lang='lat' dir='ltr'><strong>infra</strong></span> <span class='ocrx_word' id='word_1_147' title='bbox 1279 1944 1457 2008; x_wconf 88' lang='lat' dir='ltr'><strong>terminum</strong></span> 
     </span>
     <span class='ocr_line' id='line_1_16' title="bbox 350 2047 1458 2136; baseline 0 -22"><span class='ocrx_word' id='word_1_148' title='bbox 350 2059 385 2115; x_wconf 89' lang='lat' dir='ltr'><strong>et</strong></span> <span class='ocrx_word' id='word_1_149' title='bbox 421 2049 508 2136; x_wconf 92' lang='lat' dir='ltr'><strong>quod</strong></span> <span class='ocrx_word' id='word_1_150' title='bbox 544 2048 607 2114; x_wconf 89' lang='lat' dir='ltr'><strong>iste</strong></span> <span class='ocrx_word' id='word_1_151' title='bbox 644 2047 856 2132; x_wconf 88' lang='lat' dir='ltr'><strong>[Alexander]</strong></span> <span class='ocrx_word' id='word_1_152' title='bbox 894 2057 944 2112; x_wconf 87' lang='lat' dir='ltr'><strong>est</strong></span> <span class='ocrx_word' id='word_1_153' title='bbox 980 2047 1189 2136; x_wconf 89' lang='lat' dir='ltr'><strong>propinquior</strong></span> <span class='ocrx_word' id='word_1_154' title='bbox 1217 2049 1310 2114; x_wconf 89' lang='lat' dir='ltr'><strong>heres</strong></span> <span class='ocrx_word' id='word_1_155' title='bbox 1341 2047 1458 2134; x_wconf 87' lang='lat' dir='ltr'><strong>[ipsius</strong></span> 
     </span>
     <span class='ocr_line' id='line_1_17' title="bbox 351 2149 1458 2237; baseline 0 -23"><span class='ocrx_word' id='word_1_156' title='bbox 351 2150 530 2234; x_wconf 87' lang='lat' dir='ltr'><strong>Willelmi].</strong></span> <span class='ocrx_word' id='word_1_157' title='bbox 598 2149 641 2214; x_wconf 90' lang='lat' dir='ltr'><strong>Et</strong></span> <span class='ocrx_word' id='word_1_158' title='bbox 678 2149 751 2214; x_wconf 91' lang='lat' dir='ltr'><strong>ideo</strong></span> <span class='ocrx_word' id='word_1_159' title='bbox 795 2149 1033 2214; x_wconf 88' lang='lat' dir='ltr'><strong>consideratum</strong></span> <span class='ocrx_word' id='word_1_160' title='bbox 1076 2159 1127 2215; x_wconf 90' lang='lat' dir='ltr'><strong>est</strong></span> <span class='ocrx_word' id='word_1_161' title='bbox 1168 2150 1254 2236; x_wconf 93' lang='lat' dir='ltr'><strong>quod</strong></span> <span class='ocrx_word' id='word_1_162' title='bbox 1291 2151 1458 2237; x_wconf 88' lang='lat' dir='ltr'><strong>predictus</strong></span> 
     </span>
     <span class='ocr_line' id='line_1_18' title="bbox 351 2252 1460 2339; baseline 0 -21"><span class='ocrx_word' id='word_1_163' title='bbox 351 2253 538 2319; x_wconf 88' lang='lat' dir='ltr'><strong>Alexander</strong></span> <span class='ocrx_word' id='word_1_164' title='bbox 552 2252 756 2339; x_wconf 88' lang='lat' dir='ltr'><strong>recuperauit</strong></span> <span class='ocrx_word' id='word_1_165' title='bbox 771 2253 921 2318; x_wconf 83' lang='lat' dir='ltr'><strong>saisinam</strong></span> <span class='ocrx_word' id='word_1_166' title='bbox 937 2275 1029 2317; x_wconf 90' lang='lat' dir='ltr'><strong>suam</strong></span> <span class='ocrx_word' id='word_1_167' title='bbox 1045 2263 1080 2318; x_wconf 87' lang='lat' dir='ltr'><strong>et</strong></span> <span class='ocrx_word' id='word_1_168' title='bbox 1094 2253 1252 2319; x_wconf 87' lang='lat' dir='ltr'><strong>Ricardus</strong></span> <span class='ocrx_word' id='word_1_169' title='bbox 1272 2262 1306 2318; x_wconf 89' lang='lat' dir='ltr'><strong>et</strong></span> <span class='ocrx_word' id='word_1_170' title='bbox 1322 2253 1460 2318; x_wconf 85' lang='lat' dir='ltr'><strong>Matillis</strong></span> 
     </span>
     <span class='ocr_line' id='line_1_19' title="bbox 351 2356 1461 2444; baseline 0 -22"><span class='ocrx_word' id='word_1_171' title='bbox 351 2359 386 2422; x_wconf 91' lang='lat' dir='ltr'><strong>in</strong></span> <span class='ocrx_word' id='word_1_172' title='bbox 415 2357 639 2423; x_wconf 85' lang='lat' dir='ltr'><strong>misericordia</strong></span> <span class='ocrx_word' id='word_1_173' title='bbox 696 2357 740 2420; x_wconf 86' lang='lat' dir='ltr'><strong>Et</strong></span> <span class='ocrx_word' id='word_1_174' title='bbox 769 2356 936 2421; x_wconf 90' lang='lat' dir='ltr'><strong>sciendum</strong></span> <span class='ocrx_word' id='word_1_175' title='bbox 965 2356 1051 2443; x_wconf 93' lang='lat' dir='ltr'><strong>quod</strong></span> <span class='ocrx_word' id='word_1_176' title='bbox 1080 2357 1245 2444; x_wconf 87' lang='lat' dir='ltr'><strong>predictus</strong></span> <span class='ocrx_word' id='word_1_177' title='bbox 1274 2357 1461 2423; x_wconf 88' lang='lat' dir='ltr'><strong>Alexander</strong></span> 
     </span>
     <span class='ocr_line' id='line_1_20' title="bbox 350 2459 1459 2548; baseline 0.002 -24"><span class='ocrx_word' id='word_1_178' title='bbox 350 2460 502 2548; x_wconf 91' lang='lat' dir='ltr'><strong>cognouit</strong></span> <span class='ocrx_word' id='word_1_179' title='bbox 517 2459 603 2546; x_wconf 93' lang='lat' dir='ltr'><strong>quod</strong></span> <span class='ocrx_word' id='word_1_180' title='bbox 618 2459 718 2524; x_wconf 92' lang='lat' dir='ltr'><strong>nichil</strong></span> <span class='ocrx_word' id='word_1_181' title='bbox 733 2459 853 2524; x_wconf 86' lang='lat' dir='ltr'><strong>clamat</strong></span> <span class='ocrx_word' id='word_1_182' title='bbox 868 2459 902 2524; x_wconf 92' lang='lat' dir='ltr'><strong>iu</strong></span> <span class='ocrx_word' id='word_1_183' title='bbox 917 2481 983 2524; x_wconf 93' lang='lat' dir='ltr'><strong>uno</strong></span> <span class='ocrx_word' id='word_1_184' title='bbox 1001 2459 1168 2548; x_wconf 82' lang='lat' dir='ltr'><strong>mesuagio</strong></span> <span class='ocrx_word' id='word_1_185' title='bbox 1187 2469 1222 2526; x_wconf 83' lang='lat' dir='ltr'><strong>et</strong></span> <span class='ocrx_word' id='word_1_186' title='bbox 1240 2460 1265 2546; x_wconf 86' lang='lat' dir='ltr'><strong>J&#39;.</strong></span> <span class='ocrx_word' id='word_1_187' title='bbox 1288 2481 1348 2526; x_wconf 77' lang='lat' dir='ltr'><strong>aar.</strong></span> <span class='ocrx_word' id='word_1_188' title='bbox 1372 2469 1459 2526; x_wconf 90' lang='lat' dir='ltr'><strong>terre</strong></span> 
     </span>
     <span class='ocr_line' id='line_1_21' title="bbox 350 2563 845 2630; baseline -0.004 0"><span class='ocrx_word' id='word_1_189' title='bbox 350 2565 385 2630; x_wconf 90' lang='lat' dir='ltr'><strong>in</strong></span> <span class='ocrx_word' id='word_1_190' title='bbox 400 2563 560 2630; x_wconf 90' lang='lat' dir='ltr'><strong>dominico</strong></span> <span class='ocrx_word' id='word_1_191' title='bbox 574 2563 637 2628; x_wconf 90' lang='lat' dir='ltr'><strong>nisi</strong></span> <span class='ocrx_word' id='word_1_192' title='bbox 652 2563 687 2627; x_wconf 92' lang='lat' dir='ltr'><strong>in</strong></span> <span class='ocrx_word' id='word_1_193' title='bbox 702 2563 845 2628; x_wconf 90' lang='lat' dir='ltr'><strong>seruicio.</strong></span> 
     </span>
    </p>

    <p class='ocr_par' dir='ltr' id='par_1_12' title="bbox 296 2667 1462 3252">
     <span class='ocr_line' id='line_1_22' title="bbox 296 2667 1460 2756; baseline -0.005 -18"><span class='ocrx_word' id='word_1_194' title='bbox 296 2723 303 2738; x_wconf 93' lang='lat'><strong>.</strong></span> <span class='ocrx_word' id='word_1_195' title='bbox 417 2669 610 2754; x_wconf 84' lang='lat' dir='ltr'><strong>Preceptuin</strong></span> <span class='ocrx_word' id='word_1_196' title='bbox 640 2667 704 2731; x_wconf 86' lang='lat' dir='ltr'><strong>fuit</strong></span> <span class='ocrx_word' id='word_1_197' title='bbox 741 2667 925 2732; x_wconf 88' lang='lat' dir='ltr'><strong>uicecomiti</strong></span> <span class='ocrx_word' id='word_1_198' title='bbox 954 2667 1041 2754; x_wconf 93' lang='lat' dir='ltr'><strong>quod</strong></span> <span class='ocrx_word' id='word_1_199' title='bbox 1077 2667 1251 2756; x_wconf 83' lang='lat' dir='ltr'><strong>diligenter</strong></span> <span class='ocrx_word' id='word_1_200' title='bbox 1281 2668 1460 2756; x_wconf 82' lang='lat' dir='ltr'><strong>inquireret</strong></span> 
     </span>
     <span class='ocr_line' id='line_1_23' title="bbox 352 2767 1461 2858; baseline 0.002 -22"><span class='ocrx_word' id='word_1_201' title='bbox 352 2772 536 2858; x_wconf 91' lang='lat' dir='ltr'><strong>quiessent</strong></span> <span class='ocrx_word' id='word_1_202' title='bbox 558 2767 735 2834; x_wconf 85' lang='lat' dir='ltr'><strong>iuratores¹</strong></span> <span class='ocrx_word' id='word_1_203' title='bbox 755 2791 839 2834; x_wconf 91' lang='lat' dir='ltr'><strong>noue</strong></span> <span class='ocrx_word' id='word_1_204' title='bbox 861 2769 1028 2836; x_wconf 80' lang='lat' dir='ltr'><strong>disseisine</strong></span> <span class='ocrx_word' id='word_1_205' title='bbox 1050 2779 1145 2858; x_wconf 86' lang='lat' dir='ltr'><strong>capte</strong></span> <span class='ocrx_word' id='word_1_206' title='bbox 1167 2795 1273 2838; x_wconf 87' lang='lat' dir='ltr'><strong>coram</strong></span> <span class='ocrx_word' id='word_1_207' title='bbox 1295 2771 1461 2838; x_wconf 87' lang='lat' dir='ltr'><strong>Willelmo</strong></span> 
     </span>
     <span class='ocr_line' id='line_1_24' title="bbox 352 2875 1460 2962; baseline 0.002 -22"><span class='ocrx_word' id='word_1_208' title='bbox 352 2876 419 2940; x_wconf 91' lang='lat' dir='ltr'><strong>filio</strong></span> <span class='ocrx_word' id='word_1_209' title='bbox 434 2875 559 2940; x_wconf 88' lang='lat' dir='ltr'><strong>Wan&#39;ni</strong></span> <span class='ocrx_word' id='word_1_210' title='bbox 581 2885 615 2940; x_wconf 90' lang='lat' dir='ltr'><strong>et</strong></span> <span class='ocrx_word' id='word_1_211' title='bbox 637 2875 731 2940; x_wconf 88' lang='lat' dir='ltr'><strong>sociis</strong></span> <span class='ocrx_word' id='word_1_212' title='bbox 752 2875 819 2940; x_wconf 89' lang='lat' dir='ltr'><strong>suis</strong></span> <span class='ocrx_word' id='word_1_213' title='bbox 840 2875 928 2940; x_wconf 89' lang='lat' dir='ltr'><strong>inter</strong></span> <span class='ocrx_word' id='word_1_214' title='bbox 945 2875 1146 2940; x_wconf 89' lang='lat' dir='ltr'><strong>Willelmum</strong></span> <span class='ocrx_word' id='word_1_215' title='bbox 1169 2875 1248 2942; x_wconf 91' lang='lat' dir='ltr'><strong>Brid</strong></span> <span class='ocrx_word' id='word_1_216' title='bbox 1269 2885 1460 2962; x_wconf 79' lang='lat' dir='ltr'><strong>querentem</strong></span> 
     </span>
     <span class='ocr_line' id='line_1_25' title="bbox 353 2977 1461 3044; baseline 0.002 -2"><span class='ocrx_word' id='word_1_217' title='bbox 353 2986 388 3042; x_wconf 87' lang='lat' dir='ltr'><strong>et</strong></span> <span class='ocrx_word' id='word_1_218' title='bbox 408 2977 602 3043; x_wconf 86' lang='lat' dir='ltr'><strong>Nicholaum</strong></span> <span class='ocrx_word' id='word_1_219' title='bbox 623 2977 701 3042; x_wconf 91' lang='lat' dir='ltr'><strong>Dun</strong></span> <span class='ocrx_word' id='word_1_220' title='bbox 722 2985 756 3041; x_wconf 87' lang='lat' dir='ltr'><strong>et</strong></span> <span class='ocrx_word' id='word_1_221' title='bbox 772 2977 921 3042; x_wconf 88' lang='lat' dir='ltr'><strong>Emmam</strong></span> <span class='ocrx_word' id='word_1_222' title='bbox 941 2999 1074 3042; x_wconf 90' lang='lat' dir='ltr'><strong>uxorem</strong></span> <span class='ocrx_word' id='word_1_223' title='bbox 1096 2977 1165 3043; x_wconf 89' lang='lat' dir='ltr'><strong>eius</strong></span> <span class='ocrx_word' id='word_1_224' title='bbox 1185 2978 1397 3044; x_wconf 78' lang='lat' dir='ltr'><strong>delomiantes</strong></span> <span class='ocrx_word' id='word_1_225' title='bbox 1419 2979 1461 3044; x_wconf 92' lang='lat' dir='ltr'><strong>de</strong></span> 
     </span>
     <span class='ocr_line' id='line_1_26' title="bbox 354 3081 1462 3149; baseline 0.003 -3"><span class='ocrx_word' id='word_1_226' title='bbox 354 3089 541 3146; x_wconf 88' lang='lat' dir='ltr'><strong>tenemento</strong></span> <span class='ocrx_word' id='word_1_227' title='bbox 562 3081 597 3144; x_wconf 92' lang='lat' dir='ltr'><strong>in</strong></span> <span class='ocrx_word' id='word_1_228' title='bbox 618 3081 834 3146; x_wconf 88' lang='lat' dir='ltr'><strong>Hethfeuldia</strong></span> <span class='ocrx_word' id='word_1_229' title='bbox 855 3089 890 3146; x_wconf 88' lang='lat' dir='ltr'><strong>et</strong></span> <span class='ocrx_word' id='word_1_230' title='bbox 912 3081 984 3146; x_wconf 91' lang='lat' dir='ltr'><strong>illos</strong></span> <span class='ocrx_word' id='word_1_231' title='bbox 1006 3081 1141 3147; x_wconf 88' lang='lat' dir='ltr'><strong>haberet</strong></span> <span class='ocrx_word' id='word_1_232' title='bbox 1155 3105 1260 3148; x_wconf 86' lang='lat' dir='ltr'><strong>coram</strong></span> <span class='ocrx_word' id='word_1_233' title='bbox 1276 3083 1462 3149; x_wconf 85' lang='lat' dir='ltr'><strong>iusticiariis</strong></span> 
     </span>
     <span class='ocr_line' id='line_1_27' title="bbox 353 3184 1026 3252; baseline 0.003 -2"><span class='ocrx_word' id='word_1_234' title='bbox 353 3185 395 3250; x_wconf 88' lang='lat' dir='ltr'><strong>ad</strong></span> <span class='ocrx_word' id='word_1_235' title='bbox 410 3184 652 3250; x_wconf 85' lang='lat' dir='ltr'><strong>certificandum</strong></span> <span class='ocrx_word' id='word_1_236' title='bbox 668 3207 721 3250; x_wconf 87' lang='lat' dir='ltr'><strong>sos</strong></span> <span class='ocrx_word' id='word_1_237' title='bbox 736 3185 777 3250; x_wconf 89' lang='lat' dir='ltr'><strong>de</strong></span> <span class='ocrx_word' id='word_1_238' title='bbox 792 3185 905 3250; x_wconf 89' lang='lat' dir='ltr'><strong>eadem</strong></span> <span class='ocrx_word' id='word_1_239' title='bbox 920 3187 1026 3252; x_wconf 72' lang='lat' dir='ltr'><strong>assisa</strong></span> 
     </span>
    </p>

    <p class='ocr_par' dir='ltr' id='par_1_13' title="bbox 354 3289 1464 4099">
     <span class='ocr_line' id='line_1_28' title="bbox 420 3289 1462 3378; baseline 0.002 -24"><span class='ocrx_word' id='word_1_240' title='bbox 420 3289 464 3354; x_wconf 86' lang='lat' dir='ltr'><strong>Et</strong></span> <span class='ocrx_word' id='word_1_241' title='bbox 493 3289 671 3354; x_wconf 90' lang='lat' dir='ltr'><strong>Nicholaus</strong></span> <span class='ocrx_word' id='word_1_242' title='bbox 700 3297 734 3354; x_wconf 86' lang='lat' dir='ltr'><strong>et</strong></span> <span class='ocrx_word' id='word_1_243' title='bbox 764 3289 881 3354; x_wconf 89' lang='lat' dir='ltr'><strong>Emma</strong></span> <span class='ocrx_word' id='word_1_244' title='bbox 909 3291 1048 3354; x_wconf 89' lang='lat' dir='ltr'><strong>ueniunt</strong></span> <span class='ocrx_word' id='word_1_245' title='bbox 1078 3297 1113 3354; x_wconf 87' lang='lat' dir='ltr'><strong>et</strong></span> <span class='ocrx_word' id='word_1_246' title='bbox 1149 3298 1345 3378; x_wconf 80' lang='lat' dir='ltr'><strong>cognoscunt</strong></span> <span class='ocrx_word' id='word_1_247' title='bbox 1373 3291 1462 3377; x_wconf 90' lang='lat' dir='ltr'><strong>quod</strong></span> 
     </span>
     <span class='ocr_line' id='line_1_29' title="bbox 354 3391 1462 3480; baseline 0.004 -22"><span class='ocrx_word' id='word_1_248' title='bbox 354 3393 485 3480; x_wconf 88' lang='lat' dir='ltr'><strong>quidam</strong></span> <span class='ocrx_word' id='word_1_249' title='bbox 502 3391 581 3456; x_wconf 89' lang='lat' dir='ltr'><strong>Milo</strong></span> <span class='ocrx_word' id='word_1_250' title='bbox 596 3392 683 3456; x_wconf 89' lang='lat' dir='ltr'><strong>filius</strong></span> <span class='ocrx_word' id='word_1_251' title='bbox 697 3391 845 3457; x_wconf 88' lang='lat' dir='ltr'><strong>Widonis</strong></span> <span class='ocrx_word' id='word_1_252' title='bbox 865 3393 944 3457; x_wconf 89' lang='lat' dir='ltr'><strong>tulit</strong></span> <span class='ocrx_word' id='word_1_253' title='bbox 963 3393 1095 3458; x_wconf 84' lang='lat' dir='ltr'><strong>assisam</strong></span> <span class='ocrx_word' id='word_1_254' title='bbox 1117 3395 1230 3460; x_wconf 89' lang='lat' dir='ltr'><strong>mortis</strong></span> <span class='ocrx_word' id='word_1_255' title='bbox 1252 3397 1462 3461; x_wconf 86' lang='lat' dir='ltr'><strong>antecessoris</strong></span> 
     </span>
     <span class='ocr_line' id='line_1_30' title="bbox 354 3495 1460 3584; baseline 0.003 -22"><span class='ocrx_word' id='word_1_256' title='bbox 354 3518 452 3582; x_wconf 90' lang='lat' dir='ltr'><strong>super</strong></span> <span class='ocrx_word' id='word_1_257' title='bbox 468 3517 522 3560; x_wconf 88' lang='lat' dir='ltr'><strong>eos</strong></span> <span class='ocrx_word' id='word_1_258' title='bbox 544 3503 578 3560; x_wconf 88' lang='lat' dir='ltr'><strong>et</strong></span> <span class='ocrx_word' id='word_1_259' title='bbox 600 3495 663 3582; x_wconf 92' lang='lat' dir='ltr'><strong>ipsi</strong></span> <span class='ocrx_word' id='word_1_260' title='bbox 685 3505 885 3561; x_wconf 90' lang='lat' dir='ltr'><strong>uocauerunt</strong></span> <span class='ocrx_word' id='word_1_261' title='bbox 907 3497 982 3562; x_wconf 88' lang='lat' dir='ltr'><strong>inde</strong></span> <span class='ocrx_word' id='word_1_262' title='bbox 1004 3497 1047 3562; x_wconf 88' lang='lat' dir='ltr'><strong>ad</strong></span> <span class='ocrx_word' id='word_1_263' title='bbox 1069 3506 1248 3563; x_wconf 88' lang='lat' dir='ltr'><strong>warantum</strong></span> <span class='ocrx_word' id='word_1_264' title='bbox 1269 3498 1310 3563; x_wconf 91' lang='lat' dir='ltr'><strong>de</strong></span> <span class='ocrx_word' id='word_1_265' title='bbox 1329 3499 1382 3584; x_wconf 85' lang='lat' dir='ltr'><strong>xij.</strong></span> <span class='ocrx_word' id='word_1_266' title='bbox 1397 3521 1460 3566; x_wconf 86' lang='lat' dir='ltr'><strong>aer.</strong></span> 
     </span>
     <span class='ocr_line' id='line_1_31' title="bbox 354 3597 1463 3690; baseline 0.005 -27"><span class='ocrx_word' id='word_1_267' title='bbox 354 3609 439 3663; x_wconf 87' lang='lat' dir='ltr'><strong>terre</strong></span> <span class='ocrx_word' id='word_1_268' title='bbox 461 3597 649 3684; x_wconf 90' lang='lat' dir='ltr'><strong>Philippum</strong></span> <span class='ocrx_word' id='word_1_269' title='bbox 671 3597 712 3662; x_wconf 91' lang='lat' dir='ltr'><strong>de</strong></span> <span class='ocrx_word' id='word_1_270' title='bbox 734 3598 891 3690; x_wconf 82' lang='lat' dir='ltr'><strong>Westona</strong></span> <span class='ocrx_word' id='word_1_271' title='bbox 912 3609 946 3664; x_wconf 88' lang='lat' dir='ltr'><strong>et</strong></span> <span class='ocrx_word' id='word_1_272' title='bbox 976 3599 1125 3665; x_wconf 85' lang='lat' dir='ltr'><strong>Emmam</strong></span> <span class='ocrx_word' id='word_1_273' title='bbox 1150 3621 1283 3666; x_wconf 89' lang='lat' dir='ltr'><strong>uxorem</strong></span> <span class='ocrx_word' id='word_1_274' title='bbox 1312 3602 1382 3668; x_wconf 92' lang='lat' dir='ltr'><strong>eius</strong></span> <span class='ocrx_word' id='word_1_275' title='bbox 1404 3605 1463 3689; x_wconf 91' lang='lat' dir='ltr'><strong>qui</strong></span> 
     </span>
     <span class='ocr_line' id='line_1_32' title="bbox 355 3699 1463 3786; baseline 0.006 -23"><span class='ocrx_word' id='word_1_276' title='bbox 355 3707 517 3764; x_wconf 88' lang='lat' dir='ltr'><strong>uenerunt</strong></span> <span class='ocrx_word' id='word_1_277' title='bbox 545 3721 651 3764; x_wconf 88' lang='lat' dir='ltr'><strong>coram</strong></span> <span class='ocrx_word' id='word_1_278' title='bbox 673 3699 807 3786; x_wconf 78' lang='lat' dir='ltr'><strong>prefatis</strong></span> <span class='ocrx_word' id='word_1_279' title='bbox 832 3700 1017 3766; x_wconf 88' lang='lat' dir='ltr'><strong>iusticiariis</strong></span> <span class='ocrx_word' id='word_1_280' title='bbox 1040 3711 1075 3767; x_wconf 86' lang='lat' dir='ltr'><strong>et</strong></span> <span class='ocrx_word' id='word_1_281' title='bbox 1098 3702 1145 3767; x_wconf 88' lang='lat' dir='ltr'><strong>eis</strong></span> <span class='ocrx_word' id='word_1_282' title='bbox 1170 3703 1463 3770; x_wconf 82' lang='lat' dir='ltr'><strong>warantizauerunt</strong></span> 
     </span>
     <span class='ocr_line' id='line_1_33' title="bbox 356 3803 1463 3895; baseline 0.006 -28"><span class='ocrx_word' id='word_1_283' title='bbox 356 3812 391 3868; x_wconf 88' lang='lat' dir='ltr'><strong>et</strong></span> <span class='ocrx_word' id='word_1_284' title='bbox 412 3803 590 3868; x_wconf 87' lang='lat' dir='ltr'><strong>amiserunt</strong></span> <span class='ocrx_word' id='word_1_285' title='bbox 620 3812 739 3868; x_wconf 88' lang='lat' dir='ltr'><strong>terram</strong></span> <span class='ocrx_word' id='word_1_286' title='bbox 769 3805 859 3869; x_wconf 87' lang='lat' dir='ltr'><strong>illam</strong></span> <span class='ocrx_word' id='word_1_287' title='bbox 889 3827 947 3891; x_wconf 92' lang='lat' dir='ltr'><strong>per</strong></span> <span class='ocrx_word' id='word_1_288' title='bbox 975 3805 1111 3871; x_wconf 85' lang='lat' dir='ltr'><strong>eandem</strong></span> <span class='ocrx_word' id='word_1_289' title='bbox 1134 3807 1275 3886; x_wconf 78' lang='lat' dir='ltr'><strong>assisam</strong></span> <span class='ocrx_word' id='word_1_290' title='bbox 1298 3807 1347 3873; x_wconf 88' lang='lat' dir='ltr'><strong>ita</strong></span> <span class='ocrx_word' id='word_1_291' title='bbox 1375 3809 1463 3895; x_wconf 92' lang='lat' dir='ltr'><strong>quod</strong></span> 
     </span>
     <span class='ocr_line' id='line_1_34' title="bbox 355 3907 1461 3996; baseline 0.005 -24"><span class='ocrx_word' id='word_1_292' title='bbox 355 3907 592 3972; x_wconf 86' lang='lat' dir='ltr'><strong>consideratum</strong></span> <span class='ocrx_word' id='word_1_293' title='bbox 622 3907 685 3972; x_wconf 86' lang='lat' dir='ltr'><strong>fuit</strong></span> <span class='ocrx_word' id='word_1_294' title='bbox 713 3908 801 3994; x_wconf 92' lang='lat' dir='ltr'><strong>quod</strong></span> <span class='ocrx_word' id='word_1_295' title='bbox 837 3909 917 3973; x_wconf 87' lang='lat' dir='ltr'><strong>Milo</strong></span> <span class='ocrx_word' id='word_1_296' title='bbox 952 3917 1156 3996; x_wconf 81' lang='lat' dir='ltr'><strong>recuperaret</strong></span> <span class='ocrx_word' id='word_1_297' title='bbox 1188 3910 1339 3976; x_wconf 86' lang='lat' dir='ltr'><strong>saisinam</strong></span> <span class='ocrx_word' id='word_1_298' title='bbox 1368 3935 1461 3978; x_wconf 87' lang='lat' dir='ltr'><strong>suam</strong></span> 
     </span>
     <span class='ocr_line' id='line_1_35' title="bbox 356 4007 1464 4099; baseline 0.006 -25"><span class='ocrx_word' id='word_1_299' title='bbox 356 4031 468 4074; x_wconf 89' lang='lat' dir='ltr'><strong>uersus</strong></span> <span class='ocrx_word' id='word_1_300' title='bbox 493 4007 681 4095; x_wconf 88' lang='lat' dir='ltr'><strong>Philippum</strong></span> <span class='ocrx_word' id='word_1_301' title='bbox 704 4018 739 4074; x_wconf 89' lang='lat' dir='ltr'><strong>et</strong></span> <span class='ocrx_word' id='word_1_302' title='bbox 761 4011 910 4075; x_wconf 88' lang='lat' dir='ltr'><strong>Emmam</strong></span> <span class='ocrx_word' id='word_1_303' title='bbox 932 4018 967 4075; x_wconf 88' lang='lat' dir='ltr'><strong>et</strong></span> <span class='ocrx_word' id='word_1_304' title='bbox 989 4011 1053 4096; x_wconf 90' lang='lat' dir='ltr'><strong>ipsi</strong></span> <span class='ocrx_word' id='word_1_305' title='bbox 1082 4011 1253 4099; x_wconf 88' lang='lat' dir='ltr'><strong>Philippus</strong></span> <span class='ocrx_word' id='word_1_306' title='bbox 1282 4023 1316 4078; x_wconf 87' lang='lat' dir='ltr'><strong>et</strong></span> <span class='ocrx_word' id='word_1_307' title='bbox 1346 4015 1464 4082; x_wconf 88' lang='lat' dir='ltr'><strong>Emma</strong></span> 
     </span>
    </p>
   </div>
   <div class='ocr_carea' id='block_1_8' title="bbox 357 4113 1463 4205">
    <p class='ocr_par' dir='ltr' id='par_1_14' title="bbox 357 4113 1463 4205">
     <span class='ocr_line' id='line_1_36' title="bbox 357 4113 1463 4205; baseline 0.007 -27"><span class='ocrx_word' id='word_1_308' title='bbox 357 4115 499 4179; x_wconf 84' lang='lat' dir='ltr'><strong>lacerent</strong></span> <span class='ocrx_word' id='word_1_309' title='bbox 521 4113 718 4178; x_wconf 86' lang='lat' dir='ltr'><strong>escambium</strong></span> <span class='ocrx_word' id='word_1_310' title='bbox 740 4113 783 4179; x_wconf 87' lang='lat' dir='ltr'><strong>ad</strong></span> <span class='ocrx_word' id='word_1_311' title='bbox 805 4115 984 4180; x_wconf 74' lang='lat' dir='ltr'><strong>ualentiam</strong></span> <span class='ocrx_word' id='word_1_312' title='bbox 1005 4115 1276 4202; x_wconf 89' lang='lat' dir='ltr'><strong>predictarum</strong></span> <span class='ocrx_word' id='word_1_313' title='bbox 1244 4119 1298 4205; x_wconf 91' lang='lat' dir='ltr'><strong>x1j.</strong></span> <span class='ocrx_word' id='word_1_314' title='bbox 1316 4141 1463 4186; x_wconf 86' lang='lat' dir='ltr'><strong>acramm</strong></span> 
     </span>
    </p>
   </div>
   <div class='ocr_carea' id='block_1_9' title="bbox 355 4239 1463 4498">
    <p class='ocr_par' dir='ltr' id='par_1_15' title="bbox 355 4239 1463 4488">
     <span class='ocr_line' id='line_1_37' title="bbox 390 4239 1463 4309; baseline 0.008 -19"><span class='ocrx_word' id='word_1_315' title='bbox 390 4241 399 4274; x_wconf 90' lang='lat'>²</span> <span class='ocrx_word' id='word_1_316' title='bbox 417 4241 457 4291; x_wconf 89' lang='lat' dir='ltr'><strong>On</strong></span> <span class='ocrx_word' id='word_1_317' title='bbox 469 4239 579 4290; x_wconf 83' lang='lat' dir='ltr'><strong>Allreds</strong></span> <span class='ocrx_word' id='word_1_318' title='bbox 595 4240 674 4292; x_wconf 84' lang='lat' dir='ltr'><strong>daath</strong></span> <span class='ocrx_word' id='word_1_319' title='bbox 690 4241 733 4292; x_wconf 82' lang='lat' dir='ltr'><strong>his</strong></span> <span class='ocrx_word' id='word_1_320' title='bbox 749 4241 819 4292; x_wconf 86' lang='lat' dir='ltr'><strong>elder</strong></span> <span class='ocrx_word' id='word_1_321' title='bbox 833 4257 881 4292; x_wconf 88' lang='lat' dir='ltr'><strong>son</strong></span> <span class='ocrx_word' id='word_1_322' title='bbox 932 4241 1070 4294; x_wconf 83' lang='lat' dir='ltr'><strong>william&#39;s</strong></span> <span class='ocrx_word' id='word_1_323' title='bbox 1091 4243 1168 4294; x_wconf 85' lang='lat' dir='ltr'><strong>death</strong></span> <span class='ocrx_word' id='word_1_324' title='bbox 1190 4243 1332 4296; x_wconf 77' lang='lat' dir='ltr'><strong>without</strong></span> <span class='ocrx_word' id='word_1_325' title='bbox 1323 4261 1400 4309; x_wconf 76' lang='lat' dir='ltr'><strong>issue,</strong></span> <span class='ocrx_word' id='word_1_326' title='bbox 1425 4263 1463 4298; x_wconf 80' lang='lat' dir='ltr'><strong>re·</strong></span> 
     </span>
     <span class='ocr_line' id='line_1_38' title="bbox 355 4305 1439 4362; baseline 0.006 -6"><span class='ocrx_word' id='word_1_327' title='bbox 355 4305 501 4356; x_wconf 85' lang='lat' dir='ltr'><strong>Alexander</strong></span> <span class='ocrx_word' id='word_1_328' title='bbox 512 4321 565 4355; x_wconf 83' lang='lat' dir='ltr'><strong>was</strong></span> <span class='ocrx_word' id='word_1_329' title='bbox 576 4305 632 4355; x_wconf 82' lang='lat' dir='ltr'><strong>heir</strong></span> <span class='ocrx_word' id='word_1_330' title='bbox 648 4305 696 4357; x_wconf 86' lang='lat' dir='ltr'><strong>but</strong></span> <span class='ocrx_word' id='word_1_331' title='bbox 712 4305 818 4358; x_wconf 77' lang='lat' dir='ltr'><strong>allowed</strong></span> <span class='ocrx_word' id='word_1_332' title='bbox 835 4307 881 4358; x_wconf 85' lang='lat' dir='ltr'><strong>the</strong></span> <span class='ocrx_word' id='word_1_333' title='bbox 932 4309 1038 4358; x_wconf 82' lang='lat' dir='ltr'><strong>ooversd</strong></span> <span class='ocrx_word' id='word_1_334' title='bbox 1050 4309 1095 4358; x_wconf 83' lang='lat' dir='ltr'><strong>tha</strong></span> <span class='ocrx_word' id='word_1_335' title='bbox 1107 4309 1170 4359; x_wconf 84' lang='lat' dir='ltr'><strong>land</strong></span> <span class='ocrx_word' id='word_1_336' title='bbox 1181 4323 1211 4360; x_wconf 81' lang='lat' dir='ltr'><strong>as</strong></span> <span class='ocrx_word' id='word_1_337' title='bbox 1223 4310 1347 4362; x_wconf 83' lang='lat' dir='ltr'><strong>William</strong></span> <span class='ocrx_word' id='word_1_338' title='bbox 1349 4327 1362 4361; x_wconf 86' lang='grc' dir='ltr'><strong>ι</strong></span> <span class='ocrx_word' id='word_1_339' title='bbox 1374 4312 1439 4362; x_wconf 85' lang='lat' dir='ltr'><strong>hair.</strong></span> 
     </span>
     <span class='ocr_line' id='line_1_39' title="bbox 357 4371 1190 4436; baseline 0.002 -14"><span class='ocrx_word' id='word_1_340' title='bbox 357 4372 451 4422; x_wconf 85' lang='lat' dir='ltr'><strong>lordto</strong></span> <span class='ocrx_word' id='word_1_341' title='bbox 468 4374 555 4434; x_wconf 84' lang='lat' dir='ltr'><strong>accept</strong></span> <span class='ocrx_word' id='word_1_342' title='bbox 571 4371 687 4422; x_wconf 74' lang='lat' dir='ltr'><strong>william</strong></span> <span class='ocrx_word' id='word_1_343' title='bbox 704 4371 749 4423; x_wconf 89' lang='lat' dir='ltr'><strong>the</strong></span> <span class='ocrx_word' id='word_1_344' title='bbox 764 4387 881 4435; x_wconf 76' lang='lat' dir='ltr'><strong>younger</strong></span> <span class='ocrx_word' id='word_1_345' title='bbox 965 4372 1155 4436; x_wconf 77' lang='lat' dir='ltr'><strong>&#39;Supplyum&#39;</strong></span> <span class='ocrx_word' id='word_1_346' title='bbox 1132 4389 1190 4425; x_wconf 73' lang='lat' dir='ltr'><strong>ma</strong></span> 
     </span>
     <span class='ocr_line' id='line_1_40' title="bbox 357 4437 881 4498; baseline -0.002 -10"><span class='ocrx_word' id='word_1_347' title='bbox 357 4453 405 4488; x_wconf 79' lang='lat' dir='ltr'><strong>son</strong></span> <span class='ocrx_word' id='word_1_348' title='bbox 433 4451 461 4486; x_wconf 85' lang='lat' dir='ltr'><strong>ss</strong></span> <span class='ocrx_word' id='word_1_349' title='bbox 490 4440 589 4498; x_wconf 86' lang='lat' dir='ltr'><strong>tenant,</strong></span> <span class='ocrx_word' id='word_1_350' title='bbox 624 4437 676 4486; x_wconf 83' lang='lat' dir='ltr'><strong>and</strong></span> <span class='ocrx_word' id='word_1_351' title='bbox 709 4437 782 4496; x_wconf 86' lang='lat' dir='ltr'><strong>theu,</strong></span> <span class='ocrx_word' id='word_1_352' title='bbox 815 4437 881 4488; x_wconf 78' lang='lat' dir='ltr'><strong>after</strong></span> 
     </span>
    </p>
   </div>
   <div class='ocr_carea' id='block_1_10' title="bbox 0 0 1626 5230">
    <p class='ocr_par' dir='ltr' id='par_1_16' title="bbox 0 0 1626 5230">
     <span class='ocr_line' id='line_1_41' title="bbox 0 0 1626 5230; baseline 0 0"><span class='ocrx_word' id='word_1_353' title='bbox 0 0 1626 5230; x_wconf 95' lang='lat' dir='ltr'><strong> </strong></span> 
     </span>
    </p>
   </div>
  </div>
 </body>
</html>
