3276 5234
377 435 440 498 264
673 445 813 507 HILARY,
836 445 901 496 sn.
926 434 1020 509 1229,
1042 445 1105 498 uu.
1130 437 1179 498 13.

376 620 431 685 isti
447 619 588 684 Roberto
604 627 642 682 ut
657 618 724 683 filio
739 627 773 683 et
794 618 905 684 heredi
925 642 992 697 suo,
1007 629 1042 684 et
1057 619 1143 706 quod
1163 621 1228 685 tale
1249 620 1292 685 sit
1315 621 1366 686 ius
1386 644 1483 686 suum

377 731 435 788 etc.
452 722 545 786 offert
560 721 694 807 probare
710 731 769 786 etc.

442 825 486 888 Et
501 824 672 909 Philippus
686 824 779 888 uenit
794 832 828 888 et
843 824 884 888 de
900 831 986 890 terra
1000 825 1057 890 illa
1071 847 1169 910 quam
1184 827 1253 911 ipse
1273 834 1366 891 tenet
1388 835 1485 892 uocat

377 927 558 1016 predictum
583 928 763 992 Rubertum
786 929 828 994 ad
850 939 1029 995 warantum
1053 931 1109 1017 qui
1131 932 1224 996 uenit
1246 940 1281 996 et
1309 932 1341 996 ei
1362 955 1485 997 waien·

377 1034 458 1096 tizat
473 1041 507 1096 et
522 1031 615 1117 ponit
630 1053 664 1094 se
685 1031 720 1095 in
743 1053 894 1119 magnam
909 1034 1051 1112 assisam,
1066 1043 1100 1099 et
1122 1035 1207 1120 petit
1229 1036 1486 1122 recognicionem

378 1135 448 1199 fieri
462 1143 574 1199 utrum
590 1157 701 1199 comm
717 1134 841 1199 maius1
856 1135 976 1200 habeat
991 1137 1026 1200 in
1041 1137 1186 1222 predicta
1200 1147 1293 1204 terra
1365 1179 1370 1184 -

443 1240 487 1303 Et
509 1239 549 1303 de
579 1247 666 1304 terra
688 1263 785 1325 quam
816 1239 903 1305 idem
933 1241 1115 1306 Robertus'
1142 1243 1228 1328 petit
1257 1266 1369 1308 uersus
1399 1265 1487 1320 eum,

377 1344 499 1410 scilicet
516 1343 557 1407 de
578 1341 705 1408 duabus
720 1344 849 1408 houetis
871 1353 956 1409 terre
978 1354 1013 1409 et
1035 1344 1161 1410 duabus
1183 1345 1331 1432 partibus
1345 1347 1486 1412 duarum

377 1453 484 1516 bouet.
501 1450 535 1513 in
551 1449 751 1515 Chillewclla
765 1449 850 1534 petit
865 1449 952 1514 idem
968 1449 1150 1514 Robertus*
1164 1451 1280 1518 uisum.
1326 1452 1467 1516 Habeat

444 1555 487 1618 Et
508 1551 670 1618 Robertus
689 1553 730 1617 de
753 1553 841 1617 Mora
864 1553 957 1617 uenit
980 1562 1014 1617 et
1035 1553 1116 1617 dicit
1138 1555 1224 1640 quod
1245 1577 1365 1641 magna
1385 1555 1489 1620 assisa

378 1681 442 1722 uon
464 1656 562 1721 debet
584 1655 659 1720 inde
681 1655 761 1734 fieri,
783 1655 860 1741 quia
881 1656 943 1741 ipsi
969 1656 1119 1720 exierunt
1149 1657 1189 1721 de
1219 1655 1332 1721 eodem
1361 1657 1488 1743 stipite,

377 1762 499 1826 scilicet
536 1760 577 1824 de
614 1759 760 1845 predicta
796 1760 901 1824 Ysilia
930 1759 1007 1846 quia
1043 1759 1114 1844 ipsa
1142 1760 1258 1824 habuit
1287 1759 1368 1824 duos
1398 1761 1488 1825 uiros

379 1865 579 1930 Willelmum
597 1863 638 1929 de
659 1863 747 1927 Morz
766 1863 907 1948 primum
930 1863 1039 1926 uirum
1058 1862 1114 1947 qui
1134 1863 1197 1926 fuit
1219 1862 1332 1948 pater⁴
1346 1863 1489 1949 predicti

377 1963 542 2046 Roberti⁶,
563 1977 598 2033 et
627 1975 741 2052 postea
770 1966 953 2030 Walterum
983 1965 1023 2030 de
1054 1966 1229 2052 Stralegha
1249 1975 1486 2032 antecessorem

378 2073 516 2160 predicti
538 2070 692 2138 Roberti⁶
712 2080 747 2136 et
768 2071 809 2136 de
832 2093 896 2157 quo
918 2071 987 2156 ipse
1010 2071 1172 2135 Robertus
1191 2069 1280 2148 exiit,
1301 2071 1378 2157 quia
1397 2071 1487 2136 idem

378 2179 542 2242 Walterus
557 2176 673 2241 habuit
688 2197 791 2240 nuum
807 2175 911 2240 filium
928 2176 1140 2260 Sampsonem
1158 2174 1296 2251 nomine,
1311 2183 1346 2239 et
1369 2175 1488 2262 Samp-

378 2303 435 2345 son
450 2303 552 2345 unum
568 2279 673 2343 filium
689 2279 871 2343 Walterum
886 2279 1016 2342 nomine
1032 2287 1158 2364 patrem
1173 2277 1275 2364 ipsius
1290 2280 1434 2346 Roberti

444 2384 487 2447 Et
501 2383 663 2448 Robeitus
683 2382 723 2447 de
745 2382 940 2469 Straylcgha
959 2381 1052 2446 uenit
1070 2389 1105 2445 et
1127 2381 1209 2446 bene
1231 2383 1378 2447 concedit
1399 2383 1489 2469 quod

378 2485 524 2572 predicta
561 2485 653 2549 Isilia
688 2485 805 2549 habuit
837 2485 918 2550 duos
951 2485 1038 2550 uiros
1067 2487 1189 2552 scilicet
1219 2489 1421 2553 Willelmum
1452 2499 1488 2556 et

379 2589 560 2652 Walterum
582 2596 617 2652 et
641 2586 681 2650 de
711 2587 876 2652 Willelmo
906 2587 1023 2652 habuit
1052 2589 1212 2674 predictos
1241 2591 1421 2656 Robertum
1453 2603 1489 2658 et

378 2691 459 2756 duos
473 2691 552 2754 alios
566 2690 623 2775 qui
638 2711 748 2754 omnes
763 2689 913 2754 obierunt
935 2691 1004 2754 sine
1025 2691 1143 2756 herede
1163 2693 1204 2757 de
1224 2715 1267 2768 se,
1284 2703 1318 2758 et
1338 2704 1489 2780 preterea

377 2789 524 2875 predicta
552 2788 643 2853 Isilia
668 2789 776 2853 tenuit
805 2789 983 2874 predictam
1014 2798 1133 2856 terram
1162 2792 1197 2856 in
1219 2793 1428 2880 maritagium
1452 2803 1488 2860 et

377 2893 500 2980 partita
525 2893 589 2956 fuit
612 2901 699 2956 teria
720 2891 806 2956 inter
827 2891 912 2956 tres'
935 2893 1016 2957 filios
1038 2893 1079 2959 de
1105 2895 1244 2959 secundo
1270 2897 1341 2960 uiro
1362 2898 1488 2964 scilicet

378 2999 464 3062 inter
502 2999 713 3084 Sampsonem
751 3007 785 3062 et
822 2997 986 3084 Rogemm
1016 2999 1157 3076 fratrem,
1186 3009 1221 3065 et
1249 3011 1363 3086 postea
1391 3005 1488 3068 uenit

379 3103 540 3167 Robertus
566 3112 601 3166 et
624 3101 772 3187 quietum
794 3101 948 3166 clamauit
972 3102 1142 3188 Sampsoni
1164 3104 1256 3168 fratii
1277 3127 1336 3170 suo
1357 3115 1487 3192 partem

378 3228 470 3270 suam
486 3215 520 3268 et
535 3204 689 3290 quicquid
704 3203 783 3268 iuris
798 3204 915 3268 habuit
930 3205 964 3268 in
979 3213 1065 3269 terra
1079 3205 1136 3270 illa
1143 3205 1162 3282 ⁸,
1178 3215 1213 3270 et
1232 3216 1380 3292 preterea
1396 3209 1487 3274 idem

378 3308 540 3372 Robertus
568 3329 649 3371 auus
672 3305 768 3370 istius
794 3305 930 3369 Rcberti
955 3327 1122 3391 nunquam
1146 3329 1279 3372 uxorem
1303 3309 1427 3385 habuit,
1451 3319 1487 3374 ct

378 3412 466 3498 quod
481 3412 529 3476 ita
543 3411 586 3475 sit
601 3411 693 3496 ponit
708 3433 742 3475 se
758 3411 792 3474 in
807 3409 980 3496 magnam⁹
994 3411 1086 3476 Dom.
1104 3411 1211 3497 Regis,
1227 3421 1261 3476 et
1276 3414 1361 3498 petit
1375 3437 1486 3500 recog-

378 3515 538 3580 nicionem
553 3513 631 3590 fieri,
646 3521 758 3577 utrum
773 3513 916 3598 ipsorum
932 3513 1037 3578 maius
1053 3513 1103 3578 ius
1119 3513 1238 3579 habeat
1253 3515 1288 3579 in
1304 3525 1391 3582 teria
1404 3517 1470 3583 illa

444 3617 488 3681 Et
510 3617 673 3681 Robertus
695 3617 735 3681 de
758 3617 843 3680 Moiz
870 3617 962 3681 uenit
985 3625 1019 3681 et
1048 3617 1108 3681 hoc
1138 3626 1245 3682 totum
1275 3619 1419 3684 defendit
1451 3632 1487 3685 et

377 3721 458 3786 dicit
473 3719 559 3806 quod
574 3719 738 3805 predictus
753 3719 915 3784 Robertus
930 3743 1012 3785 auus
1026 3721 1129 3807 patris
1144 3721 1194 3786 sui
1215 3723 1331 3787 habuit
1351 3747 1486 3790 uxorem

377 3827 440 3892 sibi
455 3826 681 3910 desponsatam
697 3823 737 3888 de
756 3847 820 3909 qua
841 3824 957 3890 habuit
978 3825 1159 3910 predictum
1181 3827 1361 3892 Robertum
1384 3851 1486 3894 auum

378 3952 482 3994 suum.

412 4143 420 4173 ¹
439 4143 537 4205 Supply
549 4145 596 4191 ica.
988 4143 998 4175 ⁷
1016 4147 1083 4194 inter
1094 4147 1220 4208 treafili'oa
1229 4161 1285 4195 suos
1294 4147 1324 4196 dc
1336 4149 1419 4210 primo
1427 4151 1486 4198 uiro

410 4207 613 4322 :autin
954 4211 1485 4326 atttfi

410 4339 420 4369 ⁴
434 4308 678 4400 pater,ii1terlinad;
695 4351 766 4396 autes,
778 4337 808 4387 A.
987 4311 1043 4388 ⁸i'n
1055 4290 1189 4389 hereditaii
1201 4343 1258 4400 illa,
1270 4341 1301 4390 A.
1351 4313 1359 4326 ⁹

410 4405 423 4502 ἱ
440 4401 613 4518 ffiffitmt'
987 4404 998 4470 .⁹
1015 4405 1115 4467 Supply
1127 4409 1239 4464 accisam,
1252 4407 1282 4455 A.
