3314 5238
482 477 634 539 rmmrr,
655 477 720 527 sn.
745 465 838 538 1231,
860 477 924 528 ra.
949 467 998 528 15.
1223 466 1287 528 453
1350 459 1351 462 ’

167 643 257 728 quod
284 667 364 710 cum
387 645 477 710 idem
499 646 611 712 Abbss
633 647 664 712 ei
686 646 819 712 reddere
841 646 975 714 deberet
997 647 1038 712 de
1060 647 1173 729 eodem
1196 656 1286 712 tene-

166 757 284 814 mento
309 749 353 836 vj.
376 773 502 816 marcas
523 751 651 838 argenti
672 775 731 838 per
752 775 825 820 ann.
847 751 935 818 idem
957 752 1069 818 Abbas
1091 751 1234 817 detinuit
1256 751 1287 816 ei

165 852 352 917 seruicium
367 854 453 918 illud
467 878 526 941 per
539 877 595 920 sex
616 877 717 920 annos
731 855 780 920 ita
799 855 886 942 quod
906 855 937 920 ei
957 864 1063 920 aretro
1085 863 1163 919 sunt
1180 854 1286 918 adhuc

167 955 313 1042 triginta
344 979 403 1022 sex
428 980 535 1024 marce
561 967 595 1023 et
625 958 712 1024 unde
741 959 956 1024 deterioratus
979 967 1029 1023 est
1051 965 1085 1022 et
1107 958 1286 1043 dampnum

165 1059 270 1124 habet
286 1061 336 1126 ad
351 1062 532 1127 ualenciam
546 1086 574 1126 x.
591 1084 778 1127 marcamm.

233 1165 282 1228 Et
310 1165 428 1230 Abbes
452 1167 545 1230 uenit
570 1175 605 1230 et
634 1167 797 1253 cognoscit
824 1165 910 1252 quod
940 1175 1032 1230 tenet
1061 1174 1286 1230 tenementum

164 1267 251 1333 illud
267 1268 314 1333 de
332 1269 479 1356 predicto
494 1270 638 1336 Galfrido
653 1279 687 1336 et
700 1270 786 1357 quod
800 1270 974 1357 aliquando
989 1270 1020 1334 ei
1031 1270 1163 1335 reddere
1173 1269 1288 1333 debuit

165 1372 341 1456 predictas
353 1374 392 1460 vj.
406 1397 536 1452 marcas,
546 1384 596 1440 set
605 1398 719 1440 reuera
727 1375 889 1440 Beatrioia
899 1375 1060 1440 Corbicun
1071 1381 1176 1439 mater
1186 1373 1288 1459 ipsius

166 1473 316 1541 Galfridi
333 1477 508 1563 aliquando
522 1479 619 1564 petiit
634 1479 668 1542 in
684 1479 774 1543 ouria
787 1479 880 1544 Dom.
897 1478 997 1565 Regis
1013 1477 1146 1542 terciam
1160 1485 1287 1562 partem

166 1577 259 1642 illius
275 1589 369 1644 terre
384 1581 419 1644 in
434 1580 544 1646 dotem
559 1603 672 1648 uersus
687 1582 868 1668 predictum
879 1582 1043 1647 Abbatem
1055 1582 1104 1646 ita
1117 1580 1204 1666 quod
1219 1580 1286 1665 ipse

167 1682 287 1748 Abbas
304 1685 441 1750 uocauit
455 1685 530 1752 inde
545 1686 587 1752 ad
602 1695 782 1752 warantum
797 1686 980 1772 predictum
1002 1685 1183 1751 Galfridum
1204 1694 1238 1748 et
1253 1685 1286 1748 in

168 1793 309 1850 tantum
333 1809 393 1872 per
414 1788 614 1853 concordiam
636 1811 820 1874 processum
842 1789 906 1854 fuit
928 1789 1014 1853 inter
1035 1811 1089 1852 eos
1110 1788 1197 1873 quod
1218 1788 1287 1872 ipse

169 1888 406 1952 warentizsuit
422 1897 457 1953 et
472 1891 627 1954 concessit
643 1891 729 1976 quod
743 1891 811 1976 ipse
832 1890 944 1956 Abbas
965 1899 999 1955 et
1022 1912 1216 1954 successores
1237 1890 1287 1953 sui

169 1990 337 2074 quamdiu
352 1991 498 2076 predicta
512 1993 673 2058 Beatrioia
688 1993 816 2058 uiueret
828 1992 998 2058 redderent
1011 1992 1116 2056 eidem
1128 1992 1287 2056 Beatricie

169 2093 310 2158 nomine
327 2093 413 2159 dotis
434 2094 491 2180 iiij.
507 2119 630 2161 marcas
650 2097 796 2183 quolibet
816 2120 901 2162 anno
921 2120 978 2182 pro
997 2097 1098 2161 tercia
1117 2106 1209 2182 parte
1229 2118 1288 2162 sua

170 2219 275 2281 quam
294 2198 369 2284 ipsa
390 2197 496 2283 petiit,
516 2209 551 2264 et
570 2199 777 2286 postmodum
800 2200 893 2266 uenit
912 2200 983 2287 ipsa
1006 2209 1040 2265 et
1055 2201 1152 2286 petiit
1176 2222 1288 2264 uersus

173 2299 366 2365 walterum
392 2300 433 2365 de
464 2301 606 2386 Eyuilla¹
632 2303 767 2368 terciam
792 2311 918 2390 partem
943 2303 1112 2368 cuiusdam
1138 2312 1223 2366 terre
1252 2303 1287 2367 in

171 2403 342 2469 dominico
372 2413 406 2470 et
442 2405 511 2490 ipse
547 2407 679 2471 uocauit
715 2407 791 2472 inde
821 2407 864 2472 ad
892 2415 1072 2472 warantum
1105 2407 1287 2492 predictum

173 2507 365 2572 Galfridum
390 2516 425 2572 et
449 2508 517 2594 ipse
540 2509 764 2574 warentizouit
793 2519 828 2574 et
850 2509 1029 2574 attornauit
1052 2509 1216 2574 Abbatem
1246 2510 1288 2574 ad

172 2612 333 2677 reddend'
356 2612 462 2678 eidem
487 2613 649 2678 Beatricie
667 2613 692 2699 j.
719 2637 860 2679 marcam
886 2636 944 2700 pro
967 2612 1039 2678 illa²
1064 2614 1165 2678 tercia
1194 2623 1286 2699 parte

172 2716 231 2782 illa
255 2717 307 2781 ita
329 2716 415 2802 quod
437 2739 502 2781 non
522 2717 683 2803 superfuit
703 2716 867 2783 reddenda
884 2718 990 2783 eidem
1012 2717 1156 2783 Galfrido
1179 2718 1286 2803 aliquo

173 2841 264 2885 anno
293 2820 330 2884 in
360 2829 525 2906 posterum
555 2821 617 2885 nisi
642 2823 666 2907 j.
693 2845 801 2888 marca
825 2829 860 2886 et
885 2823 925 2887 de
951 2845 1059 2888 mama
1083 2823 1140 2886 ille
1161 2844 1288 2906 semper

174 2922 349 3010 hucusque
365 2925 396 2988 ei
411 2925 567 2990 satisfecit
582 2925 624 2990 ad
640 2926 795 2991 terminos
812 2926 899 2990 inter
921 2948 975 2991 eos
997 2933 1138 2991 statutos
1158 2933 1193 2990 et
1211 2925 1287 2989 inde

173 3029 302 3112 profert
317 3028 426 3113 plures
440 3028 550 3092 literas
565 3036 716 3114 patentes
730 3028 770 3094 de
786 3028 947 3093 solucione
962 3029 1020 3092 illa
1039 3029 1133 3103 facte,
1148 3035 1182 3091 et
1204 3027 1287 3092 bene

175 3130 259 3195 dicit
283 3130 371 3216 quod
392 3153 520 3216 semper
541 3131 708 3217 hucusque
730 3131 866 3196 redidit⁸
881 3132 988 3196 eidem
1011 3131 1171 3196 Beatricie
1190 3129 1195 3218 Ι
1215 3154 1286 3217 pre·

175 3234 284 3300 dictes
299 3233 444 3319 quinque
459 3257 582 3300 marcas
598 3243 632 3298 et
646 3234 722 3298 inde
737 3243 833 3299 uocat
856 3257 927 3300 eam
948 3235 990 3300 ad
1010 3244 1198 3300 warantum.
1242 3236 1286 3299 Et

176 3338 362 3403 uicecomes
376 3337 487 3402 uenire
509 3339 607 3402 faciat
629 3346 687 3402 etc.
705 3338 906 3403 Willelmum
930 3339 970 3404 de
986 3339 1232 3404 Wintercumba
1253 3349 1287 3404 et

178 3443 376 3507 Beatrioiam
398 3464 529 3506 uxorem
552 3441 622 3506 eius
644 3441 685 3506 ad
707 3442 963 3528 cognoscendum
985 3444 1013 3508 si
1034 3466 1093 3530 per
1112 3466 1166 3508 sex
1188 3466 1288 3508 annos

178 3548 328 3633 proximo
353 3548 524 3632 preteritos
548 3554 738 3631 receperunt
762 3546 803 3610 de
827 3546 957 3612 Abbate
979 3548 1020 3612 de
1044 3548 1238 3612 Stratfordia
1260 3571 1286 3612 v.

179 3675 305 3717 marcas
334 3651 376 3716 de
406 3652 446 3737 vj.
476 3651 591 3716 nmrcis
620 3672 700 3735 ques
729 3649 815 3714 idem
846 3650 956 3716 Abbas
985 3650 1118 3716 reddere
1148 3651 1288 3718 debebat

179 3755 356 3842 aliquando
385 3754 530 3840 predicto
557 3753 710 3830 Galfrid0,
734 3753 811 3839 quia
839 3754 926 3820 idem
952 3755 1116 3820 Galfridus
1143 3756 1288 3820 defendit

180 3859 267 3946 quod
282 3859 372 3924 idem
387 3857 498 3922 Abbas
512 3857 611 3922 nichil
628 3879 684 3942 pro
699 3879 737 3922 eo
752 3857 850 3922 soluit
870 3881 929 3924 nec
951 3859 1075 3924 soluere
1093 3859 1209 3924 debuit
1230 3883 1288 3925 nec

181 3986 339 4050 umquam
355 3961 535 4025 ottomauit
551 3983 626 4025 eum
646 3961 688 4025 ad
708 3960 906 4026 soluendum.
953 3962 1180 4026 Postmodum‘
1195 3965 1287 4027 uenit

182 4065 347 4132 Beatrioia
361 4073 466 4129 mater
480 4065 617 4150 predicti
633 4065 820 4144 Galfn'diet
835 4067 987 4152 cognouit
1002 4067 1088 4152 quod
1107 4068 1228 4152 recepit
1248 4068 1288 4132 de

182 4171 329 4256 predicto
352 4168 485 4254 Abbate
506 4167 641 4252 singulis
663 4168 757 4232 annis
772 4191 798 4232 v.
822 4191 945 4233 marcas
967 4191 1025 4254 per
1046 4169 1143 4233 finem
1166 4170 1288 4235 factum

181 4275 267 4341 inter
296 4273 401 4358 ipsam
431 4271 625 4336 Beatrioiam
653 4280 686 4336 et
717 4271 898 4359 Galfridum
925 4271 1028 4336 filium
1058 4297 1152 4338 suum
1183 4297 1288 4338 coram
1341 4276 1343 4280 ’

346 4441 355 4472 ¹
375 4443 498 4504 Duyuiff',
512 4442 542 4490 B.
817 4443 827 4472 ³
845 4443 915 4492 Corr.
928 4444 1047 4503 reddidit,
1062 4443 1091 4494 B.

347 4507 357 4537 ²
374 4507 432 4555 Om.
445 4508 501 4564 ina,
514 4507 544 4555 B.
817 4507 828 4539 ⁴
844 4509 941 4568 Postea,
956 4509 985 4557 B.
