3308 5226
369 445 435 520 714
603 441 1131 526 mommm,no.1224‚nn
1155 447 1251 512 e-e.

365 635 397 702 ei
411 632 452 702 lx.
468 641 503 698 et
517 639 631 720 poetee
643 631 774 720 quendo
789 631 859 720 ipre
873 631 1017 700 reddidit
1035 655 1072 699 ee
1092 633 1242 722 religioni
1260 633 1479 720 implnciteuit

365 738 437 826 ipen
457 761 533 806 cum
554 737 597 806 de
618 759 670 806 xx.
690 737 807 804 murcie
826 736 964 804 residuis
986 744 1022 806 et
1042 737 1116 804 illue
1137 737 1345 824 recuperauit
1365 759 1479 804 uersus

365 865 451 912 eum.

431 945 475 1012 Et
489 944 644 1014 Yeobelle
657 944 751 1010 uenit
765 953 801 1010 et
815 943 962 1012 defendit
973 943 1060 1032 quod
1073 943 1262 1010 deuorcium
1277 943 1478 1010 celebratum

365 1071 533 1134 nunquem
548 1049 611 1114 suit
626 1049 712 1114 inter
726 1071 781 1114 eoe
796 1057 831 1114 ct
845 1049 932 1136 quod
951 1071 1119 1136 nunquam
1134 1049 1223 1136 cepit
1237 1049 1279 1114 eb
1293 1071 1332 1114 eo
1346 1049 1479 1114 nomine

365 1151 450 1220 dotie
465 1152 537 1218 ilice
551 1151 636 1240 iiiju.
652 1173 786 1230 mercae,
800 1161 852 1218 ect
866 1174 982 1218 reuera
995 1151 1125 1238 quando
1140 1151 1320 1216 Nicholeue
1334 1151 1388 1216 uir
1400 1173 1480 1216 eune

365 1255 507 1325 reddidit
532 1278 567 1322 ee
595 1255 745 1343 religioni
771 1277 828 1342 pro
855 1255 971 1322 timore
998 1278 1097 1342 quem
1122 1255 1241 1322 habuit
1265 1254 1307 1320 dc
1328 1255 1425 1320 Dom.
1447 1256 1479 1320 J.

365 1361 456 1450 Rege
477 1369 513 1428 et
532 1361 698 1428 Willelmo
718 1359 759 1426 de
780 1359 993 1438 Wrotehem¹,
1013 1360 1086 1446 ipen
1103 1359 1295 1426 reclemeuit
1318 1368 1353 1425 et
1372 1361 1481 1426 noluit

365 1465 554 1552 permittere
568 1464 676 1551 ipeum
691 1463 826 1532 reddere
841 1487 875 1530 ee
890 1465 1049 1552 religioni,
1064 1465 1183 1551 etipse
1205 1465 1383 1530 Nicholeue
1398 1474 1480 1530 tunc

366 1568 523 1634 conceeeit
542 1568 574 1634 ei
595 1567 638 1634 ed
657 1567 860 1634 euetentend’
880 1568 954 1634 illos
972 1568 1130 1646 denarios,
1145 1569 1195 1633 ite
1208 1567 1296 1654 quod
1309 1591 1480 1656 nunqucm

366 1673 497 1740 nomine
517 1672 604 1738 dotie
623 1673 747 1760 recepit
766 1681 802 1740 et
821 1673 881 1740 hoc
901 1673 996 1740 offert
1015 1681 1076 1739 etc.
1092 1671 1266 1738 defendere
1280 1672 1366 1738 eicut
1388 1671 1481 1740 curie

366 1776 625 1844 considerauerit

431 1877 632 1944 'Willelmue
657 1877 698 1944 de
728 1876 912 1944 Holendele
941 1885 977 1943 et
1005 1877 1064 1944 elii
1092 1877 1183 1942 mieei
1207 1877 1250 1943 cd
1275 1877 1479 1944 Willelmum

254 1999 322 2029 Μ
367 1981 477 2048 Meufe
492 1981 590 2046 eimnl
604 2003 679 2048 cum
693 1981 859 2047 Willelmo
873 1980 1009 2046 Burton’
1024 1981 1067 2046 nd
1081 1981 1279 2046 audiendum
1295 2003 1394 2067 quem
1409 1981 1481 2067 ipee

367 2085 551 2152 Willelmue
572 2093 736 2152 cttomere
758 2087 861 2152 uellet
882 2109 997 2152 uerene
1018 2087 1199 2152 Hemicum
1214 2087 1255 2152 dc
1271 2087 1356 2152 Roin
1370 2085 1414 2151 de
1437 2086 1480 2173 pl'

367 2188 460 2256 faui·
473 2190 613 2256 ueniunt
628 2199 663 2255 et
677 2189 791 2256 dicunt
806 2190 894 2277 quod
908 2213 1079 2277 percueeue
1093 2199 1144 2257 cet
1163 2191 1304 2278 pnrnlyei
1322 2191 1372 2256 ite
1391 2191 1481 2278 quod

368 2317 433 2360 non
461 2301 571 2380 poteet
604 2293 694 2379 loqui
727 2294 820 2371 bene,
849 2301 900 2360 eet
929 2294 1015 2360 sicut
1042 2294 1153 2380 potuit
1181 2295 1287 2381 loqui‘
1315 2296 1384 2360 loco
1421 2317 1481 2361 euo

368 2397 587 2484 Regineddum
621 2397 726 2463 filium
760 2420 866 2464 euum.
911 2399 971 2464 Set
1004 2421 1071 2465 non
1104 2399 1294 2466 admittitur
1322 2423 1360 2466 eo
1390 2399 1481 2488 quod

368 2501 489 2566 milites
503 2508 669 2566 testentur
682 2501 767 2587 quod
783 2501 968 2568 Willelmue
982 2524 1048 2568 non
1068 2511 1178 2589 potent
1198 2503 1287 2590 loqui
1309 2511 1361 2570 eet
1379 2503 1481 2569 dctue

368 2613 419 2670 eet
433 2603 539 2670 eidem
559 2603 702 2672 Henrico
721 2603 791 2670 diee
806 2604 846 2670 de
861 2603 1023 2670 audiendo
1037 2604 1157 2670 iudicio
1171 2627 1230 2671 euo
1244 2628 1266 2670 e
1278 2605 1332 2672 dic
1347 2607 1380 2672 S.
1397 2605 1480 2672 Hill.

368 2709 403 2776 in
418 2729 521 2773 unum
535 2729 681 2774 mensem
696 2717 731 2774 et
749 2708 875 2774 dictum
895 2717 946 2774 eet
967 2709 1149 2797 Regincldo
1170 2708 1256 2796 quod
1278 2717 1358 2775 tuuc
1378 2709 1481 2776 faciat

367 2811 480 2878 uenire
493 2819 621 2898 petrem
635 2833 740 2880 eoum.

432 2915 560 2982 ”Amne
588 2915 692 3002 xxiiij.
713 2915 756 2982 cd
784 2915 996 2983 conuinoend’
1018 2916 1074 3004 xij.
1095 2917 1191 2983 uenit
1219 2917 1429 3005 recognitum
1453 2917 1482 2984 ei

369 3021 515 3108 Rogerue
529 3019 679 3085 Burnmd
692 3019 814 3086 iniuste
829 3029 864 3086 et
878 3021 948 3087 eine
963 3021 1084 3088 iudicio
1098 3021 1276 3088 dieseieiuit
1296 3022 1479 3088 Robertum

368 3124 411 3190 de
439 3123 607 3190 Euertone
634 3123 675 3190 de
704 3147 878 3190 commune
905 3133 1038 3212 paetum
1067 3148 1126 3191 eue
1154 3125 1190 3192 in
1220 3125 1386 3191 Euertonc
1415 3149 1479 3214 que

369 3227 514 3314 pertinet
527 3227 570 3294 nd
585 3227 724 3294 liberum
743 3235 970 3294 tenementum
990 3251 1087 3296 enum
1108 3231 1144 3296 in
1166 3229 1280 3296 eodem
1302 3231 1384 3296 uille
1404 3241 1479 3318 poet

369 3333 475 3398 ultim'
490 3339 550 3397 etc
566 3331 653 3398 unde
667 3333 814 3420 Rogerue
828 3333 977 3419 queritur
991 3333 1079 3419 quod
1098 3334 1255 3400 iuratores
1274 3334 1374 3400 eeeiee
1393 3357 1477 3400 noue

369 3435 536 3502 dieeeieine
565 3458 628 3522 que
657 3436 856 3502 summonita
884 3437 948 3502 suit
973 3445 1008 3503 et
1033 3445 1131 3524 cepte
1154 3459 1260 3502 corum
1286 3437 1412 3503 Thomc
1436 3437 1478 3503 de

207 3553 358 3640 ffiffl·
371 3539 506 3626 Eydone
526 3548 562 3605 et
583 3539 676 3605 eociie
698 3540 766 3606 enie
790 3541 978 3608 iusticinriie
998 3541 1172 3627 cneignctie
1193 3539 1236 3605 nd
1255 3540 1372 3606 eeeieee
1392 3563 1478 3606 noue

208 3647 312 3696 ΜΨ·
370 3642 536 3708 dieeeieine
573 3642 746 3729 capiendae
781 3643 871 3730 epud
907 3645 1139 3732 Duneteplinm
1175 3644 1294 3710 falsum
1330 3646 1480 3711 fecerunt

370 3756 616 3814 eemementum.

436 3853 480 3918 Et
494 3851 657 3918 Robertus
671 3851 765 3918 uenit
779 3859 814 3918 et
828 3873 939 3918 omnee
954 3852 1009 3938 xij.
1026 3851 1125 3938 primi
1138 3851 1355 3938 recognitores
1368 3861 1480 3938 preter

371 3979 473 4024 unum
503 3956 652 4034 ueniunt,
681 3964 732 4022 eet
760 3955 803 4021 de
832 3955 933 4042 xxiiij.
962 3955 1125 4020 militibus
1153 3977 1219 4020 non
1246 3955 1388 4020 ueniunt
1415 3955 1480 4021 niei

371 4071 501 4128 tentum
524 4060 634 4146 xviiij„
656 4067 707 4125 eet
730 4059 877 4147 Rogeme
902 4056 1047 4125 Bernerd
1070 4067 1105 4123 et
1127 4059 1289 4124 Robertue
1309 4067 1345 4126 ct
1367 4081 1479 4126 omnes

371 4164 509 4255 predicti
530 4163 583 4250 xij.
603 4163 702 4251 primi
722 4161 939 4250 recognitores
959 4163 1100 4228 ueniunt
1121 4169 1157 4226 et
1177 4170 1305 4248 ponunt
1325 4185 1360 4228 ee
1382 4185 1480 4250 super

405 4281 653 4335 ¹John'ecdmirnl.
685 4281 900 4332 Nioholceeeemr
982 4281 1420 4349 ’eorr.aepmeuoflnnsacu.n

373 4354 402 4400 tc
416 4348 485 4400 here
500 4348 725 4404 benamm-
759 4345 900 4400 Soelndex
982 4346 1255 4412 ‘Supplypceetem

373 4413 585 4529 ”iiidice
982 4411 1141 4466 ww
