3308 5226
57 632 124 692 812.

388 444 622 507 mummulo,
644 445 709 494 an.
735 433 827 508 1233,
850 448 913 496 aa
939 430 1074 497 17-18.
1223 431 1284 495 621

241 619 420 686 'Henrieus
442 617 482 683 de
506 617 710 684 Bookelonde
733 617 819 704 petit
834 640 947 682 uersus
962 615 1162 682 Bandulfrim
1179 640 1287 703 perso·
1316 630 1438 670 floreum

176 747 254 788 nam
275 725 315 789 de
339 723 457 788 Mimas
472 723 559 809 quod
573 723 689 788 reddat
704 723 735 788 ei
752 723 950 787 Willelmum
966 723 1070 788 filium
1086 733 1120 788 et
1135 722 1287 788 heredem

175 826 337 892 Johannie
359 825 400 890 de
423 825 624 903 Hatfeuldia,
647 848 685 890 eo
707 825 794 911 quod
815 825 903 890 idem
925 825 1093 890 Johannes
1115 825 1224 890 tenuit
1246 825 1287 890 de

176 930 248 1016 ipso
263 930 407 996 Henrico
422 952 481 1017 per
495 930 669 995 seminium
685 929 834 994 militare.

245 1033 289 1097 Et
308 1031 492 1098 Randullus
515 1032 608 1098 uenit
630 1040 665 1096 et
689 1031 836 1096 defendit
859 1031 945 1117 quod
968 1053 1032 1096 non
1057 1031 1157 1096 habet
1180 1031 1287 1118 ipsum
1302 1047 1421 1098 Noueuod

178 1138 391 1216 Willelmum,
405 1160 465 1202 nec
480 1137 597 1202 habuit
612 1145 757 1222 tempore
773 1159 837 1222 quo
859 1137 959 1201 breue
981 1135 1045 1200 fuit
1067 1137 1289 1223 impetratum,
1299 1093 1432 1234 {lffflsslffi

178 1266 240 1308 nec
255 1243 364 1328 ipsum
379 1249 488 1328 potest
503 1241 645 1320 reddero,
660 1249 695 1306 et
709 1239 790 1306 dicit
805 1239 892 1327 quod
907 1240 964 1304 ubi
979 1247 1029 1304 est
1044 1263 1131 1308 nuno
1153 1265 1218 1306 non
1238 1248 1288 1306 eet
1299 1233 1455 1322 ffifflfflm

178 1369 237 1432 per
251 1369 335 1412 eum.
821 1387 825 1396 ·
1300 1327 1446 1414 tlll¹¹tto

246 1451 291 1514 Et
314 1447 477 1514 Hemioue
499 1447 687 1535 dicitquod
709 1445 897 1534 postquam⁴
919 1447 983 1512 fuit
1012 1447 1222 1532 impetratum
1255 1455 1289 1512 et
1300 1421 1443 1554 {30:303-

179 1562 253 1640 post
269 1551 557 1618 summonioionem
573 1552 637 1616 fuit
654 1575 727 1616 oum
752 1574 790 1616 eo
812 1573 871 1637 per
893 1551 1026 1638 longum
1049 1559 1189 1636 tempus,
1212 1551 1290 1636 quia
1300 1517 1451 1647 gipffllld

179 1656 260 1721 dicit
280 1656 367 1742 quod
382 1655 543 1720 Amabilis
561 1663 667 1720 mater
688 1655 790 1741 ipsius
812 1655 971 1720 Willelmi
993 1654 1122 1720 dicebat
1144 1655 1179 1720 in
1200 1655 1290 1720 curia
1300 1654 1444 1749 ffiluguffi

180 1761 274 1826 Dom.
290 1759 399 1847 Regia,
414 1783 486 1824 cum
504 1759 668 1846 predictus
683 1759 868 1824 Willelmus
889 1759 932 1824 ab
954 1781 993 1824 ea
1014 1766 1182 1844 peteretur
1203 1759 1289 1845 quod
1300 1748 1425 1797 “mi

179 1863 244 1928 fuit
273 1863 308 1929 in
338 1862 486 1928 custodia
515 1863 617 1949 ipsius
646 1862 807 1928 Randulfi.
855 1862 898 1926 Et
927 1862 1001 1926 ideo
1027 1871 1216 1948 preceptum
1239 1870 1289 1927 est

180 1967 366 2032 uioecomiti
380 1966 468 2052 quod
483 1965 595 2031 uenire
610 1966 708 2031 faciat
723 1965 901 2051 predictam
918 1964 1102 2029 Amabilem
1118 1988 1138 2028 a
1155 1964 1208 2030 die
1228 1972 1288 2030 eto.

180 2071 221 2136 ad
245 2069 505 2156 respondendum
530 2069 636 2134 eidem
662 2069 803 2134 Henrioo
830 2091 929 2155 quare
954 2068 1062 2154 ipsum
1090 2069 1288 2134 Willelmum

180 2173 347 2260 elongauit
356 2195 430 2238 eum
442 2172 511 2258 ipso
523 2173 693 2248 Randulf0‚
704 2182 738 2237 et
749 2172 924 2259 diligenter
933 2171 1076 2258 inquirat
1088 2171 1115 2236 si
1126 2171 1290 2258 predictus

180 2277 366 2342 Willelmue
388 2276 431 2341 sit
453 2277 488 2341 in
510 2277 633 2342 balliua
654 2299 713 2342 sua
735 2284 769 2342 at
791 2277 819 2342 si
841 2277 948 2362 ipsum
971 2276 1017 2340 ibi
1039 2276 1195 2354 inueniat,
1210 2285 1290 2342 tunc

181 2380 289 2466 ipsum
304 2379 465 2445 attachiet
480 2380 529 2444 ita
542 2380 629 2466 quod
644 2380 765 2446 habeat
776 2381 870 2446 illum
882 2381 923 2446 ad
935 2379 1118 2467 predictum
1130 2381 1216 2446 diem
1229 2390 1288 2446 eto.

125 2545 131 2558 ,
246 2484 374 2549 ⁶Asaioa
397 2485 490 2550 uenit
514 2484 720 2572 recognitum
743 2486 815 2572 quie
838 2485 1015 2552 aduocatos
1038 2495 1182 2575 tempore
1203 2488 1291 2574 pacis
1370 2513 1412 2544 m.

181 2589 385 2675 presentauit
400 2589 550 2654 ultimam
566 2611 734 2676 personam
750 2613 813 2676 que
829 2599 958 2656 mortua
969 2591 1071 2656 estad
1082 2592 1238 2678 capellam
1250 2591 1291 2656 de

183 2694 355 2759 Strattona
376 2715 439 2780 que
462 2700 557 2758 uacat
580 2701 618 2757 nt
640 2692 761 2758 dieitur
782 2694 874 2758 cuiue
896 2694 1142 2760 aduooaeionem
1166 2696 1292 2762 Alanus

183 2797 275 2861 Brito
297 2797 417 2861 clamat
439 2819 552 2861 uersus
575 2797 750 2884 Symonem
776 2798 816 2862 de
847 2799 1031 2864 Elmeduna
1059 2807 1093 2864 et
1122 2799 1289 2864 Julianam

182 2925 314 2966 uxorem
331 2901 402 2968 eius
417 2909 477 2967 ete.
523 2902 567 2966 Et
583 2902 703 2988 Symon
721 2903 814 2966 uenit
830 2910 864 2967 et
884 2902 964 2968 dicit
985 2903 1072 2989 quod
1092 2903 1290 2988 presentatio

182 3004 346 3090 adipsum
362 3005 515 3090 pertinet,
530 3005 608 3090 quia
623 3005 755 3091 quidam
771 3005 934 3070 Robertus
956 3007 986 3070 le
1010 3006 1165 3072 Ohiualer
1182 3005 1187 3093 Ι
1207 3029 1290 3072 auus

183 3107 326 3194 predicte
342 3108 365 3173 J
367 3107 474 3172 uliane
490 3107 692 3193 presentauit
707 3107 869 3194 quendam
881 3107 1082 3172 Willelmum
1098 3108 1137 3172 de
1151 3108 1289 3190 Cauere·

183 3210 398 3298 lingewurthe
421 3211 478 3296 qui
500 3211 617 3276 ultimo
639 3211 722 3277 obiit
744 3235 880 3298 persona
901 3213 935 3278 in
958 3212 1071 3278 eadem
1094 3213 1226 3299 capella,
1255 3221 1290 3277 et

182 3312 258 3378 inde
280 3312 373 3398 ponit
395 3335 428 3378 ee
451 3335 549 3400 super
570 3314 711 3392 oasim,
735 3323 768 3379 et
790 3315 956 3380 sciendum
977 3316 1063 3402 quod
1077 3315 1212 3382 Juliana
1225 3339 1290 3382 non

182 3415 283 3482 uenit.

249 3520 292 3584 Et
312 3520 437 3584 Alanus
456 3519 537 3585 dicit
557 3519 644 3607 quod
665 3521 796 3608 quidam
817 3522 978 3589 Radulfus
998 3525 1089 3589 Brito
1109 3528 1290 3594 auunculus

182 3643 260 3686 auus
281 3621 484 3707 presentauit
505 3623 667 3708 quendam
690 3624 833 3688 Alanum
862 3625 994 3690 fratrem
1024 3649 1119 3690 suum
1150 3637 1185 3693 et
1213 3629 1290 3696 inde

183 3725 275 3812 ponit
290 3749 324 3790 se
340 3749 437 3812 super
451 3727 593 3806 assisam,
608 3737 642 3794 et
657 3728 744 3814 quod
758 3729 799 3794 ad
819 3730 1093 3815 presentationem
1113 3756 1206 3798 suam
1226 3734 1290 3798 fnit

182 3829 350 3896 admissus.

247 3935 271 4000 J
271 3943 417 4000 uratores
431 3935 547 4001 dicunt
561 3936 647 4023 quod
662 3937 827 4023 predictus
841 3937 1003 4004 Radulfus
1018 3941 1110 4007 Brito
1124 3951 1289 4028 presenta-

184 4039 234 4104 uit
249 4039 432 4125 predictum
448 4041 591 4107 Alanum
607 4043 739 4108 fratrem
755 4065 861 4122 suum,
875 4052 910 4109 et
925 4044 994 4130 ipse
1016 4045 1058 4110 ad
1076 4045 1288 4131 presentatio·

183 4167 258 4209 nem
273 4167 366 4210 suam
382 4145 446 4211 fuit
460 4146 619 4214 admissus
636 4155 671 4214 et
690 4155 804 4233 postea
814 4149 907 4214 uenit
919 4149 1081 4216 Robertue
1092 4149 1123 4214 le
1135 4149 1290 4217 Ohiualer

216 4281 226 4314 ¹
243 4281 315 4331 Gorr.
327 4281 460 4346 Hertsord,
472 4282 503 4334 Δ.
760 4282 817 4336 lau.

216 4346 227 4378 ²
242 4347 273 4397 Α.
284 4361 321 4396 m.
332 4347 374 4397 22.
793 4349 804 4380 ⁴
821 4348 921 4413 Supply
933 4350 1015 4410 ὺνοιω,
1027 4350 1058 4401 Δ.

216 4411 227 4444 ³
243 4411 371 4475 Probably
387 4412 433 4462 the
449 4411 524 4476 point
540 4412 563 4462 ie
583 4411 642 4462 that
664 4413 710 4462 the
793 4415 804 4448 ³
820 4414 850 4464 L
863 4429 898 4467 m.
913 4417 953 4466 2³.

185 4476 326 4527 detondant
337 4477 360 4526 is
371 4481 419 4527 not
430 4477 537 4528 allowed
549 4481 576 4528 to
588 4493 657 4540 wege
669 4477 710 4527 hia
