3314 5238
359 425 423 490 426
657 437 883 500 1111111111).
908 423 1090 499 1131111.
1114 425 1163 488 15.

357 611 524 678 debuisset
546 610 588 676 de
614 610 811 678 Chisteehnle
836 619 872 676 et
898 610 939 676 de
966 610 1161 698 quibusdem
1186 610 1341 678 ioeslibus
1367 621 1403 676 et
1429 611 1473 678 de

356 725 490 784 centum
513 717 603 782 libris
625 725 660 782 et
681 717 769 782 unde
791 715 1007 782 deterioratos
1029 723 1080 782 est
1101 725 1136 784 et
1156 715 1334 803 dampnum
1354 725 1416 784 etc
1435 726 1474 783 et

355 821 432 886 inde
447 821 597 908 producit
611 829 742 886 sectam.

422 925 467 989 Et
492 924 662 990 Jeruesius
686 923 780 988 uenit
803 931 839 988 et
862 921 1009 988 defendit
1028 931 1141 988 eontra
1162 922 1271 1009 ipsum
1290 929 1325 987 et
1344 930 1471 988 sectam

355 1050 449 1094 susm
464 1027 550 1114 quod
565 1050 732 1114 nunquam
748 1035 821 1113 post
835 1026 1090 1112 prohibicionem
1105 1048 1165 1091 nec
1179 1033 1257 1090 ente
1273 1025 1375 1092 traxit
1390 1049 1470 1091 eum

355 1131 391 1198 in
408 1131 566 1219 placitum
586 1131 627 1196 de
647 1129 768 1196 debitis
790 1151 854 1216 qne
876 1151 941 1194 non
963 1115 1042 1194 sdnt
1064 1137 1124 1194 etc.
1170 1128 1230 1194 Set
1252 1151 1370 1194 uerum
1391 1130 1471 1196 uult

354 1233 461 1300 dicere
484 1233 571 1320 quod
597 1232 729 1320 quidem
756 1233 904 1320 Rogerne
930 1232 971 1298 de
998 1232 1138 1316 Sumery
1163 1230 1255 1296 dedit
1282 1240 1402 1297 terrem
1426 1231 1470 1297 de

356 1334 536 1402 Oristehele
555 1343 590 1398 et
610 1342 744 1400 eentum
764 1333 863 1398 libres
884 1333 919 1398 in
941 1331 1083 1398 denariis
1105 1332 1140 1396 in
1162 1332 1373 1419 maritagium
1396 1333 1467 1398 He-

355 1439 444 1504 moni
466 1438 552 1525 patri
573 1438 668 1502 istius
690 1437 850 1504 Hemonis
871 1459 946 1503 cum
969 1437 1100 1524 Agnete
1122 1436 1192 1501 filie
1210 1459 1279 1513 sus,
1296 1445 1332 1502 et
1352 1445 1471 1523 postes

355 1543 517 1608 celebrato
531 1565 571 1607 ex
586 1563 683 1608 censa
696 1563 846 1627 processu
864 1540 1020 1626 temporis
1034 1540 1122 1606 inter
1136 1539 1265 1605 eosdem
1280 1540 1469 1606 Hemonem

355 1655 390 1712 et
412 1648 576 1733 Agnetem
598 1644 769 1724 diuorcio¹‚
789 1645 932 1711 reddidit
954 1645 1042 1711 idem
1062 1646 1194 1710 Hemon
1214 1645 1321 1711 eidem
1340 1647 1471 1736 Agneti

355 1759 475 1816 tennm
512 1749 603 1816 illam
637 1757 677 1814 ut
711 1748 920 1835 maritagium
950 1771 1056 1826 suum,
1085 1757 1120 1814 et
1150 1749 1228 1834 quin
1255 1771 1321 1814 non
1349 1749 1470 1816 hebuit

355 1853 502 1918 denarios
525 1852 567 1919 ed
594 1873 728 1916 menum
753 1849 841 1916 unde
866 1851 1007 1916 solueret
1031 1850 1192 1938 predictos
1215 1851 1362 1918 denarios
1386 1853 1469 1918 obli-

354 1956 448 2044 gauit
470 1978 504 2022 se
527 1964 562 2022 et
581 1955 715 2020 heredes
736 1977 810 2020 suos
830 1955 872 2020 ed
886 1955 1030 2020 soluend'
1048 1955 1155 2020 eidem
1175 1957 1300 2044 Agneti
1321 1980 1371 2022 η
1394 1957 1468 2023 libr.

355 2060 492 2147 singulis
506 2059 599 2125 annis
613 2059 715 2124 donec
732 2058 876 2146 predicte
895 2069 1029 2126 centum
1050 2060 1131 2126 libre
1153 2061 1282 2147 plenius
1303 2062 1468 2148 persolue-

354 2173 468 2230 rentur
496 2185 555 2249 per
583 2169 706 2226 certem
736 2184 835 2248 quam
863 2163 985 2248 profert
1014 2170 1050 2228 et
1078 2185 1142 2249 que
1168 2163 1228 2228 hoc
1254 2171 1404 2242 testetur,
1431 2173 1469 2230 et

354 2276 468 2354 postea
488 2267 582 2332 uenit
604 2267 666 2332 iste
687 2267 855 2332 Jerucsius
872 2275 907 2332 et
921 2266 1131 2353 desponseuit
1152 2267 1333 2354 predictam
1354 2269 1469 2356 Agne-

355 2381 423 2437 tem
449 2379 484 2436 et
509 2372 664 2436 uixerunt
694 2370 792 2436 simul
822 2372 1039 2458 perlongum
1065 2381 1204 2458 tempus,
1230 2380 1266 2438 et
1292 2381 1406 2460 postea
1430 2374 1469 2438 in

354 2478 508 2544 extremis
528 2477 605 2542 fecit
624 2477 695 2563 ipse
713 2475 896 2563 predictum
912 2477 1098 2542 Jerunsium
1114 2477 1223 2544 uirum
1238 2499 1334 2542 snum
1349 2501 1469 2545 execu-

356 2592 459 2648 torem
474 2581 664 2647 testamenti
678 2581 775 2646 simul
795 2605 871 2646 cum
890 2581 984 2646 eliis²
1006 2589 1041 2646 et
1062 2581 1105 2646 nd
1127 2581 1352 2648 execncionem
1374 2582 1468 2648 illem

355 2687 534 2753 faciendam
550 2695 585 2752 et
599 2686 641 2752 ad
655 2685 767 2751 debite
780 2685 997 2773 perquirenda
1011 2694 1046 2750 et
1061 2685 1246 2771 specialiter
1259 2686 1301 2752 ad
1315 2686 1468 2752 debitum

355 2790 445 2856 istud
469 2789 722 2876 perquirendum
752 2796 787 2853 et
817 2796 855 2852 nt
879 2788 955 2854 inde
981 2789 1189 2875 disponerent
1215 2788 1300 2854 sicut
1325 2789 1366 2854 de
1392 2789 1469 2855 aliis

355 2895 533 2960 secundum
556 2893 642 2980 quod
664 2892 814 2957 uiderent
836 2891 998 2978 expedire,
1012 2901 1047 2956 et
1066 2893 1152 2958 unde
1172 2891 1254 2958 dicit
1274 2892 1360 2980 quod
1379 2893 1469 2979 petit

349 2999 503 3066 ,denarios
525 2998 597 3062 illos
618 3020 659 3062 ex
681 3019 779 3062 seusa
798 2995 1045 3062 testamentoria
1064 3004 1099 3061 et
1114 3019 1179 3062 non
1193 2995 1257 3061 elio
1272 2996 1375 3064 modo,
1421 2998 1469 3062 Et

356 3103 488 3166 Hemon
502 3100 677 3186 requisitus
692 3123 750 3186 per
764 3107 925 3186 quantum
940 3108 1069 3186 tempus
1084 3099 1170 3166 uixit
1184 3099 1256 3186 ipsa
1269 3101 1380 3186 Agnes
1391 3111 1470 3187 post

355 3205 535 3272 diuorcium
558 3203 778 3269 celebretum⁸
798 3202 885 3290 quod
906 3225 965 3288 per
983 3225 1056 3266 xxx.
1075 3224 1185 3268 annos.
1230 3203 1274 3268 Et
1296 3204 1468 3270 Jeruasins

356 3310 436 3376 dicit
451 3308 537 3396 quod
551 3331 610 3396 per
623 3332 675 3374 xx.
690 3331 799 3374 annos.

422 3415 466 3480 Et
489 3415 620 3479 Hamon
642 3413 734 3478 uenit
756 3419 791 3477 et
813 3411 899 3498 petit
924 3410 1081 3476 iudicium
1108 3411 1235 3476 desieut
1260 3411 1331 3498 ipse
1353 3413 1469 3500 Agnes

356 3518 441 3584 uixit
455 3539 681 3604 permagnum
696 3523 826 3601 tempus
840 3522 914 3601 post
929 3513 1110 3579 diuortium
1120 3536 1180 3600 per
1190 3514 1351 3602 tringinta
1363 3539 1468 3581 annos

356 3631 391 3688 et
410 3620 511 3686 nichil
531 3641 686 3705 umquem
706 3617 804 3705 petiit
824 3617 865 3683 de
880 3617 991 3682 debito
1005 3617 1062 3682 illo
1077 3617 1233 3703 quamdin
1248 3617 1333 3682 uixit
1347 3641 1408 3683 nec
1422 3620 1467 3686 ab

356 3748 395 3790 eo
409 3747 469 3790 nec
483 3746 504 3788 e
517 3731 610 3808 patre
625 3744 683 3786 suo
700 3744 760 3786 nec
779 3744 800 3786 n
820 3721 945 3786 Thomn
966 3721 1064 3786 fratre
1086 3744 1145 3787 suo
1167 3723 1225 3810 qni
1246 3745 1305 3810 per
1318 3747 1346 3789 v.
1362 3747 1467 3790 annos

357 3830 421 3895 fuit
435 3828 470 3894 in
484 3827 602 3894 seisine
616 3825 720 3890 tocius
737 3824 928 3892 hereditatis
947 3824 1050 3912 petris
1069 3826 1121 3891 sui
1143 3833 1178 3892 et
1199 3828 1285 3914 petit
1306 3827 1466 3894 iudicium

357 3931 466 4018 siipss
476 3929 585 4017 potuit
599 3929 708 4016 legere
719 3936 754 3994 et
764 3927 800 3994 in
811 3936 1008 3994 testamento
1020 3929 1201 4014 relinquere
1216 3929 1364 3994 debitum
1376 3931 1466 4016 quod

357 4059 422 4102 non
431 4035 495 4102 fuit
503 4032 796 4122 cognituminuite
804 4055 863 4097 sua
871 4039 906 4097 et
915 4033 1002 4118 quod
1011 4033 1081 4118 ipse
1089 4033 1124 4098 in
1134 4031 1206 4097 uite
1214 4055 1274 4098 sua
1282 4056 1347 4098 non
1355 4035 1466 4120 petiit.

423 4139 467 4204 Et
481 4138 558 4225 quin
572 4137 736 4224 predictus
755 4135 923 4201 Jerunsius
942 4135 1043 4200 nichil
1058 4135 1202 4200 ostendit
1216 4135 1303 4222 quod
1317 4137 1467 4222 predicte

390 4321 400 4354 ¹
417 4319 500 4369 There
510 4319 559 4369 has
569 4317 634 4368 been
646 4333 718 4368 some
729 4317 883 4370 dislocation
933 4317 1024 4368 mnlres
1039 4319 1118 4369 swill
1132 4319 1184 4370 and
1199 4321 1323 4384 appoints
1337 4321 1386 4373 her
1400 4323 1465 4376 hus·

357 4388 387 4437 cl
395 4385 440 4436 the
450 4385 583 4447 lcregoing
593 4383 683 4434 1101111.
934 4383 1309 4440 bandonsotherexecntors.

391 4451 483 4500 ²Note
511 4449 570 4499 111111
600 4463 616 4499 e
643 4447 754 4499 married
781 4463 882 4499 woman
965 4449 1093 4514 ³supply
1103 4451 1176 4502 dicit.
