3314 5238
360 475 424 534 484
570 484 804 546 tiroeinium,
828 480 891 534 tn.
916 468 1010 546 1231,
1032 483 1095 534 sn
1121 471 1257 534 15-16.

237 660 308 724 633.
424 655 535 721 Abbas
549 655 589 720 de
605 653 788 720 Wubumie
802 653 887 741 petit
903 677 1015 720 uersus
1031 653 1206 742 Hugonem
1221 652 1262 718 de
1278 651 1364 720 Ver¹
1379 654 1467 740 quod

237 757 302 798 ΒΜ
359 759 545 825 warentizet
560 760 591 824 ei
605 759 686 824 dues
701 757 781 844 uirg.
798 766 882 823 terre
903 781 978 822 cum
999 766 1078 844 pert.
1095 780 1175 843 quas
1196 757 1336 823 Isabella
1357 757 1466 824 Comi-

358 857 438 924 tissa
460 859 584 925 Oxonie
607 858 692 944 petit
716 881 827 922 uersus
851 856 991 922 eundem
1013 856 1187 934 Abbatem,
1209 864 1243 921 et
1267 855 1354 921 unde
1377 856 1464 922 idem

358 959 470 1025 Abbas
484 969 580 1026 uocat
595 959 734 1024 eundem
750 959 927 1046 Hugonem
942 957 984 1024 ad
999 965 1179 1023 warantum
1199 979 1313 1022 uersus
1332 979 1415 1036 eam,
1430 966 1464 1022 et

358 1063 444 1128 unde
464 1062 551 1128 idem
574 1061 685 1127 Abbas
703 1062 824 1148 profert
843 1069 966 1126 cartam
988 1060 1112 1126 Albrici
1126 1060 1167 1126 de
1183 1061 1249 1125 Ver
1270 1068 1305 1125 et
1325 1060 1464 1126 Isabelle

357 1168 465 1232 uxoris
487 1168 557 1233 eius
578 1191 641 1254 quc
663 1175 805 1232 testatur
819 1166 906 1253 quod
926 1164 1016 1252 ipsa'
1031 1165 1192 1230 dederunt
1214 1173 1274 1230 etc
1290 1166 1324 1229 in
1347 1188 1463 1252 puram

357 1273 564 1338 elemosinam
587 1272 752 1336 monachis
776 1271 817 1337 de
840 1270 1024 1336 Wuburnia
1046 1278 1153 1336 totum
1177 1277 1403 1336 tenementum
1430 1269 1464 1334 in

357 1377 573 1442 Wauenduna
587 1377 674 1463 quod
696 1377 839 1464 pertinet
854 1375 896 1442 ad
911 1375 1041 1441 feodum
1061 1374 1101 1440 de
1117 1375 1257 1440 Bolebeo
1275 1375 1360 1440 sicut
1380 1373 1463 1438 illud

357 1479 472 1546 melius
488 1481 595 1546 tenuit
611 1480 776 1544 Walterus
791 1479 831 1543 de
848 1479 987 1544 Bolebeo
1002 1502 1076 1544 cum
1092 1479 1242 1544 omnibus
1262 1477 1463 1544 aisiamentis
1562 1466 1566 1472 ¹

355 1593 390 1648 et
419 1585 627 1671 pertinenciis
657 1593 766 1670 preter
793 1583 1022 1648 Whaddunam
1049 1591 1084 1648 et
1110 1582 1369 1659 Thetendunam
1392 1581 1462 1646 adi-

355 1688 440 1754 citur
450 1689 485 1754 in
500 1699 589 1755 carta
599 1689 685 1775 quod
701 1689 761 1753 hoc
776 1696 883 1752 totum
896 1696 1121 1754 tenementum
1132 1687 1292 1754 dederunt
1308 1685 1463 1774 predictis

354 1793 519 1858 monachis
533 1793 568 1858 in
586 1791 782 1857 escambium
804 1799 888 1855 terre
908 1792 995 1877 prati
1015 1799 1049 1856 et
1071 1799 1202 1877 pasture
1218 1813 1316 1878 quam
1337 1789 1461 1854 habue-

355 1903 431 1960 runt
446 1896 480 1960 in
496 1895 716 1962 Hurdesduna
730 1905 799 1972 etc,
815 1903 849 1959 et
865 1895 924 1960 heo
939 1895 1048 1960 omnia
1062 1895 1124 1982 ipsi
1139 1904 1173 1960 et
1194 1895 1328 1960 heredes
1348 1917 1460 1959 eorum

354 2000 609 2065 warentizabunt
639 2009 750 2065 contra
763 2079 766 2084 Ι
779 2023 890 2066 omnes
916 1999 1062 2066 homines
1087 2001 1227 2087 quodsi
1252 2000 1461 2065 warentizare

353 2127 418 2168 non
443 2113 598 2190 poterunt
627 2105 825 2170 escambium
849 2104 884 2168 in
906 2125 984 2170 com.
1009 2105 1109 2170 Buck
1131 2105 1186 2170 uel
1209 2104 1311 2170 Oxon.
1333 2103 1376 2169 ad
1402 2127 1460 2168 ua-

353 2208 490 2273 lenciem
513 2209 560 2274 eis
582 2209 715 2286 dabunt,
736 2217 770 2273 et
790 2207 850 2272 hac
872 2207 998 2273 racione
1022 2208 1107 2293 petit
1129 2208 1216 2272 idem
1239 2207 1351 2273 Abbas
1373 2209 1460 2293 quod

353 2313 452 2399 Hugo
481 2313 512 2377 ei
541 2312 728 2378 warentizet
749 2311 753 2398 Ι
772 2321 807 2377 et
836 2311 896 2378 hec
925 2313 1052 2378 racione
1082 2313 1159 2399 quia
1187 2313 1258 2399 ipse
1293 2322 1329 2378 et
1358 2313 1460 2400 Hugo

352 2415 474 2480 habent
489 2417 687 2482 escambium
702 2417 737 2481 in
753 2417 988 2482 Humtesduna

416 2521 460 2586 Et
487 2523 586 2610 Hugo
616 2522 708 2588 uenit
738 2530 772 2587 et
802 2521 949 2587 concedit
963 2521 1065 2608 ,quod
1091 2531 1141 2586 est
1170 2522 1266 2608 plene
1295 2521 1394 2587 etatis
1423 2530 1459 2586 et

350 2625 513 2712 cognoscit
538 2633 660 2690 cartam
690 2635 724 2690 et
753 2625 833 2690 dicit
859 2624 946 2711 quod
975 2647 1039 2689 non
1069 2625 1168 2690 debet
1193 2625 1224 2690 ei
1250 2625 1458 2690 warentizare

350 2729 427 2813 quia
449 2729 548 2793 nichil
570 2728 670 2793 habet
692 2728 733 2792 de
756 2727 937 2793 hereditate
960 2727 1097 2813 predicti
1119 2727 1243 2792 Albrici
1263 2735 1298 2792 et
1317 2727 1458 2792 Isabelle

349 2831 384 2896 in
406 2831 559 2917 predictis
580 2832 788 2898 comitatibus
810 2841 845 2898 et
864 2833 947 2898 bene
969 2831 1050 2896 dicit
1067 2831 1153 2917 quod
1175 2831 1275 2896 nichil
1295 2831 1395 2896 babet
1415 2831 1456 2897 de

350 2935 509 3000 escambio
527 2945 561 3002 et
581 2959 646 3000 non
667 2935 788 3002 dedicit
810 2936 861 3001 ius
885 2935 986 3022 ipsius
1008 2935 1147 3001 Isabelle
1170 2935 1270 3000 immo
1293 2937 1458 3023 cognoscit

349 3040 401 3106 ius
415 3041 525 3127 ipsius
558 3125 563 3135 ⁵

415 3145 459 3208 Et
473 3145 585 3210 Abbas
607 3143 788 3231 dicitquod
807 3145 907 3232 Hugo
929 3144 1029 3210 babet
1051 3143 1189 3210 tercium
1211 3143 1400 3209 denarium⁸
1414 3144 1456 3210 de

348 3247 506 3312 comitatu
522 3249 647 3314 Oxonie
662 3257 696 3313 et
716 3249 795 3314 satis
815 3248 915 3314 habet
935 3249 1022 3314 unde
1037 3249 1225 3315 warentizet
1244 3249 1280 3314 in
1296 3250 1455 3315 comitatu

349 3351 473 3416 Kancie
493 3352 569 3418 licet
589 3352 623 3416 in
639 3353 795 3417 comitatu
812 3352 936 3418 Oxonie
952 3352 1052 3418 nichil
1070 3353 1198 3432 habeat,
1214 3361 1248 3419 et
1267 3353 1347 3418 dicit
1368 3355 1456 3440 quod

349 3455 522 3522 Comitissa
532 3455 632 3521 habet
647 3456 853 3533 escambium,
869 3465 903 3521 et
918 3457 1003 3543 petit
1017 3457 1181 3523 iudicium
1222 3457 1265 3522 Et
1281 3457 1457 3524 Comitissa

347 3558 504 3635 similiter,
516 3567 551 3622 et
562 3558 641 3624 dicit
657 3559 742 3645 quod
758 3559 858 3625 nichil
873 3560 973 3625 habet
987 3560 1028 3625 de
1043 3560 1212 3638 escambio,
1223 3568 1258 3626 et
1273 3559 1363 3647 quin⁴
1378 3585 1453 3626 oon-

347 3663 471 3728 tinetur
492 3662 527 3727 in
547 3671 636 3728 carta
655 3663 779 3729 Albrici
794 3664 834 3728 de
854 3665 919 3729 Ver
939 3673 974 3730 et
994 3665 1132 3731 Isebelle
1152 3666 1261 3731 uxoris
1281 3666 1351 3731 eius
1366 3667 1454 3752 quod

345 3765 505 3830 dederunt
521 3774 639 3831 terram
655 3766 695 3831 de
705 3766 896 3833 Weucdune
909 3767 944 3832 in
960 3767 1157 3833 escambium
1173 3776 1258 3833 terre
1270 3769 1310 3834 de
1321 3769 1453 3834 Hildes-

345 3877 427 3934 tuna
438 3869 516 3956 quia
527 3879 613 3936 terra
622 3870 775 3936 Walteri⁵
786 3871 827 3936 de
840 3873 979 3938 Bolebeo
990 3880 1171 3938 antecessor
1182 3873 1284 3959 ipsius
1299 3873 1452 3961 Hugonis

376 4067 468 4116 ¹Itarl
490 4067 519 4116 ol
545 4067 650 4131 Orlord,
679 4067 728 4119 but
755 4073 803 4119 not
829 4074 872 4132 yet
955 4069 1038 4119 ⁸The
1055 4069 1126 4119 third
1142 4072 1201 4132 part
1218 4069 1248 4119 ol
1263 4068 1307 4120 the
1320 4071 1455 4132 profitsol

344 4131 435 4184 belted.
922 4135 967 4185 the
979 4135 1048 4184 shira
1059 4133 1143 4184 which
1155 4134 1261 4197 belongs
1273 4139 1300 4184 to
1311 4135 1356 4185 the
1368 4135 1442 4186 nul.

377 4197 475 4247 ²(lorr.
492 4199 551 4261 ipsi.
585 4197 636 4249 But
659 4199 800 4264 seemingly
817 4199 870 4250 this
954 4201 1030 4263 ‘Qu
1050 4201 1077 4248 Is
1093 4199 1147 4248 thie
1163 4203 1222 4262 part
1239 4200 1268 4250 of
1288 4199 1333 4250 the
1348 4201 1407 4264 plea
1425 4203 1455 4251 of

344 4261 455 4314 Isabella
472 4261 503 4312 de
519 4263 629 4312 Bolebeo
645 4279 697 4313 wne
714 4265 772 4314 wile
788 4266 816 4315 of
834 4281 869 4315 en
921 4264 965 4315 the
974 4266 1120 4315 muntem?
1153 4265 1269 4328 Perhaps
1280 4269 1342 4328 quic
1355 4265 1452 4326 should

343 4327 407 4377 Earl
423 4327 529 4389 Robert,
549 4327 650 4391 Hugh’e
667 4329 759 4390 lether,
779 4333 825 4380 not
843 4331 870 4380 ol
920 4329 951 4380 be
964 4331 1082 4380 omitted.

344 4408 396 4456 any
407 4392 588 4455 Earlhubrey.
617 4394 868 4458 Howeverthelegel
952 4395 963 4428 ⁸
985 4396 1055 4446 Gorr.
1087 4411 1163 4460 qoem
1191 4402 1284 4445 terram
1313 4397 1447 4450 warenn.

343 4459 418 4521 point
429 4458 451 4506 ie
464 4457 523 4507 that
540 4457 585 4507 the
601 4457 664 4508 deod
681 4459 709 4508 ol
725 4475 741 4510 e
757 4461 868 4510 married
919 4460 1017 4510 Walter
1039 4461 1071 4510 de
1091 4460 1202 4510 Bolebeo
1224 4476 1278 4511 was
1299 4461 1406 4512 brother
1422 4465 1454 4514 of

343 4538 445 4574 woman
456 4523 518 4574 does
529 4527 575 4573 not
587 4523 650 4573 bird
660 4523 715 4573 her.
919 4525 1046 4576 Countees
1058 4526 1178 4576 lsabelle.
