<?xml version="1.0" encoding="UTF-8"?>
<!DOCTYPE html PUBLIC "-//W3C//DTD XHTML 1.0 Transitional//EN"
    "http://www.w3.org/TR/xhtml1/DTD/xhtml1-transitional.dtd">
<html xmlns="http://www.w3.org/1999/xhtml" xml:lang="en" lang="en">
 <head>
  <title>
</title>
<meta http-equiv="Content-Type" content="text/html;charset=utf-8" />
  <meta name='ocr-system' content='tesseract 3.04.00' />
  <meta name='ocr-capabilities' content='ocr_page ocr_carea ocr_par ocr_line ocrx_word'/>
</head>
<body>
  <div class='ocr_page' id='page_1' title='image "./bractonsnoteboo04bracgoog_0519.png"; bbox 0 0 3360 5236; ppageno 0'>
   <div class='ocr_carea' id='block_1_1' title="bbox 413 423 1307 500">
    <p class='ocr_par' dir='ltr' id='par_1_1' title="bbox 413 423 1307 500">
     <span class='ocr_line' id='line_1_1' title="bbox 413 423 1307 500; baseline -0.002 -12"><span class='ocrx_word' id='word_1_1' title='bbox 413 437 734 500; x_wconf 67' lang='lat' dir='ltr'><strong>stannaturam.</strong></span> <span class='ocrx_word' id='word_1_2' title='bbox 761 423 855 497; x_wconf 80' lang='lat'>1231,</span> <span class='ocrx_word' id='word_1_3' title='bbox 877 436 939 486; x_wconf 74' lang='lat' dir='ltr'><strong>na.</strong></span> <span class='ocrx_word' id='word_1_4' title='bbox 964 425 1100 488; x_wconf 85' lang='lat'>15—16.</span> <span class='ocrx_word' id='word_1_5' title='bbox 1247 427 1307 487; x_wconf 84' lang='lat'><strong>511</strong></span> 
     </span>
    </p>
   </div>
   <div class='ocr_carea' id='block_1_2' title="bbox 149 601 1475 3986">
    <p class='ocr_par' dir='ltr' id='par_1_2' title="bbox 200 601 1475 2552">
     <span class='ocr_line' id='line_1_2' title="bbox 202 601 1312 693; baseline -0.002 -22"><span class='ocrx_word' id='word_1_6' title='bbox 202 615 283 693; x_wconf 89' lang='lat' dir='ltr'><strong>port.</strong></span> <span class='ocrx_word' id='word_1_7' title='bbox 303 606 338 670; x_wconf 92' lang='lat' dir='ltr'><strong>in</strong></span> <span class='ocrx_word' id='word_1_8' title='bbox 359 604 571 691; x_wconf 85' lang='lat' dir='ltr'><strong>Wilingham‚</strong></span> <span class='ocrx_word' id='word_1_9' title='bbox 592 613 626 668; x_wconf 91' lang='lat' dir='ltr'><strong>et</strong></span> <span class='ocrx_word' id='word_1_10' title='bbox 648 625 762 667; x_wconf 88' lang='lat' dir='ltr'><strong>uersus</strong></span> <span class='ocrx_word' id='word_1_11' title='bbox 782 601 985 668; x_wconf 89' lang='lat' dir='ltr'><strong>Willelmum</strong></span> <span class='ocrx_word' id='word_1_12' title='bbox 1009 603 1115 667; x_wconf 78' lang='lat' dir='ltr'><strong>filium</strong></span> <span class='ocrx_word' id='word_1_13' title='bbox 1137 603 1257 691; x_wconf 83' lang='lat' dir='ltr'><strong>Rogeri</strong></span> <span class='ocrx_word' id='word_1_14' title='bbox 1279 605 1312 690; x_wconf 89' lang='lat' dir='ltr'><strong>ij</strong></span> 
     </span>
     <span class='ocr_line' id='line_1_3' title="bbox 201 704 1311 792; baseline -0.003 -18"><span class='ocrx_word' id='word_1_15' title='bbox 201 731 263 774; x_wconf 84' lang='lat' dir='ltr'><strong>aer.</strong></span> <span class='ocrx_word' id='word_1_16' title='bbox 286 717 372 773; x_wconf 81' lang='lat' dir='ltr'><strong>terre</strong></span> <span class='ocrx_word' id='word_1_17' title='bbox 394 730 469 772; x_wconf 91' lang='lat' dir='ltr'><strong>cum</strong></span> <span class='ocrx_word' id='word_1_18' title='bbox 490 713 572 792; x_wconf 89' lang='lat' dir='ltr'><strong>pert.</strong></span> <span class='ocrx_word' id='word_1_19' title='bbox 587 705 624 769; x_wconf 92' lang='lat' dir='ltr'><strong>in</strong></span> <span class='ocrx_word' id='word_1_20' title='bbox 646 705 827 768; x_wconf 89' lang='lat' dir='ltr'><strong>Karletona</strong></span> <span class='ocrx_word' id='word_1_21' title='bbox 848 713 883 769; x_wconf 92' lang='lat' dir='ltr'><strong>et</strong></span> <span class='ocrx_word' id='word_1_22' title='bbox 901 704 926 790; x_wconf 90' lang='lat' dir='ltr'><strong>j.</strong></span> <span class='ocrx_word' id='word_1_23' title='bbox 941 727 1005 770; x_wconf 87' lang='lat' dir='ltr'><strong>aer.</strong></span> <span class='ocrx_word' id='word_1_24' title='bbox 1028 713 1113 770; x_wconf 90' lang='lat' dir='ltr'><strong>terre</strong></span> <span class='ocrx_word' id='word_1_25' title='bbox 1133 728 1208 770; x_wconf 89' lang='lat' dir='ltr'><strong>cum</strong></span> <span class='ocrx_word' id='word_1_26' title='bbox 1230 715 1311 792; x_wconf 86' lang='lat' dir='ltr'><strong>pert.</strong></span> 
     </span>
     <span class='ocr_line' id='line_1_4' title="bbox 201 808 1433 899; baseline -0.007 -21"><span class='ocrx_word' id='word_1_27' title='bbox 201 814 235 878; x_wconf 91' lang='lat' dir='ltr'><strong>in</strong></span> <span class='ocrx_word' id='word_1_28' title='bbox 256 811 262 899; x_wconf 87' lang='grc' dir='ltr'>Ι</span> <span class='ocrx_word' id='word_1_29' title='bbox 279 813 439 876; x_wconf 86' lang='lat' dir='ltr'><strong>Westona</strong></span> <span class='ocrx_word' id='word_1_30' title='bbox 460 819 495 876; x_wconf 92' lang='lat' dir='ltr'><strong>et</strong></span> <span class='ocrx_word' id='word_1_31' title='bbox 517 832 631 874; x_wconf 88' lang='lat' dir='ltr'><strong>uersus</strong></span> <span class='ocrx_word' id='word_1_32' title='bbox 649 809 853 874; x_wconf 85' lang='lat' dir='ltr'><strong>Willelrnum</strong></span> <span class='ocrx_word' id='word_1_33' title='bbox 875 808 980 872; x_wconf 89' lang='lat' dir='ltr'><strong>filiurn</strong></span> <span class='ocrx_word' id='word_1_34' title='bbox 996 809 1128 873; x_wconf 85' lang='lat' dir='ltr'><strong>Ricardi</strong></span> <span class='ocrx_word' id='word_1_35' title='bbox 1147 809 1229 874; x_wconf 86' lang='lat' dir='ltr'><strong>duas</strong></span> <span class='ocrx_word' id='word_1_36' title='bbox 1251 831 1312 875; x_wconf 86' lang='lat' dir='ltr'><strong>acr.</strong></span> <span class='ocrx_word' id='word_1_37' title='bbox 1368 820 1433 870; x_wconf 65' lang='grc' dir='ltr'>[ιιι]</span> 
     </span>
     <span class='ocr_line' id='line_1_5' title="bbox 202 909 1313 1000; baseline -0.001 -19"><span class='ocrx_word' id='word_1_38' title='bbox 202 925 287 981; x_wconf 86' lang='lat' dir='ltr'><strong>terre</strong></span> <span class='ocrx_word' id='word_1_39' title='bbox 306 939 381 980; x_wconf 89' lang='lat' dir='ltr'><strong>cum</strong></span> <span class='ocrx_word' id='word_1_40' title='bbox 401 921 483 1000; x_wconf 83' lang='lat' dir='ltr'><strong>pert</strong></span> <span class='ocrx_word' id='word_1_41' title='bbox 499 913 535 978; x_wconf 89' lang='lat' dir='ltr'><strong>in</strong></span> <span class='ocrx_word' id='word_1_42' title='bbox 550 909 752 998; x_wconf 89' lang='lat' dir='ltr'><strong>Wilingham</strong></span> <span class='ocrx_word' id='word_1_43' title='bbox 774 912 823 976; x_wconf 85' lang='lat' dir='ltr'><strong>ita</strong></span> <span class='ocrx_word' id='word_1_44' title='bbox 845 912 931 998; x_wconf 93' lang='lat' dir='ltr'><strong>quod</strong></span> <span class='ocrx_word' id='word_1_45' title='bbox 953 913 1092 998; x_wconf 79' lang='lat' dir='ltr'>predicti</span> <span class='ocrx_word' id='word_1_46' title='bbox 1114 914 1313 980; x_wconf 75' lang='lat' dir='ltr'><strong>laurencius</strong></span> 
     </span>
     <span class='ocr_line' id='line_1_6' title="bbox 201 1015 1312 1100; baseline -0.003 -17"><span class='ocrx_word' id='word_1_47' title='bbox 201 1019 315 1083; x_wconf 88' lang='lat' dir='ltr'><strong>etalii</strong></span> <span class='ocrx_word' id='word_1_48' title='bbox 335 1024 538 1082; x_wconf 87' lang='lat' dir='ltr'><strong>uocauerunt</strong></span> <span class='ocrx_word' id='word_1_49' title='bbox 559 1015 602 1080; x_wconf 91' lang='lat' dir='ltr'><strong>ad</strong></span> <span class='ocrx_word' id='word_1_50' title='bbox 623 1023 804 1079; x_wconf 77' lang='lat' dir='ltr'><strong>warantum</strong></span> <span class='ocrx_word' id='word_1_51' title='bbox 829 1015 1013 1100; x_wconf 91' lang='lat' dir='ltr'><strong>predictum</strong></span> <span class='ocrx_word' id='word_1_52' title='bbox 1038 1016 1223 1083; x_wconf 86' lang='lat' dir='ltr'><strong>Osbertum.</strong></span> <span class='ocrx_word' id='word_1_53' title='bbox 1268 1018 1312 1080; x_wconf 87' lang='lat' dir='ltr'><strong>Et</strong></span> 
     </span>
     <span class='ocr_line' id='line_1_7' title="bbox 201 1117 1312 1203; baseline -0.004 -16"><span class='ocrx_word' id='word_1_54' title='bbox 201 1122 362 1186; x_wconf 86' lang='lat' dir='ltr'><strong>Osbcrtns</strong></span> <span class='ocrx_word' id='word_1_55' title='bbox 384 1119 477 1184; x_wconf 87' lang='lat' dir='ltr'><strong>uenit</strong></span> <span class='ocrx_word' id='word_1_56' title='bbox 499 1126 534 1183; x_wconf 88' lang='lat' dir='ltr'><strong>et</strong></span> <span class='ocrx_word' id='word_1_57' title='bbox 556 1118 604 1182; x_wconf 89' lang='lat' dir='ltr'><strong>eis</strong></span> <span class='ocrx_word' id='word_1_58' title='bbox 624 1120 813 1182; x_wconf 79' lang='lat' dir='ltr'><strong>warentiaat</strong></span> <span class='ocrx_word' id='word_1_59' title='bbox 834 1125 895 1182; x_wconf 82' lang='lat' dir='ltr'><strong>etc.</strong></span> <span class='ocrx_word' id='word_1_60' title='bbox 940 1118 984 1182; x_wconf 86' lang='lat' dir='ltr'><strong>Et</strong></span> <span class='ocrx_word' id='word_1_61' title='bbox 1006 1117 1172 1203; x_wconf 89' lang='lat' dir='ltr'><strong>predictus</strong></span> <span class='ocrx_word' id='word_1_62' title='bbox 1186 1119 1312 1183; x_wconf 89' lang='lat' dir='ltr'><strong>Willel·</strong></span> 
     </span>
     <span class='ocr_line' id='line_1_8' title="bbox 202 1221 1313 1312; baseline -0.003 -21"><span class='ocrx_word' id='word_1_63' title='bbox 202 1249 275 1291; x_wconf 86' lang='lat' dir='ltr'><strong>mus</strong></span> <span class='ocrx_word' id='word_1_64' title='bbox 290 1225 377 1312; x_wconf 88' lang='lat' dir='ltr'><strong>petit</strong></span> <span class='ocrx_word' id='word_1_65' title='bbox 392 1246 505 1290; x_wconf 85' lang='lat' dir='ltr'><strong>uersus</strong></span> <span class='ocrx_word' id='word_1_66' title='bbox 519 1245 596 1288; x_wconf 92' lang='lat' dir='ltr'><strong>eum</strong></span> <span class='ocrx_word' id='word_1_67' title='bbox 611 1231 715 1286; x_wconf 87' lang='lat' dir='ltr'><strong>totam</strong></span> <span class='ocrx_word' id='word_1_68' title='bbox 735 1221 914 1308; x_wconf 79' lang='lat' dir='ltr'><strong>predictam</strong></span> <span class='ocrx_word' id='word_1_69' title='bbox 937 1230 1058 1286; x_wconf 83' lang='lat' dir='ltr'><strong>terram</strong></span> <span class='ocrx_word' id='word_1_70' title='bbox 1080 1245 1155 1287; x_wconf 90' lang='lat' dir='ltr'><strong>cum</strong></span> <span class='ocrx_word' id='word_1_71' title='bbox 1176 1231 1257 1308; x_wconf 78' lang='lat' dir='ltr'><strong>pert</strong></span> <span class='ocrx_word' id='word_1_72' title='bbox 1273 1231 1313 1288; x_wconf 90' lang='grc' dir='ltr'><strong>ιιι</strong></span> 
     </span>
     <span class='ocr_line' id='line_1_9' title="bbox 201 1324 1310 1412; baseline -0.004 -18"><span class='ocrx_word' id='word_1_73' title='bbox 201 1330 253 1394; x_wconf 89' lang='lat' dir='ltr'><strong>ius</strong></span> <span class='ocrx_word' id='word_1_74' title='bbox 267 1352 365 1394; x_wconf 87' lang='lat' dir='ltr'><strong>suum</strong></span> <span class='ocrx_word' id='word_1_75' title='bbox 381 1328 461 1393; x_wconf 88' lang='lat' dir='ltr'><strong>etin</strong></span> <span class='ocrx_word' id='word_1_76' title='bbox 477 1349 559 1412; x_wconf 89' lang='lat' dir='ltr'><strong>quas</strong></span> <span class='ocrx_word' id='word_1_77' title='bbox 572 1347 638 1390; x_wconf 90' lang='lat' dir='ltr'><strong>non</strong></span> <span class='ocrx_word' id='word_1_78' title='bbox 653 1325 753 1389; x_wconf 87' lang='lat' dir='ltr'><strong>habet</strong></span> <span class='ocrx_word' id='word_1_79' title='bbox 767 1324 949 1411; x_wconf 86' lang='lat' dir='ltr'><strong>ingressum</strong></span> <span class='ocrx_word' id='word_1_80' title='bbox 964 1324 1027 1388; x_wconf 86' lang='lat' dir='ltr'><strong>nisi</strong></span> <span class='ocrx_word' id='word_1_81' title='bbox 1042 1347 1100 1410; x_wconf 82' lang='lat' dir='ltr'><strong>per</strong></span> <span class='ocrx_word' id='word_1_82' title='bbox 1114 1325 1310 1390; x_wconf 85' lang='lat' dir='ltr'><strong>Nicholaum</strong></span> 
     </span>
     <span class='ocr_line' id='line_1_10' title="bbox 200 1428 1311 1520; baseline -0.004 -21"><span class='ocrx_word' id='word_1_83' title='bbox 200 1443 329 1520; x_wconf 80' lang='lat' dir='ltr'><strong>patrem</strong></span> <span class='ocrx_word' id='word_1_84' title='bbox 367 1431 483 1498; x_wconf 79' lang='grc' dir='ltr'><strong>ιιιιιιιιι</strong></span> <span class='ocrx_word' id='word_1_85' title='bbox 519 1431 573 1496; x_wconf 88' lang='lat' dir='ltr'><strong>oui</strong></span> <span class='ocrx_word' id='word_1_86' title='bbox 608 1432 709 1516; x_wconf 89' lang='lat' dir='ltr'><strong>Hugo</strong></span> <span class='ocrx_word' id='word_1_87' title='bbox 743 1437 837 1516; x_wconf 88' lang='lat' dir='ltr'><strong>pater</strong></span> <span class='ocrx_word' id='word_1_88' title='bbox 865 1428 965 1494; x_wconf 76' lang='lat' dir='ltr'><strong>suus&#39;</strong></span> <span class='ocrx_word' id='word_1_89' title='bbox 993 1429 1083 1494; x_wconf 87' lang='lat' dir='ltr'><strong>illam</strong></span> <span class='ocrx_word' id='word_1_90' title='bbox 1112 1429 1239 1494; x_wconf 78' lang='lat' dir='ltr'><strong>dimisit</strong></span> <span class='ocrx_word' id='word_1_91' title='bbox 1269 1431 1311 1495; x_wconf 90' lang='lat' dir='ltr'><strong>ad</strong></span> 
     </span>
     <span class='ocr_line' id='line_1_11' title="bbox 201 1530 1311 1620; baseline -0.002 -20"><span class='ocrx_word' id='word_1_92' title='bbox 201 1536 380 1602; x_wconf 88' lang='lat' dir='ltr'><strong>terminum</strong></span> <span class='ocrx_word' id='word_1_93' title='bbox 403 1534 460 1620; x_wconf 91' lang='lat' dir='ltr'><strong>qui</strong></span> <span class='ocrx_word' id='word_1_94' title='bbox 481 1532 640 1619; x_wconf 78' lang='lat' dir='ltr'><strong>preteriit,</strong></span> <span class='ocrx_word' id='word_1_95' title='bbox 655 1540 690 1597; x_wconf 92' lang='lat' dir='ltr'><strong>et</strong></span> <span class='ocrx_word' id='word_1_96' title='bbox 704 1532 792 1596; x_wconf 88' lang='lat' dir='ltr'><strong>unde</strong></span> <span class='ocrx_word' id='word_1_97' title='bbox 812 1530 899 1596; x_wconf 91' lang='lat' dir='ltr'><strong>idem</strong></span> <span class='ocrx_word' id='word_1_98' title='bbox 916 1531 1100 1596; x_wconf 86' lang='lat' dir='ltr'><strong>Willelmus</strong></span> <span class='ocrx_word' id='word_1_99' title='bbox 1122 1531 1202 1598; x_wconf 87' lang='lat' dir='ltr'><strong>dicit</strong></span> <span class='ocrx_word' id='word_1_100' title='bbox 1224 1533 1311 1619; x_wconf 88' lang='lat' dir='ltr'><strong>quod</strong></span> 
     </span>
     <span class='ocr_line' id='line_1_12' title="bbox 201 1634 1311 1724; baseline -0.002 -20"><span class='ocrx_word' id='word_1_101' title='bbox 201 1639 315 1704; x_wconf 88' lang='lat' dir='ltr'><strong>statim</strong></span> <span class='ocrx_word' id='word_1_102' title='bbox 330 1645 503 1724; x_wconf 88' lang='lat' dir='ltr'><strong>postquam</strong></span> <span class='ocrx_word' id='word_1_103' title='bbox 520 1637 591 1700; x_wconf 78' lang='lat' dir='ltr'><strong>Rex</strong></span> <span class='ocrx_word' id='word_1_104' title='bbox 607 1635 765 1700; x_wconf 88' lang='lat' dir='ltr'><strong>Ricardus</strong></span> <span class='ocrx_word' id='word_1_105' title='bbox 780 1634 874 1699; x_wconf 91' lang='lat' dir='ltr'><strong>uenit</strong></span> <span class='ocrx_word' id='word_1_106' title='bbox 889 1634 930 1698; x_wconf 88' lang='lat' dir='ltr'><strong>de</strong></span> <span class='ocrx_word' id='word_1_107' title='bbox 945 1635 1161 1700; x_wconf 83' lang='lat' dir='ltr'><strong>Alemannia⁸</strong></span> <span class='ocrx_word' id='word_1_108' title='bbox 1175 1637 1311 1702; x_wconf 81' lang='lat' dir='ltr'><strong>tradidit</strong></span> 
     </span>
     <span class='ocr_line' id='line_1_13' title="bbox 201 1737 1444 1847; baseline -0.006 -39"><span class='ocrx_word' id='word_1_109' title='bbox 201 1744 270 1830; x_wconf 89' lang='lat' dir='ltr'><strong>ipse</strong></span> <span class='ocrx_word' id='word_1_110' title='bbox 283 1743 384 1830; x_wconf 86' lang='lat' dir='ltr'><strong>Hugo</strong></span> <span class='ocrx_word' id='word_1_111' title='bbox 398 1750 493 1828; x_wconf 87' lang='lat' dir='ltr'><strong>pater</strong></span> <span class='ocrx_word' id='word_1_112' title='bbox 507 1762 585 1805; x_wconf 88' lang='lat' dir='ltr'><strong>suus</strong></span> <span class='ocrx_word' id='word_1_113' title='bbox 600 1748 721 1804; x_wconf 85' lang='lat' dir='ltr'><strong>terram</strong></span> <span class='ocrx_word' id='word_1_114' title='bbox 737 1739 827 1804; x_wconf 90' lang='lat' dir='ltr'><strong>illam</strong></span> <span class='ocrx_word' id='word_1_115' title='bbox 839 1739 903 1825; x_wconf 91' lang='lat' dir='ltr'><strong>ipsi</strong></span> <span class='ocrx_word' id='word_1_116' title='bbox 914 1737 1072 1804; x_wconf 86' lang='lat' dir='ltr'><strong>Nicholao</strong></span> <span class='ocrx_word' id='word_1_117' title='bbox 1082 1740 1126 1805; x_wconf 89' lang='lat' dir='ltr'><strong>ad</strong></span> <span class='ocrx_word' id='word_1_118' title='bbox 1134 1740 1310 1806; x_wconf 90' lang='lat' dir='ltr'><strong>terminum</strong></span> <span class='ocrx_word' id='word_1_119' title='bbox 1324 1761 1380 1800; x_wconf 78' lang='lat' dir='ltr'><strong>noa</strong></span> <span class='ocrx_word' id='word_1_120' title='bbox 1388 1761 1444 1847; x_wconf 50' lang='lat' dir='ltr'><strong>aar</strong></span> 
     </span>
     <span class='ocr_line' id='line_1_14' title="bbox 202 1813 1475 1941; baseline -0.003 -28"><span class='ocrx_word' id='word_1_121' title='bbox 202 1872 253 1912; x_wconf 84' lang='lat' dir='ltr'><strong>xx.</strong></span> <span class='ocrx_word' id='word_1_122' title='bbox 268 1870 437 1922; x_wconf 88' lang='lat' dir='ltr'><strong>annorum,</strong></span> <span class='ocrx_word' id='word_1_123' title='bbox 452 1855 486 1910; x_wconf 93' lang='lat' dir='ltr'><strong>et</strong></span> <span class='ocrx_word' id='word_1_124' title='bbox 501 1845 577 1910; x_wconf 90' lang='lat' dir='ltr'><strong>inde</strong></span> <span class='ocrx_word' id='word_1_125' title='bbox 593 1844 742 1930; x_wconf 84' lang='lat' dir='ltr'><strong>producit</strong></span> <span class='ocrx_word' id='word_1_126' title='bbox 757 1852 879 1908; x_wconf 92' lang='lat' dir='ltr'><strong>sectam</strong></span> <span class='ocrx_word' id='word_1_127' title='bbox 897 1851 949 1908; x_wconf 86' lang='lat' dir='ltr'><strong>set</strong></span> <span class='ocrx_word' id='word_1_128' title='bbox 967 1853 1057 1909; x_wconf 86' lang='lat' dir='ltr'><strong>secta</strong></span> <span class='ocrx_word' id='word_1_129' title='bbox 1078 1866 1141 1931; x_wconf 88' lang='lat' dir='ltr'><strong>que</strong></span> <span class='ocrx_word' id='word_1_130' title='bbox 1162 1844 1310 1931; x_wconf 91' lang='lat' dir='ltr'><strong>produci·</strong></span> <span class='ocrx_word' id='word_1_131' title='bbox 1323 1813 1475 1941; x_wconf 52' lang='lat' dir='ltr'><strong>ffipffi</strong></span> 
     </span>
     <span class='ocr_line' id='line_1_15' title="bbox 202 1945 1473 2034; baseline -0.002 -18"><span class='ocrx_word' id='word_1_132' title='bbox 202 1963 257 2016; x_wconf 89' lang='lat' dir='ltr'><strong>tur</strong></span> <span class='ocrx_word' id='word_1_133' title='bbox 278 1973 344 2016; x_wconf 90' lang='lat' dir='ltr'><strong>non</strong></span> <span class='ocrx_word' id='word_1_134' title='bbox 366 1949 517 2014; x_wconf 71' lang='lat' dir='ltr'><strong>interfuit</strong></span> <span class='ocrx_word' id='word_1_135' title='bbox 539 1947 711 2012; x_wconf 88' lang='lat' dir='ltr'><strong>tradicioni</strong></span> <span class='ocrx_word' id='word_1_136' title='bbox 731 1969 791 2010; x_wconf 85' lang='lat' dir='ltr'><strong>nec</strong></span> <span class='ocrx_word' id='word_1_137' title='bbox 813 1945 938 2031; x_wconf 84' lang='lat' dir='ltr'><strong>aliquid</strong></span> <span class='ocrx_word' id='word_1_138' title='bbox 958 1947 1177 2012; x_wconf 86' lang='lat' dir='ltr'><strong>testificantur</strong></span> <span class='ocrx_word' id='word_1_139' title='bbox 1191 1949 1255 2014; x_wconf 90' lang='lat' dir='ltr'><strong>nisi</strong></span> <span class='ocrx_word' id='word_1_140' title='bbox 1269 1949 1310 2014; x_wconf 89' lang='lat' dir='ltr'><strong>de</strong></span> <span class='ocrx_word' id='word_1_141' title='bbox 1323 1948 1473 2034; x_wconf 56' lang='lat' dir='ltr'><strong>’ffssgfflt</strong></span> 
     </span>
     <span class='ocr_line' id='line_1_16' title="bbox 202 2041 1465 2135; baseline -0.002 -15"><span class='ocrx_word' id='word_1_142' title='bbox 202 2055 328 2120; x_wconf 85' lang='lat' dir='ltr'><strong>auditu.</strong></span> <span class='ocrx_word' id='word_1_143' title='bbox 374 2054 419 2118; x_wconf 86' lang='lat' dir='ltr'><strong>Et</strong></span> <span class='ocrx_word' id='word_1_144' title='bbox 441 2052 600 2118; x_wconf 88' lang='lat' dir='ltr'><strong>Osbertus</strong></span> <span class='ocrx_word' id='word_1_145' title='bbox 622 2050 715 2115; x_wconf 90' lang='lat' dir='ltr'><strong>uenit</strong></span> <span class='ocrx_word' id='word_1_146' title='bbox 737 2059 772 2114; x_wconf 92' lang='lat' dir='ltr'><strong>et</strong></span> <span class='ocrx_word' id='word_1_147' title='bbox 793 2049 980 2135; x_wconf 88' lang='lat' dir='ltr'><strong>dicitquod</strong></span> <span class='ocrx_word' id='word_1_148' title='bbox 994 2050 1071 2115; x_wconf 89' lang='lat' dir='ltr'><strong>inde</strong></span> <span class='ocrx_word' id='word_1_149' title='bbox 1087 2052 1237 2117; x_wconf 84' lang='lat' dir='ltr'><strong>feoffatus</strong></span> <span class='ocrx_word' id='word_1_150' title='bbox 1250 2061 1308 2118; x_wconf 87' lang='lat' dir='ltr'><strong>est</strong></span> <span class='ocrx_word' id='word_1_151' title='bbox 1322 2041 1465 2129; x_wconf 52' lang='lat' dir='ltr'><strong>„ddss‘iQ</strong></span> 
     </span>
     <span class='ocr_line' id='line_1_17' title="bbox 203 2154 1310 2241; baseline -0.002 -17"><span class='ocrx_word' id='word_1_152' title='bbox 203 2159 281 2224; x_wconf 87' lang='lat' dir='ltr'><strong>Post</strong></span> <span class='ocrx_word' id='word_1_153' title='bbox 295 2158 390 2223; x_wconf 91' lang='lat' dir='ltr'><strong>uenit</strong></span> <span class='ocrx_word' id='word_1_154' title='bbox 404 2165 439 2222; x_wconf 92' lang='lat' dir='ltr'><strong>et</strong></span> <span class='ocrx_word' id='word_1_155' title='bbox 453 2156 534 2221; x_wconf 91' lang='lat' dir='ltr'><strong>dicit</strong></span> <span class='ocrx_word' id='word_1_156' title='bbox 549 2155 636 2241; x_wconf 90' lang='lat' dir='ltr'><strong>quod</strong></span> <span class='ocrx_word' id='word_1_157' title='bbox 650 2162 744 2220; x_wconf 88' lang='lat' dir='ltr'><strong>tenet</strong></span> <span class='ocrx_word' id='word_1_158' title='bbox 758 2161 879 2218; x_wconf 85' lang='lat' dir='ltr'><strong>terram</strong></span> <span class='ocrx_word' id='word_1_159' title='bbox 899 2154 989 2218; x_wconf 87' lang='lat' dir='ltr'><strong>illam</strong></span> <span class='ocrx_word' id='word_1_160' title='bbox 1009 2155 1052 2219; x_wconf 89' lang='lat' dir='ltr'><strong>ad</strong></span> <span class='ocrx_word' id='word_1_161' title='bbox 1074 2154 1199 2220; x_wconf 88' lang='lat' dir='ltr'><strong>firmam</strong></span> <span class='ocrx_word' id='word_1_162' title='bbox 1223 2155 1310 2222; x_wconf 89' lang='lat' dir='ltr'><strong>unde</strong></span> 
     </span>
     <span class='ocr_line' id='line_1_18' title="bbox 203 2258 1309 2345; baseline -0.003 -18"><span class='ocrx_word' id='word_1_163' title='bbox 203 2263 362 2327; x_wconf 88' lang='lat' dir='ltr'><strong>terminus</strong></span> <span class='ocrx_word' id='word_1_164' title='bbox 391 2260 488 2324; x_wconf 84' lang='lat' dir='ltr'><strong>durat</strong></span> <span class='ocrx_word' id='word_1_165' title='bbox 517 2258 623 2324; x_wconf 87' lang='lat' dir='ltr'><strong>adhuc</strong></span> <span class='ocrx_word' id='word_1_166' title='bbox 649 2281 701 2322; x_wconf 84' lang='lat' dir='ltr'><strong>xx.</strong></span> <span class='ocrx_word' id='word_1_167' title='bbox 728 2277 829 2320; x_wconf 87' lang='lat' dir='ltr'><strong>annos</strong></span> <span class='ocrx_word' id='word_1_168' title='bbox 854 2277 913 2342; x_wconf 90' lang='lat' dir='ltr'><strong>per</strong></span> <span class='ocrx_word' id='word_1_169' title='bbox 938 2265 1060 2322; x_wconf 86' lang='lat' dir='ltr'><strong>cartam</strong></span> <span class='ocrx_word' id='word_1_170' title='bbox 1089 2279 1182 2323; x_wconf 82' lang='lat' dir='ltr'><strong>suam</strong></span> <span class='ocrx_word' id='word_1_171' title='bbox 1211 2281 1309 2345; x_wconf 87' lang='lat' dir='ltr'><strong>quam</strong></span> 
     </span>
     <span class='ocr_line' id='line_1_19' title="bbox 203 2368 616 2454; baseline -0.01 -23"><span class='ocrx_word' id='word_1_172' title='bbox 203 2368 324 2454; x_wconf 89' lang='lat' dir='ltr'><strong>profert</strong></span> <span class='ocrx_word' id='word_1_173' title='bbox 339 2373 373 2430; x_wconf 90' lang='lat' dir='ltr'><strong>et</strong></span> <span class='ocrx_word' id='word_1_174' title='bbox 388 2386 451 2450; x_wconf 89' lang='lat' dir='ltr'><strong>que</strong></span> <span class='ocrx_word' id='word_1_175' title='bbox 466 2372 616 2428; x_wconf 85' lang='lat' dir='ltr'><strong>testatur.</strong></span> 
     </span>
     <span class='ocr_line' id='line_1_20' title="bbox 268 2464 1309 2552; baseline -0.001 -18"><span class='ocrx_word' id='word_1_176' title='bbox 268 2471 312 2534; x_wconf 89' lang='lat' dir='ltr'><strong>Et</strong></span> <span class='ocrx_word' id='word_1_177' title='bbox 321 2468 505 2534; x_wconf 86' lang='lat' dir='ltr'><strong>Willehnus</strong></span> <span class='ocrx_word' id='word_1_178' title='bbox 519 2467 600 2532; x_wconf 92' lang='lat' dir='ltr'><strong>dicit</strong></span> <span class='ocrx_word' id='word_1_179' title='bbox 615 2464 701 2552; x_wconf 91' lang='lat' dir='ltr'><strong>quod</strong></span> <span class='ocrx_word' id='word_1_180' title='bbox 716 2473 810 2551; x_wconf 85' lang='lat' dir='ltr'><strong>pater</strong></span> <span class='ocrx_word' id='word_1_181' title='bbox 823 2487 901 2530; x_wconf 86' lang='lat' dir='ltr'><strong>auus</strong></span> <span class='ocrx_word' id='word_1_182' title='bbox 916 2487 1083 2551; x_wconf 89' lang='lat' dir='ltr'><strong>nunquam</strong></span> <span class='ocrx_word' id='word_1_183' title='bbox 1098 2467 1175 2531; x_wconf 83' lang='lat' dir='ltr'><strong>fecit</strong></span> <span class='ocrx_word' id='word_1_184' title='bbox 1186 2477 1309 2533; x_wconf 88' lang='lat' dir='ltr'><strong>cartam</strong></span> 
     </span>
    </p>

    <p class='ocr_par' dir='ltr' id='par_1_3' title="bbox 202 2567 1310 2951">
     <span class='ocr_line' id='line_1_21' title="bbox 202 2567 1310 2640; baseline -0.005 0"><span class='ocrx_word' id='word_1_185' title='bbox 202 2575 293 2640; x_wconf 90' lang='lat' dir='ltr'><strong>illam</strong></span> <span class='ocrx_word' id='word_1_186' title='bbox 314 2581 365 2638; x_wconf 89' lang='lat' dir='ltr'><strong>set</strong></span> <span class='ocrx_word' id='word_1_187' title='bbox 387 2572 484 2636; x_wconf 88' lang='lat' dir='ltr'><strong>aliam</strong></span> <span class='ocrx_word' id='word_1_188' title='bbox 507 2570 538 2634; x_wconf 91' lang='lat' dir='ltr'><strong>ei</strong></span> <span class='ocrx_word' id='word_1_189' title='bbox 559 2567 638 2634; x_wconf 83' lang='lat' dir='ltr'><strong>fecit</strong></span> <span class='ocrx_word' id='word_1_190' title='bbox 659 2567 700 2633; x_wconf 93' lang='lat' dir='ltr'><strong>de</strong></span> <span class='ocrx_word' id='word_1_191' title='bbox 721 2577 808 2633; x_wconf 89' lang='lat' dir='ltr'><strong>terra</strong></span> <span class='ocrx_word' id='word_1_192' title='bbox 824 2569 882 2633; x_wconf 89' lang='lat' dir='ltr'><strong>illa</strong></span> <span class='ocrx_word' id='word_1_193' title='bbox 895 2568 938 2632; x_wconf 82' lang='lat' dir='ltr'><strong>ed</strong></span> <span class='ocrx_word' id='word_1_194' title='bbox 952 2569 1077 2633; x_wconf 85' lang='lat' dir='ltr'><strong>firmam</strong></span> <span class='ocrx_word' id='word_1_195' title='bbox 1093 2578 1128 2634; x_wconf 88' lang='lat' dir='ltr'><strong>et</strong></span> <span class='ocrx_word' id='word_1_196' title='bbox 1142 2569 1184 2634; x_wconf 87' lang='lat' dir='ltr'><strong>ad</strong></span> <span class='ocrx_word' id='word_1_197' title='bbox 1199 2571 1310 2635; x_wconf 91' lang='lat' dir='ltr'><strong>termi-</strong></span> 
     </span>
     <span class='ocr_line' id='line_1_22' title="bbox 203 2672 1309 2762; baseline -0.004 -18"><span class='ocrx_word' id='word_1_198' title='bbox 203 2701 283 2744; x_wconf 90' lang='lat' dir='ltr'><strong>num</strong></span> <span class='ocrx_word' id='word_1_199' title='bbox 309 2675 368 2762; x_wconf 91' lang='lat' dir='ltr'><strong>qni</strong></span> <span class='ocrx_word' id='word_1_200' title='bbox 392 2673 542 2761; x_wconf 87' lang='lat' dir='ltr'><strong>preteriit</strong></span> <span class='ocrx_word' id='word_1_201' title='bbox 567 2681 618 2738; x_wconf 82' lang='lat' dir='ltr'><strong>set</strong></span> <span class='ocrx_word' id='word_1_202' title='bbox 646 2672 770 2737; x_wconf 87' lang='lat' dir='ltr'><strong>nullam</strong></span> <span class='ocrx_word' id='word_1_203' title='bbox 800 2679 923 2736; x_wconf 87' lang='lat' dir='ltr'><strong>cartam</strong></span> <span class='ocrx_word' id='word_1_204' title='bbox 952 2673 1095 2738; x_wconf 79' lang='lat' dir='ltr'><strong>ostendit</strong></span> <span class='ocrx_word' id='word_1_205' title='bbox 1124 2697 1183 2739; x_wconf 89' lang='lat' dir='ltr'><strong>nec</strong></span> <span class='ocrx_word' id='word_1_206' title='bbox 1212 2676 1309 2740; x_wconf 83' lang='lat' dir='ltr'><strong>aliam</strong></span> 
     </span>
     <span class='ocr_line' id='line_1_23' title="bbox 203 2775 1309 2862; baseline -0.004 -15"><span class='ocrx_word' id='word_1_207' title='bbox 203 2782 332 2847; x_wconf 89' lang='lat' dir='ltr'><strong>dedicit.</strong></span> <span class='ocrx_word' id='word_1_208' title='bbox 379 2780 422 2844; x_wconf 86' lang='lat' dir='ltr'><strong>Et</strong></span> <span class='ocrx_word' id='word_1_209' title='bbox 437 2779 510 2843; x_wconf 88' lang='lat' dir='ltr'><strong>ideo</strong></span> <span class='ocrx_word' id='word_1_210' title='bbox 526 2775 775 2844; x_wconf 68' lang='lat' dir='ltr'><strong>consideratum</strong></span> <span class='ocrx_word' id='word_1_211' title='bbox 790 2776 942 2862; x_wconf 86' lang='lat' dir='ltr'><strong>estquod</strong></span> <span class='ocrx_word' id='word_1_212' title='bbox 963 2777 1120 2842; x_wconf 88' lang='lat' dir='ltr'><strong>Osbertus</strong></span> <span class='ocrx_word' id='word_1_213' title='bbox 1141 2777 1217 2842; x_wconf 90' lang='lat' dir='ltr'><strong>inde</strong></span> <span class='ocrx_word' id='word_1_214' title='bbox 1239 2778 1309 2843; x_wconf 88' lang='lat' dir='ltr'><strong>sine</strong></span> 
     </span>
     <span class='ocr_line' id='line_1_24' title="bbox 202 2879 795 2951; baseline -0.013 0"><span class='ocrx_word' id='word_1_215' title='bbox 202 2886 255 2951; x_wconf 90' lang='lat' dir='ltr'><strong>die</strong></span> <span class='ocrx_word' id='word_1_216' title='bbox 270 2893 306 2950; x_wconf 87' lang='lat' dir='ltr'><strong>et</strong></span> <span class='ocrx_word' id='word_1_217' title='bbox 320 2883 505 2948; x_wconf 83' lang='lat' dir='ltr'><strong>Willelmus</strong></span> <span class='ocrx_word' id='word_1_218' title='bbox 519 2880 555 2944; x_wconf 91' lang='lat' dir='ltr'><strong>in</strong></span> <span class='ocrx_word' id='word_1_219' title='bbox 569 2879 795 2944; x_wconf 87' lang='lat' dir='ltr'><strong>misericordia.</strong></span> 
     </span>
    </p>

    <p class='ocr_par' dir='ltr' id='par_1_4' title="bbox 149 2983 1401 3900">
     <span class='ocr_line' id='line_1_25' title="bbox 149 2983 1308 3075; baseline -0.004 -21"><span class='ocrx_word' id='word_1_220' title='bbox 149 3057 155 3071; x_wconf 67' lang='grc'><strong>,</strong></span> <span class='ocrx_word' id='word_1_221' title='bbox 268 2989 415 3075; x_wconf 83' lang='lat' dir='ltr'><strong>Rogems</strong></span> <span class='ocrx_word' id='word_1_222' title='bbox 430 2983 470 3050; x_wconf 92' lang='lat' dir='ltr'><strong>de</strong></span> <span class='ocrx_word' id='word_1_223' title='bbox 487 2985 519 3048; x_wconf 86' lang='lat' dir='ltr'><strong>la</strong></span> <span class='ocrx_word' id='word_1_224' title='bbox 532 2983 657 3048; x_wconf 87' lang='lat' dir='ltr'><strong>Zusche</strong></span> <span class='ocrx_word' id='word_1_225' title='bbox 672 2983 758 3069; x_wconf 90' lang='lat' dir='ltr'><strong>petit</strong></span> <span class='ocrx_word' id='word_1_226' title='bbox 778 3005 892 3048; x_wconf 86' lang='lat' dir='ltr'><strong>uersus</strong></span> <span class='ocrx_word' id='word_1_227' title='bbox 909 2983 1118 3047; x_wconf 89' lang='lat' dir='ltr'><strong>Petronillam</strong></span> <span class='ocrx_word' id='word_1_228' title='bbox 1133 2984 1174 3048; x_wconf 93' lang='lat' dir='ltr'><strong>de</strong></span> <span class='ocrx_word' id='word_1_229' title='bbox 1190 2983 1308 3070; x_wconf 84' lang='lat' dir='ltr'><strong>Wyne-</strong></span> 
     </span>
     <span class='ocr_line' id='line_1_26' title="bbox 203 3086 1309 3183; baseline -0.006 -24"><span class='ocrx_word' id='word_1_230' title='bbox 203 3094 301 3183; x_wconf 83' lang='lat' dir='ltr'><strong>legha</strong></span> <span class='ocrx_word' id='word_1_231' title='bbox 329 3089 416 3178; x_wconf 90' lang='lat' dir='ltr'><strong>quod</strong></span> <span class='ocrx_word' id='word_1_232' title='bbox 441 3089 539 3153; x_wconf 83' lang='lat' dir='ltr'><strong>faciat</strong></span> <span class='ocrx_word' id='word_1_233' title='bbox 568 3087 600 3152; x_wconf 88' lang='lat' dir='ltr'><strong>ei</strong></span> <span class='ocrx_word' id='word_1_234' title='bbox 630 3087 881 3152; x_wconf 87' lang='lat' dir='ltr'><strong>consuetudines</strong></span> <span class='ocrx_word' id='word_1_235' title='bbox 909 3095 943 3152; x_wconf 88' lang='lat' dir='ltr'><strong>et</strong></span> <span class='ocrx_word' id='word_1_236' title='bbox 968 3095 1057 3152; x_wconf 86' lang='lat' dir='ltr'><strong>recta</strong></span> <span class='ocrx_word' id='word_1_237' title='bbox 1084 3086 1221 3152; x_wconf 82' lang='lat' dir='ltr'><strong>senricia</strong></span> <span class='ocrx_word' id='word_1_238' title='bbox 1245 3109 1309 3173; x_wconf 91' lang='lat' dir='ltr'><strong>que</strong></span> 
     </span>
     <span class='ocr_line' id='line_1_27' title="bbox 203 3191 1309 3278; baseline -0.007 -14"><span class='ocrx_word' id='word_1_239' title='bbox 203 3200 235 3264; x_wconf 91' lang='lat' dir='ltr'><strong>ei</strong></span> <span class='ocrx_word' id='word_1_240' title='bbox 259 3197 364 3263; x_wconf 80' lang='lat' dir='ltr'><strong>facere</strong></span> <span class='ocrx_word' id='word_1_241' title='bbox 388 3194 488 3259; x_wconf 89' lang='lat' dir='ltr'><strong>debet</strong></span> <span class='ocrx_word' id='word_1_242' title='bbox 513 3194 554 3258; x_wconf 89' lang='lat' dir='ltr'><strong>de</strong></span> <span class='ocrx_word' id='word_1_243' title='bbox 578 3192 679 3257; x_wconf 88' lang='lat' dir='ltr'><strong>libero</strong></span> <span class='ocrx_word' id='word_1_244' title='bbox 703 3201 892 3258; x_wconf 86' lang='lat' dir='ltr'><strong>tenemento</strong></span> <span class='ocrx_word' id='word_1_245' title='bbox 915 3192 1001 3278; x_wconf 88' lang='lat' dir='ltr'><strong>quod</strong></span> <span class='ocrx_word' id='word_1_246' title='bbox 1026 3191 1066 3255; x_wconf 92' lang='lat' dir='ltr'><strong>de</strong></span> <span class='ocrx_word' id='word_1_247' title='bbox 1093 3213 1131 3255; x_wconf 90' lang='lat' dir='ltr'><strong>eo</strong></span> <span class='ocrx_word' id='word_1_248' title='bbox 1156 3199 1249 3256; x_wconf 89' lang='lat' dir='ltr'><strong>tenet</strong></span> <span class='ocrx_word' id='word_1_249' title='bbox 1274 3193 1309 3256; x_wconf 90' lang='lat' dir='ltr'><strong>in</strong></span> 
     </span>
     <span class='ocr_line' id='line_1_28' title="bbox 204 3293 1309 3388; baseline -0.006 -21"><span class='ocrx_word' id='word_1_250' title='bbox 204 3301 425 3388; x_wconf 87' lang='lat' dir='ltr'><strong>Grotingtuna</strong></span> <span class='ocrx_word' id='word_1_251' title='bbox 450 3305 484 3361; x_wconf 91' lang='lat' dir='ltr'><strong>et</strong></span> <span class='ocrx_word' id='word_1_252' title='bbox 514 3296 601 3361; x_wconf 90' lang='lat' dir='ltr'><strong>unde</strong></span> <span class='ocrx_word' id='word_1_253' title='bbox 631 3295 719 3360; x_wconf 89' lang='lat' dir='ltr'><strong>idem</strong></span> <span class='ocrx_word' id='word_1_254' title='bbox 748 3295 894 3380; x_wconf 84' lang='lat' dir='ltr'><strong>Rogems</strong></span> <span class='ocrx_word' id='word_1_255' title='bbox 922 3293 1007 3380; x_wconf 88' lang='lat' dir='ltr'><strong>petit</strong></span> <span class='ocrx_word' id='word_1_256' title='bbox 1037 3293 1123 3379; x_wconf 88' lang='lat' dir='ltr'><strong>quod</strong></span> <span class='ocrx_word' id='word_1_257' title='bbox 1151 3295 1249 3360; x_wconf 83' lang='lat' dir='ltr'><strong>faciat</strong></span> <span class='ocrx_word' id='word_1_258' title='bbox 1278 3296 1309 3360; x_wconf 89' lang='lat' dir='ltr'><strong>ei</strong></span> 
     </span>
     <span class='ocr_line' id='line_1_29' title="bbox 202 3395 1401 3489; baseline -0.005 -20"><span class='ocrx_word' id='word_1_259' title='bbox 202 3403 377 3472; x_wconf 83' lang='lat' dir='ltr'><strong>seruicium</strong></span> <span class='ocrx_word' id='word_1_260' title='bbox 391 3408 507 3489; x_wconf 85' lang='lat' dir='ltr'><strong>quarte</strong></span> <span class='ocrx_word' id='word_1_261' title='bbox 522 3399 625 3486; x_wconf 84' lang='lat' dir='ltr'><strong>partis</strong></span> <span class='ocrx_word' id='word_1_262' title='bbox 640 3399 725 3463; x_wconf 75' lang='lat' dir='ltr'><strong>feodi</strong></span> <span class='ocrx_word' id='word_1_263' title='bbox 742 3398 766 3483; x_wconf 89' lang='lat' dir='ltr'><strong>j.</strong></span> <span class='ocrx_word' id='word_1_264' title='bbox 782 3397 897 3461; x_wconf 86' lang='lat' dir='ltr'><strong>militia</strong></span> <span class='ocrx_word' id='word_1_265' title='bbox 911 3405 945 3460; x_wconf 88' lang='lat' dir='ltr'><strong>et</strong></span> <span class='ocrx_word' id='word_1_266' title='bbox 961 3395 1047 3460; x_wconf 89' lang='lat' dir='ltr'><strong>unde</strong></span> <span class='ocrx_word' id='word_1_267' title='bbox 1063 3397 1210 3482; x_wconf 85' lang='lat' dir='ltr'><strong>queritur</strong></span> <span class='ocrx_word' id='word_1_268' title='bbox 1224 3399 1310 3484; x_wconf 92' lang='lat' dir='ltr'><strong>quod</strong></span> <span class='ocrx_word' id='word_1_269' title='bbox 1398 3433 1401 3440; x_wconf 87' lang='lat'><strong>.</strong></span> 
     </span>
     <span class='ocr_line' id='line_1_30' title="bbox 202 3500 1310 3597; baseline -0.005 -24"><span class='ocrx_word' id='word_1_270' title='bbox 202 3517 276 3597; x_wconf 87' lang='lat' dir='ltr'><strong>post</strong></span> <span class='ocrx_word' id='word_1_271' title='bbox 305 3505 521 3572; x_wconf 69' lang='lat' dir='ltr'><strong>obseaeionem</strong></span> <span class='ocrx_word' id='word_1_272' title='bbox 550 3503 648 3568; x_wconf 79' lang='lat' dir='ltr'><strong>castri</strong></span> <span class='ocrx_word' id='word_1_273' title='bbox 677 3503 718 3567; x_wconf 85' lang='lat' dir='ltr'><strong>de</strong></span> <span class='ocrx_word' id='word_1_274' title='bbox 747 3500 958 3567; x_wconf 72' lang='lat' dir='ltr'><strong>Bedefordia⁸</strong></span> <span class='ocrx_word' id='word_1_275' title='bbox 987 3501 1150 3566; x_wconf 86' lang='lat' dir='ltr'><strong>subtraxit</strong></span> <span class='ocrx_word' id='word_1_276' title='bbox 1179 3503 1251 3588; x_wconf 89' lang='lat' dir='ltr'><strong>ipsa</strong></span> <span class='ocrx_word' id='word_1_277' title='bbox 1278 3504 1310 3568; x_wconf 89' lang='lat' dir='ltr'><strong>ei</strong></span> 
     </span>
     <span class='ocr_line' id='line_1_31' title="bbox 202 3603 1308 3698; baseline -0.005 -22"><span class='ocrx_word' id='word_1_278' title='bbox 202 3611 386 3698; x_wconf 89' lang='lat' dir='ltr'><strong>predictum</strong></span> <span class='ocrx_word' id='word_1_279' title='bbox 407 3607 582 3673; x_wconf 89' lang='lat' dir='ltr'><strong>seruicium</strong></span> <span class='ocrx_word' id='word_1_280' title='bbox 604 3616 719 3692; x_wconf 86' lang='lat' dir='ltr'><strong>quarte</strong></span> <span class='ocrx_word' id='word_1_281' title='bbox 741 3605 845 3690; x_wconf 79' lang='lat' dir='ltr'><strong>partis</strong></span> <span class='ocrx_word' id='word_1_282' title='bbox 862 3605 886 3690; x_wconf 88' lang='lat' dir='ltr'><strong>j.</strong></span> <span class='ocrx_word' id='word_1_283' title='bbox 901 3603 1017 3668; x_wconf 87' lang='lat' dir='ltr'><strong>militis</strong></span> <span class='ocrx_word' id='word_1_284' title='bbox 1030 3603 1095 3668; x_wconf 89' lang='lat' dir='ltr'><strong>scil.</strong></span> <span class='ocrx_word' id='word_1_285' title='bbox 1112 3604 1152 3669; x_wconf 92' lang='lat' dir='ltr'><strong>de</strong></span> <span class='ocrx_word' id='word_1_286' title='bbox 1168 3605 1308 3692; x_wconf 85' lang='lat' dir='ltr'><strong>Mungu-</strong></span> 
     </span>
     <span class='ocr_line' id='line_1_32' title="bbox 202 3705 1308 3798; baseline -0.005 -20"><span class='ocrx_word' id='word_1_287' title='bbox 202 3712 313 3798; x_wconf 78' lang='lat' dir='ltr'><strong>mery⁶</strong></span> <span class='ocrx_word' id='word_1_288' title='bbox 342 3707 528 3794; x_wconf 73' lang='lat' dir='ltr'><strong>scutagium</strong></span> <span class='ocrx_word' id='word_1_289' title='bbox 558 3720 673 3792; x_wconf 85' lang='lat' dir='ltr'><strong>quarte</strong></span> <span class='ocrx_word' id='word_1_290' title='bbox 703 3706 805 3792; x_wconf 89' lang='lat' dir='ltr'><strong>partis</strong></span> <span class='ocrx_word' id='word_1_291' title='bbox 835 3714 869 3769; x_wconf 90' lang='lat' dir='ltr'><strong>et</strong></span> <span class='ocrx_word' id='word_1_292' title='bbox 899 3705 1084 3790; x_wconf 86' lang='lat' dir='ltr'><strong>scutagium</strong></span> <span class='ocrx_word' id='word_1_293' title='bbox 1120 3707 1308 3773; x_wconf 61' lang='lat' dir='ltr'><strong>Britannia*</strong></span> 
     </span>
     <span class='ocr_line' id='line_1_33' title="bbox 202 3807 866 3900; baseline -0.012 -18"><span class='ocrx_word' id='word_1_294' title='bbox 202 3825 237 3882; x_wconf 88' lang='lat' dir='ltr'><strong>et</strong></span> <span class='ocrx_word' id='word_1_295' title='bbox 259 3812 443 3900; x_wconf 88' lang='lat' dir='ltr'><strong>scutagium</strong></span> <span class='ocrx_word' id='word_1_296' title='bbox 465 3811 507 3876; x_wconf 92' lang='lat' dir='ltr'><strong>de</strong></span> <span class='ocrx_word' id='word_1_297' title='bbox 530 3810 645 3876; x_wconf 81' lang='lat' dir='ltr'><strong>Castm</strong></span> <span class='ocrx_word' id='word_1_298' title='bbox 668 3807 866 3874; x_wconf 80' lang='lat' dir='ltr'><strong>Matiltidis⁸.</strong></span> 
     </span>
    </p>

    <p class='ocr_par' dir='ltr' id='par_1_5' title="bbox 267 3910 1365 3986">
     <span class='ocr_line' id='line_1_34' title="bbox 267 3910 1365 3986; baseline -0.003 -3"><span class='ocrx_word' id='word_1_299' title='bbox 267 3919 313 3984; x_wconf 89' lang='lat' dir='ltr'><strong>Et</strong></span> <span class='ocrx_word' id='word_1_300' title='bbox 334 3913 512 3981; x_wconf 87' lang='lat' dir='ltr'><strong>Petronilla</strong></span> <span class='ocrx_word' id='word_1_301' title='bbox 533 3912 626 3977; x_wconf 88' lang='lat' dir='ltr'><strong>uenit</strong></span> <span class='ocrx_word' id='word_1_302' title='bbox 648 3919 682 3975; x_wconf 90' lang='lat' dir='ltr'><strong>et</strong></span> <span class='ocrx_word' id='word_1_303' title='bbox 704 3910 851 3975; x_wconf 84' lang='lat' dir='ltr'><strong>defendit</strong></span> <span class='ocrx_word' id='word_1_304' title='bbox 873 3911 942 3974; x_wconf 89' lang='lat' dir='ltr'><strong>uim</strong></span> <span class='ocrx_word' id='word_1_305' title='bbox 963 3919 997 3975; x_wconf 89' lang='lat' dir='ltr'><strong>et</strong></span> <span class='ocrx_word' id='word_1_306' title='bbox 1012 3910 1165 3976; x_wconf 86' lang='lat' dir='ltr'><strong>iniuriam</strong></span> <span class='ocrx_word' id='word_1_307' title='bbox 1180 3921 1214 3977; x_wconf 89' lang='lat' dir='ltr'><strong>et</strong></span> <span class='ocrx_word' id='word_1_308' title='bbox 1228 3913 1309 3980; x_wconf 92' lang='lat' dir='ltr'><strong>dicit</strong></span> <span class='ocrx_word' id='word_1_309' title='bbox 1362 3979 1365 3986; x_wconf 86' lang='grc'>,</span> 
     </span>
    </p>
   </div>
   <div class='ocr_carea' id='block_1_3' title="bbox 234 4045 1308 4104">
    <p class='ocr_par' dir='ltr' id='par_1_6' title="bbox 234 4045 1308 4104">
     <span class='ocr_line' id='line_1_35' title="bbox 234 4045 1308 4104; baseline 0.011 -14"><span class='ocrx_word' id='word_1_310' title='bbox 234 4057 244 4090; x_wconf 91' lang='grc' dir='ltr'><strong>ι</strong></span> <span class='ocrx_word' id='word_1_311' title='bbox 260 4055 358 4104; x_wconf 57' lang='lat' dir='ltr'><strong>pm</strong></span> <span class='ocrx_word' id='word_1_312' title='bbox 368 4050 507 4102; x_wconf 66' lang='lat' dir='ltr'><strong>ofoshert,</strong></span> <span class='ocrx_word' id='word_1_313' title='bbox 812 4047 823 4079; x_wconf 77' lang='lat'>⁵</span> <span class='ocrx_word' id='word_1_314' title='bbox 839 4045 972 4098; x_wconf 80' lang='lat' dir='ltr'><strong>Rebellicn</strong></span> <span class='ocrx_word' id='word_1_315' title='bbox 989 4047 1019 4097; x_wconf 82' lang='grc' dir='ltr'><strong>οι</strong></span> <span class='ocrx_word' id='word_1_316' title='bbox 1033 4047 1138 4098; x_wconf 74' lang='lat' dir='ltr'><strong>Faukss</strong></span> <span class='ocrx_word' id='word_1_317' title='bbox 1155 4049 1184 4098; x_wconf 76' lang='lat' dir='ltr'><strong>of</strong></span> <span class='ocrx_word' id='word_1_318' title='bbox 1198 4049 1308 4102; x_wconf 75' lang='lat' dir='ltr'><strong>Breautt</strong></span> 
     </span>
    </p>
   </div>
   <div class='ocr_carea' id='block_1_4' title="bbox 234 4114 1198 4240">
    <p class='ocr_par' dir='ltr' id='par_1_7' title="bbox 234 4114 1198 4240">
     <span class='ocr_line' id='line_1_36' title="bbox 234 4114 1163 4172; baseline 0.003 -3"><span class='ocrx_word' id='word_1_319' title='bbox 234 4122 246 4154; x_wconf 75' lang='lat'>⁸</span> <span class='ocrx_word' id='word_1_320' title='bbox 262 4119 358 4170; x_wconf 84' lang='lat' dir='ltr'><strong>Father</strong></span> <span class='ocrx_word' id='word_1_321' title='bbox 369 4118 397 4167; x_wconf 80' lang='lat' dir='ltr'><strong>of</strong></span> <span class='ocrx_word' id='word_1_322' title='bbox 406 4115 530 4168; x_wconf 71' lang='lat' dir='ltr'><strong>william</strong></span> <span class='ocrx_word' id='word_1_323' title='bbox 781 4114 854 4162; x_wconf 75' lang='lat'>1224.</span> <span class='ocrx_word' id='word_1_324' title='bbox 1160 4167 1163 4172; x_wconf 92' lang='lat'>.</span> 
     </span>
     <span class='ocr_line' id='line_1_37' title="bbox 234 4175 1198 4240; baseline 0.008 -20"><span class='ocrx_word' id='word_1_325' title='bbox 234 4187 245 4220; x_wconf 81' lang='grc' dir='ltr'><strong>ι</strong></span> <span class='ocrx_word' id='word_1_326' title='bbox 261 4201 312 4236; x_wconf 58' lang='grc' dir='ltr'><strong>Μ),</strong></span> <span class='ocrx_word' id='word_1_327' title='bbox 327 4185 399 4234; x_wconf 77' lang='lat'><strong>119⁴.</strong></span> <span class='ocrx_word' id='word_1_328' title='bbox 812 4179 824 4211; x_wconf 70' lang='grc' dir='ltr'><strong>θ</strong></span> <span class='ocrx_word' id='word_1_329' title='bbox 839 4177 927 4226; x_wconf 84' lang='lat' dir='ltr'><strong>Weleh</strong></span> <span class='ocrx_word' id='word_1_330' title='bbox 939 4175 1075 4240; x_wconf 81' lang='lat' dir='ltr'><strong>campaign</strong></span> <span class='ocrx_word' id='word_1_331' title='bbox 1087 4177 1114 4226; x_wconf 86' lang='grc' dir='ltr'><strong>οι</strong></span> <span class='ocrx_word' id='word_1_332' title='bbox 1126 4179 1198 4230; x_wconf 76' lang='grc'><strong>1228.</strong></span> 
     </span>
    </p>
   </div>
   <div class='ocr_carea' id='block_1_5' title="bbox 202 4241 1307 4510">
    <p class='ocr_par' dir='ltr' id='par_1_8' title="bbox 202 4241 1307 4510">
     <span class='ocr_line' id='line_1_38' title="bbox 235 4241 1121 4305; baseline -0.009 -5"><span class='ocrx_word' id='word_1_333' title='bbox 235 4254 246 4284; x_wconf 87' lang='lat'><strong>⁴</strong></span> <span class='ocrx_word' id='word_1_334' title='bbox 262 4251 327 4300; x_wconf 85' lang='lat' dir='ltr'><strong>This</strong></span> <span class='ocrx_word' id='word_1_335' title='bbox 337 4249 361 4297; x_wconf 85' lang='lat' dir='ltr'><strong>is</strong></span> <span class='ocrx_word' id='word_1_336' title='bbox 372 4245 490 4296; x_wconf 86' lang='lat' dir='ltr'><strong>valnabla</strong></span> <span class='ocrx_word' id='word_1_337' title='bbox 501 4259 531 4294; x_wconf 85' lang='lat' dir='ltr'><strong>as</strong></span> <span class='ocrx_word' id='word_1_338' title='bbox 542 4242 658 4305; x_wconf 81' lang='lat' dir='ltr'><strong>showing</strong></span> <span class='ocrx_word' id='word_1_339' title='bbox 670 4241 729 4292; x_wconf 85' lang='lat' dir='ltr'><strong>that</strong></span> <span class='ocrx_word' id='word_1_340' title='bbox 811 4241 822 4275; x_wconf 83' lang='lat'>⁷</span> <span class='ocrx_word' id='word_1_341' title='bbox 839 4242 997 4305; x_wconf 81' lang='lat' dir='ltr'><strong>Expedition</strong></span> <span class='ocrx_word' id='word_1_342' title='bbox 1009 4243 1037 4291; x_wconf 87' lang='grc' dir='ltr'><strong>οι</strong></span> <span class='ocrx_word' id='word_1_343' title='bbox 1048 4244 1121 4292; x_wconf 77' lang='lat'><strong>1230.</strong></span> 
     </span>
     <span class='ocr_line' id='line_1_39' title="bbox 203 4306 1307 4372; baseline -0.006 -4"><span class='ocrx_word' id='word_1_344' title='bbox 203 4319 248 4368; x_wconf 84' lang='lat' dir='ltr'><strong>the</strong></span> <span class='ocrx_word' id='word_1_345' title='bbox 258 4315 356 4366; x_wconf 82' lang='lat' dir='ltr'><strong>euitare</strong></span> <span class='ocrx_word' id='word_1_346' title='bbox 366 4325 430 4362; x_wconf 77' lang='lat' dir='ltr'><strong>were</strong></span> <span class='ocrx_word' id='word_1_347' title='bbox 441 4309 563 4372; x_wconf 84' lang='lat' dir='ltr'><strong>expected</strong></span> <span class='ocrx_word' id='word_1_348' title='bbox 574 4313 602 4358; x_wconf 87' lang='lat' dir='ltr'><strong>to</strong></span> <span class='ocrx_word' id='word_1_349' title='bbox 613 4308 692 4370; x_wconf 83' lang='lat' dir='ltr'><strong>speak</strong></span> <span class='ocrx_word' id='word_1_350' title='bbox 702 4308 731 4358; x_wconf 80' lang='grc' dir='ltr'><strong>οι</strong></span> <span class='ocrx_word' id='word_1_351' title='bbox 811 4308 823 4340; x_wconf 84' lang='lat'>⁸</span> <span class='ocrx_word' id='word_1_352' title='bbox 839 4309 926 4358; x_wconf 83' lang='lat' dir='ltr'><strong>Gastle</strong></span> <span class='ocrx_word' id='word_1_353' title='bbox 947 4306 1027 4356; x_wconf 85' lang='lat' dir='ltr'><strong>Maud</strong></span> <span class='ocrx_word' id='word_1_354' title='bbox 1049 4307 1185 4371; x_wconf 79' lang='lat' dir='ltr'><strong>destroyed</strong></span> <span class='ocrx_word' id='word_1_355' title='bbox 1206 4310 1240 4372; x_wconf 85' lang='lat' dir='ltr'><strong>by</strong></span> <span class='ocrx_word' id='word_1_356' title='bbox 1262 4310 1307 4361; x_wconf 82' lang='lat' dir='ltr'><strong>the</strong></span> 
     </span>
     <span class='ocr_line' id='line_1_40' title="bbox 202 4371 1161 4435; baseline -0.008 -2"><span class='ocrx_word' id='word_1_357' title='bbox 202 4385 268 4433; x_wconf 80' lang='lat' dir='ltr'><strong>iacta</strong></span> <span class='ocrx_word' id='word_1_358' title='bbox 276 4377 369 4430; x_wconf 80' lang='lat' dir='ltr'><strong>within</strong></span> <span class='ocrx_word' id='word_1_359' title='bbox 377 4375 446 4426; x_wconf 87' lang='lat' dir='ltr'><strong>their</strong></span> <span class='ocrx_word' id='word_1_360' title='bbox 454 4373 615 4435; x_wconf 78' lang='lat' dir='ltr'><strong>knowledge;</strong></span> <span class='ocrx_word' id='word_1_361' title='bbox 634 4373 728 4423; x_wconf 82' lang='lat' dir='ltr'><strong>“hear-</strong></span> <span class='ocrx_word' id='word_1_362' title='bbox 779 4371 868 4422; x_wconf 81' lang='lat' dir='ltr'><strong>Welah</strong></span> <span class='ocrx_word' id='word_1_363' title='bbox 880 4387 932 4422; x_wconf 82' lang='lat' dir='ltr'><strong>was</strong></span> <span class='ocrx_word' id='word_1_364' title='bbox 944 4372 1038 4421; x_wconf 86' lang='lat' dir='ltr'><strong>rebuilt</strong></span> <span class='ocrx_word' id='word_1_365' title='bbox 1049 4371 1077 4422; x_wconf 86' lang='lat' dir='ltr'><strong>in</strong></span> <span class='ocrx_word' id='word_1_366' title='bbox 1091 4375 1161 4425; x_wconf 77' lang='lat'>1231.</span> 
     </span>
     <span class='ocr_line' id='line_1_41' title="bbox 204 4439 498 4510; baseline -0.037 -12"><span class='ocrx_word' id='word_1_367' title='bbox 204 4463 248 4510; x_wconf 79' lang='lat' dir='ltr'><strong>say</strong></span> <span class='ocrx_word' id='word_1_368' title='bbox 259 4447 282 4496; x_wconf 82' lang='lat' dir='ltr'><strong>ia</strong></span> <span class='ocrx_word' id='word_1_369' title='bbox 294 4449 341 4494; x_wconf 80' lang='lat' dir='ltr'><strong>not</strong></span> <span class='ocrx_word' id='word_1_370' title='bbox 352 4439 498 4492; x_wconf 82' lang='lat' dir='ltr'><strong>evidence.‘’</strong></span> 
     </span>
    </p>
   </div>
   <div class='ocr_carea' id='block_1_6' title="bbox 0 0 1684 5236">
    <p class='ocr_par' dir='ltr' id='par_1_9' title="bbox 0 0 1684 5236">
     <span class='ocr_line' id='line_1_42' title="bbox 0 0 1684 5236; baseline 0 0"><span class='ocrx_word' id='word_1_371' title='bbox 0 0 1684 5236; x_wconf 95' lang='lat' dir='ltr'><strong> </strong></span> 
     </span>
    </p>
   </div>
  </div>
 </body>
</html>
