3360 5236
354 441 417 508 572
650 452 791 514 sinsus,
813 451 876 500 an.
904 437 995 512 1233,
1018 451 1080 500 aa.
1106 435 1154 504 17.

353 629 530 695 terminum
552 637 592 695 ut
611 629 674 715 ipsi
694 627 852 694 Ricardus
870 637 905 694 et
920 628 1027 694 Alioia
1040 627 1155 694 dicunt
1170 627 1224 694 uel
1238 628 1267 694 si
1280 628 1462 716 ingressum

354 733 470 798 habuit
496 755 554 819 per
581 732 761 819 predictam
791 732 959 797 Mabiliam
989 731 1044 798 cui
1071 733 1234 798 Robertus
1262 740 1356 819 pater
1384 753 1463 797 suus

354 836 444 900 illam
459 835 550 900 dedit
566 835 600 900 in
616 835 824 920 maritagium
839 834 909 900 sine
927 834 1038 921 aliqua
1057 835 1175 900 seisina
1197 857 1293 922 quam
1316 833 1465 920 predicta

353 938 460 1003 Alicia
481 937 557 1002 inde
580 935 734 1002 haberet¹
755 936 842 1001 idem
858 936 1043 1001 Willelmus
1062 934 1143 1001 dicit
1163 945 1198 1002 et
1215 936 1463 1022 inquisicionem

235 1047 242 1058 '
353 1041 466 1106 uenire
482 1039 580 1105 facit¹
594 1039 628 1104 in
645 1039 715 1105 Oct.
732 1047 792 1104 eto.
808 1061 867 1125 per
881 1039 1008 1104 litteras
1023 1047 1058 1104 et
1072 1062 1131 1125 per
1145 1039 1225 1104 duos
1240 1048 1301 1106 etc.

297 1199 303 1212 .
418 1142 620 1208 'Willelmus
643 1142 760 1208 Comes
781 1141 822 1207 de
845 1142 1000 1208 Fenuriis'
1022 1143 1240 1208 summonitus
1259 1143 1323 1208 fuit
1340 1142 1382 1207 ad
1396 1164 1464 1206 res-

244 1260 266 1290 0‘
306 1277 312 1290 ·
352 1245 561 1334 pondendum
591 1245 757 1309 Willelmo
786 1245 924 1310 Telebot
952 1244 993 1310 de
1023 1245 1143 1331 placito
1173 1245 1261 1332 quod
1290 1245 1406 1310 reddat
1432 1244 1465 1310 ei

352 1349 532 1414 custodiam
554 1355 640 1412 terre
662 1369 725 1434 que
745 1348 749 1434 Ι
771 1347 834 1412 fuit
858 1346 993 1412 Roberti
1015 1347 1075 1412 filii
1096 1347 1262 1412 Wakelini
1283 1348 1319 1412 in
1340 1348 1465 1434 Eging-

353 1459 432 1516 tona
446 1472 509 1537 que
524 1449 566 1514 ad
581 1472 656 1514 eum
672 1449 815 1535 pertinet
831 1471 868 1512 eo
884 1448 970 1534 quod
985 1449 1150 1534 predictus
1165 1449 1327 1514 Robertus
1341 1458 1465 1515 terram

352 1556 442 1621 illam
458 1555 567 1620 tenuit
581 1555 616 1619 in
631 1553 776 1640 soccagio
791 1561 826 1618 et
841 1553 927 1640 quod
945 1553 1032 1618 idem
1048 1555 1233 1619 Willelmus
1255 1555 1467 1641 propinquior

353 1667 404 1725 est
426 1658 538 1723 heredi
559 1658 662 1743 ipsius
683 1657 819 1722 Roberti
834 1667 869 1722 et
884 1657 971 1722 unde
986 1657 1067 1722 dicit
1081 1658 1168 1744 quod
1183 1679 1242 1744 per
1255 1659 1315 1724 hoc
1330 1659 1417 1745 quod
1433 1659 1466 1724 ei

353 1763 508 1827 deforciat
523 1760 702 1826 custodiam
717 1760 807 1825 illam
826 1759 1042 1825 deterioratus
1056 1769 1107 1826 est
1121 1770 1156 1826 et
1170 1761 1348 1848 dampnum
1363 1762 1467 1827 habet

353 1865 395 1932 ad
409 1865 590 1930 ualenciam
605 1863 646 1928 xl.
664 1862 718 1927 sol.

419 1969 464 2033 Et
479 1966 662 2032 Willelmua
685 1965 801 2030 Comes
821 1987 880 2051 per
896 1973 1099 2030 attornatum
1115 1989 1209 2031 suum
1225 1967 1319 2032 uenit
1334 1976 1368 2032 et
1383 1967 1467 2032 dicit

354 2074 440 2161 quod
455 2096 519 2138 nou
534 2072 633 2136 debet
647 2069 689 2134 ad
704 2070 764 2134 hoc
778 2069 878 2134 breue
893 2069 1094 2155 respondere,
1106 2069 1184 2156 quia
1198 2069 1285 2136 idem
1301 2071 1467 2136 Robertus

355 2178 464 2262 plures
486 2173 602 2238 habuit
624 2181 726 2237 terras
745 2171 781 2236 in
802 2171 997 2258 Egingtona,
1011 2172 1076 2237 soil.
1093 2173 1256 2259 quandam
1271 2173 1306 2238 in
1320 2175 1468 2260 soocagio

356 2291 390 2346 et
417 2277 579 2366 quandam
603 2277 712 2342 tenuit
737 2299 796 2362 per
821 2275 993 2341 seruicium
1017 2276 1167 2352 militare,
1191 2286 1225 2342 et
1249 2277 1375 2342 desicut
1400 2301 1468 2342 non

356 2383 519 2470 specificat
535 2381 575 2445 de
591 2403 656 2466 qua
670 2390 757 2445 terra
771 2381 891 2445 clamat
906 2381 1085 2446 custodiam
1104 2382 1191 2468 petit
1208 2381 1366 2446 iudicium
1381 2381 1409 2446 si
1424 2381 1469 2446 ad

356 2487 417 2552 hoc
430 2486 530 2550 breue
546 2485 664 2550 debeat
679 2483 878 2570 respondere.
916 2484 1033 2548 Postea
1047 2493 1128 2570 aput
1139 2485 1468 2550 westmonasterium

356 2589 450 2654 uenit
474 2588 590 2654 Comes
612 2609 671 2672 per
693 2595 896 2651 attenuatum
919 2593 1019 2651 suum'
1038 2595 1073 2652 et
1094 2587 1175 2652 dicit
1197 2588 1284 2674 quod
1304 2597 1390 2652 term
1409 2588 1470 2652 illa

356 2695 444 2759 unde
458 2693 544 2759 idem
561 2693 746 2758 Willelmus
767 2691 948 2756 custodiam
965 2693 1051 2778 petit
1065 2693 1129 2756 fuit
1143 2693 1324 2778 soocagium
1339 2701 1373 2758 et
1388 2692 1470 2756 data

357 2798 421 2862 fuit
434 2797 470 2862 in
489 2797 699 2884 maritagium
720 2795 880 2884 Margerie
904 2795 1066 2881 quondam
1089 2794 1183 2859 uxori
1204 2795 1308 2881 ipsius
1329 2795 1469 2860 Roberti

357 2903 455 2969 sorori
477 2901 614 2989 predicti
630 2901 787 2965 Willelmi
810 2901 866 2986 qui
889 2899 1069 2964 custodiam
1091 2899 1186 2985 petit,
1200 2907 1235 2964 et
1255 2899 1382 2965 desicut
1396 2899 1468 2985 ipse

358 3017 408 3073 est
430 3005 639 3093 propinquior
660 3005 759 3096 matri
781 3005 874 3070 cuius
894 3004 1057 3069 hereditas
1071 3003 1129 3068 illa
1143 3003 1207 3068 luit
1221 3003 1277 3069 et⁴
1290 3003 1366 3069 inde
1380 3005 1470 3090 petit

357 3111 521 3176 iudicium.
751 3143 756 3154 ·

424 3213 468 3277 Et
493 3211 677 3276 Willelmus
706 3210 786 3276 dicit
812 3209 897 3298 quod
928 3210 1082 3296 quicquid
1111 3211 1277 3296 predictus
1304 3211 1469 3276 Robertus

359 3315 467 3380 tenuit
482 3314 516 3378 in
532 3313 676 3401 soccagio
690 3313 724 3378 in
740 3312 854 3378 eadem
869 3313 950 3377 uilla
967 3313 1031 3378 fuit
1050 3313 1102 3378 ius
1124 3322 1158 3379 et
1180 3313 1344 3379 hereditas
1365 3313 1470 3399 ipsius

359 3417 494 3484 Roberti
509 3425 543 3481 et
558 3416 712 3503 quicquid
727 3416 836 3481 tenuit
851 3439 909 3502 per
926 3417 1099 3481 samiolum
1122 3417 1262 3482 militare
1283 3417 1347 3482 fuit
1366 3417 1418 3481 ius
1432 3425 1469 3481 et

358 3521 566 3608 maritagium
588 3521 690 3606 ipsius
713 3521 881 3606 Margarie,
897 3529 931 3586 et
946 3521 1022 3586 inde
1038 3521 1131 3607 ponit
1146 3544 1180 3586 se
1200 3543 1298 3607 super
1318 3520 1467 3607 patriam.

359 3625 403 3690 Et
418 3625 535 3691 Comes
549 3623 704 3688 similiter.
751 3623 795 3687 Et
810 3623 882 3687 ideo
898 3631 1089 3709 preceptum
1107 3632 1157 3688 cst
1177 3623 1361 3688 uicecomiti
1380 3624 1470 3710 quod

358 3751 464 3795 coram
479 3751 518 3794 eo
533 3735 567 3792 et
587 3749 693 3792 coram
714 3728 903 3792 custodibus
924 3727 959 3791 in
981 3728 1077 3812 pleno
1099 3727 1257 3791 comitatu
1279 3735 1339 3791 etc
1355 3725 1468 3791 uenire

360 3833 457 3899 faciat
478 3832 533 3917 xij.
552 3832 592 3896 de
613 3831 741 3896 uisneto
763 3829 804 3894 de
828 3829 995 3916 Gingtona
1015 3829 1072 3916 qui
1094 3852 1154 3895 nec
1176 3829 1284 3916 ipsum
1306 3829 1469 3895 Comitem

359 3961 418 4004 neo
440 3936 622 4023 predictum
637 3935 839 4000 Willelmum
861 3934 972 4020 aliqua
992 3933 1152 3998 affinitate
1174 3935 1341 4021 attingunt
1361 3942 1396 3998 et
1410 3956 1471 4019 per

359 4063 470 4106 eorum
485 4047 723 4104 sacramentum
738 4045 797 4102 etc
814 4037 988 4124 diligenter
1007 4036 1151 4122 inquirat
1169 4059 1250 4124 quas
1264 4046 1366 4102 terras
1380 4037 1469 4102 idem

359 4143 521 4208 Robertus
543 4141 652 4206 tenuit
674 4141 708 4205 in
730 4139 877 4226 predicta
898 4141 986 4220 uilla,
1001 4150 1036 4205 et
1056 4163 1136 4227 quas
1156 4149 1191 4205 et
1206 4148 1345 4226 quantas
1360 4141 1470 4204 tenuit

393 4271 402 4304 ¹
420 4271 519 4334 Supply
529 4277 566 4320 ut.
937 4268 1015 4319 blood
1026 4269 1136 4319 relation
1148 4269 1177 4318 ol
1192 4268 1327 4331 Margery3
1344 4266 1390 4316 tha
1404 4266 1469 4317 land

393 4335 403 4368 ²
421 4337 489 4386 corr.
499 4337 593 4398 sociat.
941 4337 1010 4400 (says
1021 4334 1066 4384 the
1082 4335 1154 4400 Earl)
1172 4348 1227 4383 was
1244 4332 1385 4395 Margery’a
1400 4347 1468 4380 mar-

393 4401 403 4434 ³
420 4401 483 4450 This
494 4401 584 4450 caseis
595 4399 662 4448 Fitz.
676 4401 769 4458 Gurdo,
783 4401 838 4450 146.
938 4399 1008 4461 riage
1023 4399 1141 4462 portiom
1164 4399 1260 4448 Tslbot
1277 4397 1404 4448 therefore
1419 4411 1467 4447 can

393 4467 477 4516 ⁴0m.
497 4473 528 4514 et.
563 4465 679 4514 lt'illium
697 4465 886 4517 Talbotuasa
937 4464 1163 4526 notbeguardian
1175 4465 1204 4513 ol
1214 4465 1259 4514 tho
1269 4462 1332 4513 heir.
