3276 5234
504 457 732 520 61616616.
757 445 849 520 1227,
873 459 935 508 16.
961 448 1009 508 ll.
1244 448 1307 510 209

168 635 198 690 et
213 627 361 692 boscum
385 628 496 693 Dom.
522 631 622 716 Regis
637 629 693 715 qui
708 630 771 694 luit
786 631 906 694 foresta
927 651 994 705 sua,
1009 637 1043 694 et
1059 629 1100 693 ad
1116 630 1309 715 petitionem

170 751 258 794 suam
283 731 382 796 facta
412 731 488 796 fuit
519 732 757 818 perambulatio
786 755 845 818 per
873 755 971 819 quam
1001 733 1115 797 boscus
1145 733 1309 818 predictus

172 843 202 898 et
222 843 371 920 paetura
394 845 636 902 remanserunt
665 837 758 902 Dom.
784 837 875 924 Regi
922 839 965 902 Et
993 836 1082 902 idem
1112 838 1206 902 Dom.
1237 838 1308 902 Rex

174 949 286 1024 postea
299 940 454 1005 boscum
469 941 568 1006 illum
584 941 673 1006 dedit
688 941 794 1006 eidem
809 941 941 1007 Abbati
987 942 1030 1006 Et
1045 943 1166 1027 profert
1186 951 1308 1007 cartam

179 1043 271 1107 Dom.
284 1044 320 1109 J.
343 1044 459 1130 Regis
483 1045 605 1109 factam
625 1052 699 1130 post
720 1045 956 1130 cyrographum
978 1043 1060 1109 illud
1082 1067 1145 1130 qne
1168 1053 1310 1111 testatur

182 1145 266 1230 quod
280 1145 468 1211 lohannes
484 1146 557 1211 Rex
571 1146 662 1211 dedit
677 1155 711 1210 et
725 1147 930 1211 confirmauit
944 1146 1069 1211 Abbati
1084 1155 1117 1212 et
1132 1149 1309 1215 conuentui

184 1248 338 1312 81116116
360 1249 407 1313 de
430 1249 579 1314 Eboraeo
599 1257 703 1312 161616
720 1249 852 1313 boscum
871 1271 946 1313 cum
962 1248 1136 1326 forestaria,
1150 1256 1184 1314 et
1204 1257 1308 1314 totam

184 1361 305 1415 1611616
321 1351 424 1416 illam
439 1351 484 1416 ab
503 1373 588 1436 aqua
607 1351 713 1428 Duue,
728 1373 830 1437 usque
850 1351 892 1416 ad
908 1373 1026 1436 aquam
1042 1373 1105 1437 que
1125 1352 1310 1437 appellatur

186 1453 311 1518 Siuena
336 1453 375 1516 in
401 1453 582 1518 latitudine
602 1461 636 1516 61
657 1453 693 1517 16
713 1453 918 1540 longitudine
940 1474 961 1517 6
982 1452 1095 1518 diuisis
1117 1452 1308 1519 Cliuelande

188 1579 290 1642 usque
314 1557 362 1621 ad
394 1555 573 1641 uiamque
603 1556 695 1620 uadit
724 1556 765 1621 de
795 1556 962 1642 Puhering
990 1556 1032 1621 ad
1058 1557 1230 1644 Helmelay
1252 1581 1309 1644 per

189 1659 321 1724 landam
344 1657 390 1723 de
410 1657 583 1744 0611116111,
598 1668 632 1723 61
646 1659 796 1744 prohibet
812 1659 986 1724 forentanis
1007 1659 1074 1724 suis
1096 1683 1137 1724 ne
1154 1659 1195 1724 de
1213 1660 1309 1725 bosco
1423 1683 1426 1688 ·

192 1761 247 1825 illo
272 1760 331 1824 uel
360 1759 406 1824 de
433 1759 602 1824 termille
624 1782 658 1824 se
684 1761 915 1837 intromittant,
941 1768 991 1826 set
1016 1761 1102 1825 idem
1133 1761 1244 1826 Abbas
1274 1770 1308 1826 61

194 1886 398 1930 succesores
420 1863 472 1928 sui
494 1862 685 1928 habeantet
704 1871 839 1928 teneant
859 1863 1087 1949 inperpetuum
1102 1865 1185 1930 bene
1208 1864 1308 1929 libere

195 1973 253 2028 etc
266 1973 383 2028 1611116
398 1962 583 2048 predictum
598 1963 729 2028 boscum
744 1986 819 2028 oum
834 1963 1001 2028 forestaria
1012 1963 1156 2028 eiusdem
1171 1963 1259 2028 bosci
1274 1973 1309 2028 61

193 2075 297 2132 161616
314 2065 501 2151 predictam
516 2072 636 2130 1611616
653 2065 751 2130 661616
772 2065 916 2151 predicto
931 2066 1015 2152 Regi
1034 2089 1130 2131 ceruo
1149 2076 1185 2130 et
1204 2089 1309 2142 66166,

193 2192 279 2256 apro,
294 2167 460 2253 ancipitia
475 2176 535 2232 etc

260 2273 305 2336 Et
327 2270 511 2334 Nicholaus
532 2269 717 2355 dicitquod
739 2279 829 2336 66116
850 2271 907 2335 1116
928 2294 991 2336 666
1013 2272 1111 2338 dehet
1134 2273 1165 2337 ei
1187 2295 1310 2350 nocere,

196 2377 272 2463 quia
294 2374 541 2462 perambulaeio
566 2374 623 2438 1116
648 2383 778 2438 tantum
805 2375 891 2440 secta
916 2375 979 2440 fuit
1005 2375 1045 2440 de
1071 2376 1190 2440 foresta
1215 2376 1307 2441 Dom.

197 2482 297 2568 Regis
312 2479 407 2545 etde
423 2479 599 2544 1166661666
614 2501 680 2555 666,
695 2489 729 2542 61
744 2501 808 2543 666
824 2479 864 2543 de
879 2501 1059 2556 commune,
1070 2503 1129 2545 nee
1144 2480 1184 2545 de
1200 2480 1310 2566 aliqua

198 2599 292 2662 terra,
314 2607 378 2650 nec
400 2585 510 2670 aliqua
530 2583 653 2648 mentio
677 2583 763 2647 facta
783 2583 890 2648 estin
913 2591 1002 2648 66116
1024 2583 1118 2650 Dom.
1143 2584 1243 2672 Regis
1267 2584 1308 2649 de

199 2691 261 2754 fine
291 2690 359 2766 illo,
384 2688 470 2752 unde
499 2688 583 2752 bene
608 2687 689 2752 dicit
710 2687 796 2773 quod
821 2695 915 2772 pater
936 2709 1014 2752 suus
1038 2689 1161 2752 nullam
1188 2697 1307 2753 terram

201 2817 258 2858 nec
273 2814 483 2858 communem
499 2790 608 2854 amisit
623 2812 681 2876 per
694 2789 1008 2876 perambulacionem
1023 2790 1120 2858 illam.

263 2899 309 2963 Et
332 2896 447 2960 Abbas
468 2894 656 2980 dicitquod
677 2894 934 2981 116161611616616ι
957 2895 998 2960 de
1020 2918 1191 2961 commune
1210 2905 1245 2960 61
1267 2897 1307 2961 dc

200 3006 284 3060 16116
303 2994 438 3082 precise,
458 2992 589 3058 atinde
610 2993 703 3078 ponit
722 3015 756 3058 se
775 3015 873 3079 super
894 2993 1016 3058 curiam
1038 2995 1131 3059 Dom
1151 2995 1259 3081 Regis,
1274 3005 1309 3060 et

199 3099 280 3164 bene
298 3106 396 3184 patet
411 3097 489 3183 quia
510 3095 597 3161 idem
617 3095 795 3161 Nicholaus
815 3104 909 3182 pater
928 3119 1006 3162 suus
1025 3119 1084 3162 neo
1104 3097 1174 3182 ipse
1196 3107 1309 3183 postea

200 3223 368 3288 nunquam
392 3199 544 3264 seisinam
573 3198 648 3262 inde
678 3198 871 3264 habuerunt.
917 3199 960 3262 Et
989 3199 1069 3263 dicit
1097 3200 1184 3286 quod
1213 3201 1307 3266 Dom.

201 3305 270 3370 Rex
284 3304 388 3370 debet
403 3303 434 3367 ei
449 3310 568 3367 terram
583 3301 673 3366 illam
688 3301 896 3366 warantizare
911 3325 969 3388 per
983 3309 1105 3367 cartam
1120 3325 1220 3369 66661.

99 3412 147 3473 “.·.
262 3407 459 3492 'Philippus
481 3405 522 3472 de
546 3405 761 3471 columbariis
784 3413 819 3470 et
849 3405 971 3470 Oecilia
1000 3414 1105 3469 mater
1133 3427 1193 3470 sua
1220 3429 1307 3471 sum·
1416 3453 1421 3466 .

202 3509 318 3578 moniti
344 3509 479 3573 fuemnt
507 3507 550 3572 ad
573 3506 832 3594 respondendum
861 3506 986 3570 Abbati
1015 3506 1056 3571 de
1086 3507 1309 3594 Goggeshale³

201 3637 298 3702 quare
314 3635 382 3677 non
397 3610 593 3698 permittunt
608 3632 683 3674 eum
699 3617 883 3695 presentare
905 3608 1056 3694 ydoniam
1076 3631 1246 3695 personam
1267 3611 1310 3676 ad

203 3719 371 3786 eeclesiam
394 3715 435 3780 de
457 3715 577 3780 Acholt
599 3736 662 3800 que
684 3721 781 3779 uacat
806 3721 840 3777 61
870 3712 911 3777 ad
940 3735 1032 3777 suam
1056 3722 1182 3798 spectat
1211 3712 1310 3778 dona-

203 3825 326 3889 cionem
344 3821 434 3886 unde
456 3820 544 3885 idem
564 3819 675 3884 Abbes
696 3841 755 3903 per
777 3824 978 3882 attornatum
1002 3839 1098 3880 suum
1121 3817 1202 3882 dicit
1224 3817 1309 3904 quod

204 3929 375 4014 Philippus
390 3924 431 3990 de
447 3922 662 3990 Columbariis
675 3931 769 4007 pater
783 3919 921 4006 predicti
936 3919 1079 4006 Philippi
1098 3919 1189 3984 dedit
1211 3921 1310 3985 aduo-

203 4035 366 4099 oacionem
392 4029 537 4096 eiusdem
568 4027 699 4092 ecclesie
723 4026 783 4091 deo
805 4032 840 4090 61
863 4025 894 4089 S.
919 4024 1022 4088 Maria
1044 4024 1084 4089 de
1108 4024 1309 4111 Goggeshale
1440 4076 1443 4082 ,

204 4146 236 4202 61
256 4132 425 4201 monachis
447 4131 569 4197 ibidem
591 4129 651 4194 deo
673 4127 890 4194 seruientibus
913 4127 1099 4192 ecclesiam⁴
1117 4127 1152 4191 in
1174 4127 1254 4192 uilla
1269 4127 1308 4191 de

782 4338 941 4466 45⁴l.supply
953 4417 1032 4459 11616,
1045 4401 1074 4450 Β.

285 4591 323 4639 ll.
