3196 5226
428 452 567 511 ιιιιιιιι,
589 451 653 500 ιι).
680 437 772 511 1222,
795 451 855 498 nn.
880 439 908 500 6.
1155 440 1214 500 111

131 624 185 688 illis
204 622 241 688 de
261 624 366 710 prime
391 625 553 696 solucione
583 647 634 690 xx.
665 624 719 690 sol.
745 645 825 710 quos
851 645 912 710 ego
935 633 970 688 et
994 623 1129 690 heredes
1154 626 1221 692 mei

130 723 275 790 reddimus
295 725 469 800 annuatim
491 725 534 790 ed
555 725 678 800 festum,
702 724 733 790 S.
758 724 926 793 Michaelis
946 723 1033 790 dicto
1055 725 1225 790 Willelmo·

129 829 185 892 lilio
202 828 369 894 Benedicti
392 839 452 894 etc.
469 829 510 894 de
532 838 619 894 tens
639 827 768 894 meede
790 827 934 894 Michsm
956 829 1109 914 quamde
1132 828 1218 896 dicto

128 931 274 1010 Willelmo
287 939 386 997 teneo
402 955 461 1018 per
479 931 663 1018 predictum
680 929 854 996 seruioium
872 953 922 996 xx
938 932 993 996 sol.
1008 953 1066 1017 per
1087 954 1217 1008 ennum,
1279 993 1284 1005 ,

127 1047 155 1102 et
173 1037 198 1102 si
219 1037 394 1123 eontigerit
418 1037 505 1124 qnod
528 1060 588 1124 ego
614 1045 673 1102 etc
698 1036 802 1102 dictos
823 1059 874 1100 xx.
895 1036 949 1102 sol.
977 1036 1064 1102 dicto
1087 1037 1138 1102 W.
1164 1037 1217 1102 uel
1273 1072 1276 1082 ·

127 1138 184 1202 eius
195 1138 357 1224 asignato
375 1140 420 1204 ad
442 1139 618 1204 terminum
639 1139 767 1224 integre
788 1160 853 1202 non
874 1137 1129 1223 persoluerimus,
1145 1160 1217 1202 con·

126 1241 191 1306 oedo
207 1242 291 1327 quod
313 1243 426 1308 dictus
446 1243 630 1308 Willelmus
649 1241 844 1328 distringat¹
867 1241 992 1306 dictum
1006 1241 1135 1308 feodum
1158 1249 1216 1308 etc

125 1345 284 1410 secundum
299 1371 382 1412 usus
398 1356 433 1412 et
447 1343 696 1412 consuetudines
715 1345 804 1410 illius
826 1345 912 1410 feodi
932 1355 965 1410 et
985 1346 1127 1432 plenarie
1147 1345 1219 1412 iure

125 1459 152 1512 et
164 1449 377 1516 forisfacturas
392 1450 470 1516 inde
485 1447 643 1534 recipiant
658 1457 718 1516 etc.

178 1551 218 1616 Et
234 1552 425 1618 willelmus
447 1552 489 1616 de
509 1549 673 1616 Wsutone
693 1552 776 1616 bene
798 1551 960 1637 cognoscit
981 1559 1104 1616 cartem
1125 1574 1218 1618 suem

124 1663 164 1716 set
175 1653 250 1718 dicit
264 1655 354 1741 quod
376 1675 546 1740 nunquam
567 1661 752 1718 ettometus
766 1653 829 1718 fnit
851 1652 956 1718 eidem
972 1653 1135 1720 Willelmo
1151 1655 1219 1722 filio

124 1751 284 1832 Benedicti,
295 1779 359 1820 nec
375 1763 485 1841 potest
500 1754 647 1820 recedere
661 1754 702 1820 de
717 1753 740 1820 J
741 1753 867 1818 ohanne
882 1753 1011 1818 domino
1025 1777 1084 1820 suo
1098 1755 1167 1820 sine
1179 1779 1217 1820 eo

123 1861 150 1915 et
170 1851 237 1917 ideo
260 1853 362 1918 datus
385 1861 437 1918 est
459 1853 506 1918 eis
529 1852 599 1916 dies
624 1860 683 1916 etc
710 1859 744 1916 et
768 1851 951 1916 Willelmus
974 1852 1093 1918 hebeat
1118 1853 1217 1918 breue
1278 1933 1283 1942 .

123 1956 195 2042 quod
213 1958 380 2022 Henricus
399 1964 643 2022 summoneatur
661 1955 703 2020 ed
718 1955 992 2022 warentizendum
1015 1957 1120 2022 eidem
1136 1958 1216 2022 Wil-
1229 1959 1361 2093 ἔξω
1290 1960 1367 1999 m·

123 2059 356 2128 lelmoxx.sol.
381 2062 529 2126 redditus
551 2083 647 2148 quern
670 2061 702 2126 ei
724 2060 816 2126 dedit
838 2069 1040 2146 percuntem
1062 2083 1154 2128 suem
1176 2054 1361 2139 dem„

123 2172 293 2230 tenemento
307 2165 401 2252 quod
416 2164 601 2229 Willelmus
615 2163 655 2228 de
671 2163 834 2230 Wautons
849 2165 963 2230 t'enet
954 2187 989 2228 m
1004 2163 1149 2241 Bichem‚
1163 2165 1217 2230 uel
1229 2145 1352 2241 iiffiiiriffl

122 2265 155 2329 sd
174 2267 411 2334 ostendendum
434 2290 534 2354 quere
564 2267 595 2332 ei
617 2267 823 2332 warentizare
852 2289 917 2332 non
946 2267 1064 2334 debeat
1093 2275 1152 2333 etc
1182 2203 1337 2372 aig-eilde
1288 2335 1338 2380 quid

122 2371 195 2455 qnod
214 2371 386 2437 lohannes
407 2381 442 2436 et
465 2371 651 2444 Gilebertus
673 2381 938 2437 summonesntur
960 2381 1019 2438 etc
1042 2373 1085 2438 ed
1109 2381 1216 2438 osten·
1228 2333 1379 2502 fflfflnt

122 2467 247 2536 dendum
276 2470 362 2558 quid
390 2468 433 2556 Ι’
423 2470 488 2556 ipsi
516 2469 695 2535 clement
686 2493 721 2534 ιιι
743 2493 794 2536 xx.
824 2470 912 2534 solid
943 2469 1088 2536 redditus
1117 2483 1264 2556 quem⁰
1228 2472 1283 2514 ²¹¹⁰*
1280 2536 1325 2586 [lul

123 2569 266 2638 Henricus
291 2574 338 2638 de
360 2573 504 2637 Teidene
530 2572 622 2638 dedit
644 2572 749 2637 eidem
772 2573 935 2637 Willelmo
957 2573 1023 2638 filio
1045 2575 1214 2640 Benedicti

124 2681 150 2737 et
169 2677 248 2742 unde
267 2677 361 2744 idem
377 2677 562 2742 Willelmus
583 2677 623 2742 de
639 2677 803 2742 Weutone
823 2685 968 2742 attornet
969 2701 1007 2742 us
954 2677 1085 2744 tfuit
1108 2679 1213 2746 eidem
1277 2745 1282 2756 ,

125 2775 268 2847 Willelmo
283 2782 330 2848 de
344 2781 476 2846 redditu
491 2781 548 2846 illo
563 2781 725 2846 reddendo
740 2789 799 2846 etc.

58 2917 89 2934 ··
177 2884 340 2951 Conuenit
362 2909 422 2972 per
443 2885 611 2950 licenciam
633 2886 761 2972 capitel'
780 2885 906 2952 iustic'³
927 2887 1013 2952 inter
1034 2887 1213 2954 Robertum
1269 2904 1331 2944 Ebot·

126 2985 157 3050 de
167 2989 270 3056 Veteri
288 2992 396 3056 Ponte
411 2997 446 3054 et
455 2990 624 3055 Ydoneam
639 3011 770 3054 uxorem
787 2991 857 3054 eius
872 2998 1021 3075 petentes
1035 3012 1093 3076 per
1107 2991 1214 3077 ipsum
1378 2993 1380 2998 ’

126 3087 290 3158 Robertum
305 3101 341 3158 et
356 3092 531 3157 Ricardum
546 3091 587 3157 de
603 3091 689 3158 Cuni
703 3091 824 3178 positos
838 3092 906 3157 loco
922 3093 1065 3158 eiusdem
1080 3093 1214 3159 Ydonee

125 3199 173 3253 etc
184 3201 214 3255 et
225 3193 368 3258 Aliciam
382 3191 586 3258 Comitissem
601 3191 641 3256 de
657 3191 752 3278 Auge
767 3199 934 3256 tenentem
950 3215 1008 3278 per
1022 3193 1214 3260 (lanfridum

125 3288 157 3354 de
172 3293 289 3361 Beillas
312 3303 347 3359 et
362 3294 555 3360 Gaufridum
571 3293 611 3358 de
635 3294 666 3358 S.
683 3293 880 3380 Leodegerio
902 3303 962 3360 eto.
977 3295 1017 3360 de
1033 3295 1151 3362 honore
1173 3298 1213 3362 de

126 3393 306 3464 likenhnlle
321 3421 396 3464 cum
410 3397 619 3484 pertinenciis
634 3405 693 3462 etc.
709 3397 796 3462 unde
812 3407 872 3463 eto.
887 3399 1009 3466 scilicet
1023 3401 1109 3487 quod
1126 3402 1212 3467 idem

126 3497 272 3568 Robertus
294 3511 329 3566 et
351 3501 488 3566 Ydonee
508 3501 744 3567 remisuerunt⁴
766 3510 801 3566 et
821 3503 969 3588 quietum
991 3505 1213 3572 clemeuerunt

125 3612 171 3666 etc
185 3613 291 3670 totum
309 3605 361 3668 ius
383 3611 418 3668 et
440 3604 591 3668 clamium
606 3603 693 3690 quod
714 3603 899 3670 habuerunt
921 3605 956 3670 in
979 3615 1049 3672 tote
1070 3609 1214 3694 predicte

125 3712 196 3771 terra
220 3730 298 3774 cum
327 3706 536 3793 pertinenciis
565 3715 599 3771 et
628 3728 698 3793 pro·
721 3707 781 3772 hec
816 3707 1001 3774 remissione
1039 3718 1073 3775 et
1101 3712 1213 3797 quiete
1258 3721 1260 3724 ’

125 3807 285 3876 clemencie
306 3821 367 3874 etc.
394 3809 508 3874 eadem
537 3809 644 3874 Alicie
672 3811 828 3876 concessit
857 3811 978 3877 eisdem
1007 3814 1149 3896 Roberto
1178 3825 1212 3880 et

125 3907 241 3981 Ydonee
265 3922 374 3978 totum
396 3912 527 3978 feodum
548 3913 633 3999 quod
657 3913 719 4000 ipsi
740 3913 830 4000 prius
852 3922 1027 3982 tenuerunt
1049 3918 1089 3982 de
1112 3941 1151 3984 ee
1172 3921 1212 3984 de

124 4018 252 4099 predicto
266 4019 397 4094 honore,
413 4016 599 4089 habendum
614 4025 648 4082 et
668 4017 847 4084 tenendum
865 4019 905 4084 de
921 4041 967 4098 ea,
982 4021 1060 4106 ipsis
1080 4031 1139 4088 etc
1155 4045 1213 4108 per

123 4124 279 4190 senucium
296 4125 322 4210 j.
340 4122 427 4187 milit
429 4121 457 4186 is
475 4144 531 4208 pro
547 4122 635 4187 omni
649 4121 785 4186 seruicio
801 4130 835 4186 et
850 4123 1017 4189 exaccione
1033 4134 1067 4190 et
1081 4149 1212 4192 consue-

147 4267 308 4333 1ΟιίιςίιιιΙΙγ
320 4268 519 4320 Willeluucetc.
531 4267 634 4316 diutriu·
685 4265 762 4428 21:552
773 4268 996 4384 :rrgsmmffle
1017 4269 1095 4320 loide.
1129 4271 1213 4324 These

121 4343 176 4428 wit
147 4398 217 4450 The
228 4403 321 4450 tenent
338 4397 430 4462 plesds
447 4393 506 4446 thet
522 4395 634 4446 between
718 4397 873 4462 Probably
884 4401 1003 4462 capetulo
1014 4403 1164 4452 trulcuru

121 4461 165 4513 him
179 4467 226 4516 end
243 4465 288 4516 the
310 4463 440 4514 clsimsnt
463 4461 491 4512 of
511 4461 555 4512 the
577 4466 635 4512 rent
717 4463 816 4512 ‘Gom
827 4466 987 4518 remiserunt.
