3196 5226
503 491 651 552 rmurrr,
675 491 738 540 nn.
764 479 857 553 1222,
878 491 941 541 aa
965 481 993 542 6.
1234 482 1293 542 151

193 676 273 731 tona
286 687 400 730 uersus
415 665 564 730 Odonem
579 663 619 730 de
640 665 849 730 Danmartin¹
864 667 921 753 qui
936 675 1055 732 terram
1071 665 1160 732 illam
1176 669 1295 734 waren-

194 771 311 835 timuit
336 769 409 834 Ade
435 769 504 834 filio
530 769 659 833 Radulfi
687 777 721 834 et
746 767 826 834 dicit
852 770 937 856 quod
963 770 1050 836 idern
1078 769 1149 835 Odo
1175 770 1294 836 iniuste

193 876 418 940 warentizauit
433 875 497 961 ipsi
511 873 583 939 Ade
599 883 717 939 terram
733 875 822 938 illam
838 875 915 960 quia
934 875 1034 962 Hugo
1055 875 1142 940 filius
1165 875 1296 963 Georgii

193 981 293 1046 frater
314 981 421 1046 Alicie
443 979 518 1044 auie
540 979 641 1064 ipsius
661 979 792 1044 Ricardi
807 981 870 1044 fuit
884 981 1015 1045 scisitus
1030 981 1069 1045 de
1085 981 1243 1045 termille
1257 989 1295 1046 ut

193 1082 234 1148 de
259 1084 352 1148 feodo
374 1092 409 1148 et
431 1085 502 1148 iure
525 1091 668 1168 tempore
693 1083 792 1168 Regis
816 1071 949 1149 Henrici
973 1084 1028 1148 aui
1050 1084 1173 1148 domini
1196 1081 1296 1172 Regis

193 1197 339 1274 tempore
366 1189 455 1275 pacis
480 1186 635 1272 capiendo
660 1187 736 1252 inde
759 1188 890 1274 expleta
911 1185 953 1253 ad
975 1188 1154 1253 ualenciam
1175 1197 1234 1254 etc.
1260 1197 1295 1254 et

193 1293 267 1376 plus
292 1293 333 1359 dc
359 1295 503 1359 exitibus
530 1301 622 1368 terre,
649 1293 749 1357 etde
775 1293 846 1379 ipso
871 1291 1012 1380 Hugone
1037 1294 1093 1380 qui
1119 1294 1200 1358 obiit
1225 1294 1294 1360 sine

193 1393 310 1460 herede
326 1397 368 1461 de
383 1421 417 1462 ee
432 1397 625 1462 hereditarie
648 1395 839 1462 descendere
857 1398 972 1462 debuit
987 1397 1090 1462 Alicie
1106 1396 1220 1462 sorori*
1234 1419 1292 1463 sue

192 1509 226 1563 et
241 1499 282 1565 de
298 1500 370 1586 ipsa
386 1499 491 1566 Alicia
505 1501 631 1566 Haconi
646 1501 713 1564 filio
727 1501 829 1587 ipsius
844 1501 957 1578 Ariete,
972 1510 1006 1566 ct
1022 1501 1061 1566 de
1077 1501 1146 1586 ipec
1161 1503 1293 1567 Haeone

192 1603 358 1688 adipsum
376 1603 549 1668 Ricardum
566 1613 604 1668 ut
619 1605 660 1669 ad
675 1604 778 1669 filiurn
800 1613 833 1670 et
856 1605 1006 1670 heredem
1029 1605 1130 1690 ipsius
1152 1605 1294 1671 Haconie

191 1715 226 1770 et
241 1707 301 1771 hoc
316 1709 413 1772 offert
428 1708 562 1792 probare
577 1729 762 1794 percorpus
777 1709 848 1774 Ade
864 1709 924 1774 filii
944 1706 1091 1774 Gaufridi
1106 1709 1145 1772 de
1161 1709 1293 1794 Uptone

192 1811 249 1895 qui
264 1811 345 1876 dicit
363 1813 451 1896 quod
471 1812 645 1877 Gausridus
667 1819 860 1898 paterenus
882 1811 967 1876 uidit
989 1813 1095 1898 ipsum
1119 1811 1293 1899 Hugonem

191 1935 306 2000 capere
322 1916 454 2001 expleta
468 1917 612 2002 predicte
628 1925 712 1981 terre
733 1915 817 1980 sicut
840 1913 1020 2000 predictum
1037 1925 1086 1980 est
1101 1924 1135 1980 et
1150 1917 1293 2001 precepit

191 2017 222 2080 ei
237 2017 325 2102 quod
345 2018 405 2082 hoc
425 2018 654 2084 disracionaret
676 2041 734 2104 per
756 2039 871 2102 corpus
894 2039 989 2082 suum
1014 2018 1042 2082 ei
1065 2019 1141 2083 inde
1165 2041 1293 2084 necesse

188 2119 365 2206 aliquando
387 2119 508 2186 diisset.
553 2123 735 2187 Willclrnus
756 2119 796 2186 de
817 2119 1091 2207 Danmartin-qui
1111 2130 1294 2188 attornatus

190 2223 256 2287 fuit
272 2223 395 2289 Odonis
410 2225 450 2290 de
473 2226 667 2290 Danmartin
688 2225 724 2290 in
745 2225 873 2312 loquelu'
894 2221 951 2288 illa
972 2245 1030 2310 per
1051 2225 1150 2290 breue
1172 2223 1294 2290 domini

191 2325 292 2412 Regis
315 2328 409 2392 uenit
433 2337 468 2393 et
491 2328 638 2393 defendit
663 2329 714 2393 ius
739 2327 841 2414 ipsius
867 2325 997 2390 Ricardi
1021 2334 1055 2391 et
1078 2328 1229 2392 eeisinam
1253 2329 1292 2394 de

191 2431 293 2494 uerbo
306 2429 342 2494 in
357 2431 495 2496 uerbum
510 2441 544 2497 et
559 2432 653 2497 offert
668 2431 839 2497 defendere
859 2451 918 2516 per
937 2451 1051 2515 corpus
1072 2430 1096 2494 J
1096 2429 1231 2494 ohannis
1253 2431 1293 2496 de
1310 2469 1311 2474 κ

189 2535 396 2622 Nywenham
418 2537 472 2601 uel
494 2559 552 2622 per
573 2537 673 2601 alium
694 2535 907 2602 sufficientem
928 2535 985 2621 qui
1000 2535 1060 2599 hoc
1075 2535 1177 2599 facere
1193 2535 1293 2620 possit

188 2649 225 2703 et
240 2639 360 2704 debeat
375 2640 402 2704 si
417 2639 457 2704 de
472 2663 510 2705 eo
530 2643 613 2706 male
635 2641 813 2728 contigerit.
860 2640 903 2704 Et
925 2639 1083 2704 Ricardue
1105 2639 1198 2703 offert
1221 2659 1292 2724 pro·

187 2745 268 2809 bare
290 2765 350 2829 per
370 2744 471 2808 elium
493 2745 706 2809 sufficientem
728 2767 826 2830 quam
846 2765 904 2830 per
923 2743 1030 2808 Adam
1046 2743 1102 2828 qui
1117 2743 1177 2814 hoc
1191 2743 1293 2828 possit

188 2855 226 2912 et
254 2847 375 2912 debeat
400 2847 435 2912 si*
456 2847 497 2911 de
523 2846 593 2932 ipsc
619 2847 694 2912 Ada
718 2849 803 2912 male
829 2847 1001 2934 contigerit
1027 2845 1194 2910 Judr'cium
1221 2846 1292 2911 Odo

188 2951 346 3016 defendat
370 2971 428 3038 per
448 2971 563 3037 corpus
584 2951 685 3037 ipsius
706 2951 866 3017 Johannis
885 2951 942 3038 qui
962 2950 1037 3015 inde
1053 2950 1143 3015 dedit
1158 2949 1291 3015 uadium

187 3063 225 3118 et
246 3055 375 3119 inuenit
397 3055 536 3141 plegi0s⁸
558 3065 592 3120 et
614 3057 772 3120 Ricardus
794 3056 925 3142 probat*
946 3077 1005 3141 per
1025 3076 1139 3140 corpus
1153 3055 1292 3140 predicti

187 3158 263 3222 Ade
280 3159 336 3243 qui
350 3159 426 3222 inde
442 3159 532 3223 dedit
548 3160 681 3224 uadium
697 3169 731 3225 et
746 3160 874 3224 inuenit
888 3159 1026 3245 plegi0s⁵
1041 3167 1100 3223 etc.

255 3261 348 3326 Idem
364 3259 521 3326 Ricardus
535 3262 575 3326 de
591 3262 733 3328 Cattona
747 3263 847 3348 peciit
859 3264 1002 3349 quinque
1014 3285 1102 3327 acras
1118 3269 1201 3328 terre
1216 3285 1290 3328 cum

185 3366 398 3453 pertinenciis
423 3366 458 3430 in
481 3365 620 3432 Cattone
642 3389 755 3432 uersus
777 3368 924 3434 Odonem
945 3367 985 3433 de
1007 3367 1217 3432 Danmartin⁶
1235 3368 1292 3454 qui

186 3483 308 3536 terram
324 3471 414 3535 illam
424 3471 649 3536 warentizauit
664 3471 735 3536 Ade
750 3472 791 3536 de
807 3472 947 3538 Cattone
962 3481 996 3537 et
1011 3472 1090 3538 dicit
1105 3472 1190 3557 quod
1204 3471 1291 3536 idem

187 3573 262 3639 Odo
291 3573 412 3638 iniuste
436 3575 660 3639 warentizauit
685 3576 717 3639 ei
742 3585 862 3640 terram
888 3576 977 3640 illam
1003 3576 1080 3662 quia
1106 3575 1291 3640 Edwenius'

185 3699 273 3742 auus
295 3677 397 3763 ipsius
419 3679 551 3743 Ricardi
574 3679 637 3743 fuit
659 3679 788 3744 scisitus
810 3679 850 3743 de
871 3687 958 3743 terra
971 3679 1028 3743 illa
1042 3688 1080 3744 ut
1095 3680 1135 3744 de
1151 3678 1242 3744 feodo
1257 3687 1291 3744 et

184 3782 258 3847 iure
274 3791 419 3869 tempore
435 3784 534 3869 Regis
549 3783 684 3848 Henrici
698 3784 753 3848 aui
773 3783 895 3848 domini
915 3783 1015 3870 Regis
1037 3792 1181 3870 tempore
1203 3783 1291 3869 pacis

184 3885 345 3971 capiendo
372 3886 448 3950 inde
471 3886 602 3971 expleta
623 3887 664 3951 ad
690 3887 869 3952 ualenciam
894 3887 1004 3953 dimid.
1028 3911 1068 3952 m.
1094 3897 1128 3953 et
1151 3888 1225 3973 plus
1250 3887 1290 3952 de

183 3989 331 4055 exitibus
347 3999 432 4055 terre
449 3997 483 4053 et
498 3990 538 4054 de
553 3989 623 4076 ipso
639 3991 808 4056 Godwin0⁸
823 3991 1016 4057 hereditarie
1032 3993 1147 4057 debuit
1162 3991 1291 4057 descen-

182 4095 264 4160 dere
280 4095 406 4159 Haconi
421 4093 489 4158 filio
504 4117 561 4158 suo
577 4103 610 4159 et
630 4096 670 4168 dc
692 4096 824 4160 Haconc
847 4097 888 4161 ad
912 4097 1092 4182 predictum
1115 4097 1290 4162 Ricardum

215 4305 224 4336 ¹
244 4306 304 4354 Dan
314 4308 423 4366 Martia,
438 4306 469 4354 B.
797 4309 808 4340 ⁶
824 4309 920 4357 Nemee
932 4310 961 4358 of
969 4308 1072 4372 pledges
1082 4309 1111 4359 in
1123 4311 1153 4359 B.

216 4370 227 4401 ²
245 4375 327 4427 mori.
339 4371 370 4428 B,
383 4371 430 4420 but
442 4371 537 4420 semble
547 4373 670 4436 wrongly.
798 4373 808 4405 ⁸
825 4375 1003 4432 Daunmcrtr'm
1017 4375 1046 4425 B.

216 4435 341 4485 ³Nemes
353 4437 383 4484 oi
394 4436 496 4498 pledgee
507 4437 535 4485 in
546 4437 577 4486 B.
798 4438 868 4487 ⁷Ed
907 4453 961 4499 nuc,
973 4439 1004 4489 B.

216 4501 228 4532 ⁴
240 4504 336 4563 probet,
351 4501 383 4552 B.
800 4503 878 4562 ⁸Sic‚
914 4539 920 4553 .
