3196 5226
426 468 570 528 uruasr,
594 467 657 516 an.
683 453 774 528 1222,
798 468 859 516 aa.
884 455 911 517 6.
1157 453 1218 516 109

127 765 181 831 Du
202 765 404 831 TERMINO
429 765 463 832 s.
487 765 682 830 HYLARII
704 765 836 830 ANNO
861 763 997 829 REGIS
1026 763 1219 829 HENRIOI

303 869 415 934 FILII
446 869 582 934 REGIS
611 867 847 934 JOHANNIS
878 865 1031 932 SEXTO.

42 1069 92 1130 125.
182 1054 348 1120 Michaelis
376 1077 514 1141 persona
543 1055 583 1119 de
614 1054 807 1120 stratfordia
836 1054 1056 1120 atthachiatus
1085 1055 1149 1119 fuit
1177 1053 1220 1120 ad
1284 1076 1335 1117 sur.

127 1159 373 1245 respondendum
403 1159 545 1224 Redulfo
574 1159 641 1224 filio
664 1159 799 1224 Roberti
820 1159 861 1224 de
885 1160 1004 1245 placito
1032 1181 1130 1246 quare
1155 1181 1220 1226 non

128 1267 207 1324 tenet
220 1259 251 1324 ei
265 1259 367 1324 finem
382 1261 506 1324 factum
521 1259 659 1324 incuria
673 1260 772 1346 Regis
787 1259 918 1326 Ricurdi
929 1259 1015 1326 inter
1026 1259 1219 1347 Magistrum

127 1360 295 1426 Fabianum
318 1362 485 1448 quondam
510 1384 679 1448 personam
702 1362 847 1428 eiusdem
869 1362 1002 1428 ecclesie
1024 1371 1083 1428 etc
1107 1369 1141 1426 et
1163 1361 1220 1426 Ri-

127 1464 263 1530 oardum¹
286 1464 395 1530 filium
419 1465 556 1530 Roberti
578 1473 703 1550 patrem
727 1465 829 1551 ipsius
854 1465 985 1530 Redulfi
1010 1465 1103 1530 cuius
1129 1464 1221 1530 heres
1234 1479 1381 1522 neruosas.

127 1568 184 1654 ipse
198 1577 255 1646 est,
269 1569 312 1634 de
334 1593 409 1634 xxv.
425 1569 507 1634 acris
529 1578 614 1634 terre
636 1592 709 1634 eum
732 1569 940 1655 pertinenciis
962 1569 997 1634 in
1020 1568 1221 1646 stratfordia,

128 1670 201 1736 uude
217 1671 449 1758 cirographum
469 1681 528 1736 ete
550 1671 635 1758 quod
657 1673 778 1758 profert
801 1681 835 1736 et
858 1672 944 1758 quod
966 1680 1114 1748 testatur,
1136 1671 1222 1756 quod

126 1773 189 1837 finis
202 1775 307 1839 faetus
325 1775 390 1840 fuit
405 1776 491 1840 inter
505 1776 699 1861 Magistrum
714 1775 895 1840 Fabianum
911 1797 1078 1860 personam
1091 1775 1222 1840 ecclesie

126 1875 160 1940 de
178 1876 374 1942 stratfordia
396 1887 430 1940 et
452 1877 631 1942 Robertum
654 1877 795 1942 Militem
818 1877 859 1942 de
886 1876 1079 1942 stratfordia
1102 1885 1136 1942 et
1158 1877 1221 1942 Ro·

126 1978 241 2044 bertum
262 1981 374 2044 filium
397 1980 533 2044 Roberti
561 1979 602 2044 de
630 2003 701 2047 xxv.
726 1980 808 2046 aeris
837 1988 922 2045 terre
945 1979 986 2044 de
1008 1979 1127 2044 Ware⁸
1148 2002 1223 2045 eum

127 2084 326 2169 pertinenciis
341 2085 376 2148 in
392 2083 593 2161 stratfordia
608 2107 688 2170 quas
702 2084 867 2171 predictus
882 2084 1046 2150 Fabianus
1068 2084 1223 2150 clamauit

127 2188 162 2254 ad
173 2190 300 2255 feodum
319 2190 452 2254 ecclesie
467 2211 533 2266 sue,
543 2189 665 2254 scilieet
678 2189 765 2275 quod
778 2188 943 2274 predictus
955 2188 1117 2254 Robertus
1128 2187 1223 2252 Miles
1289 2185 1293 2192 ⁴

128 2293 264 2379 cognouit
275 2294 464 2380 predictum
475 2301 699 2358 tenementum
710 2315 778 2358 esse
788 2292 918 2358 feodum
927 2292 1071 2378 predicte
1083 2291 1223 2368 ecclesie,

129 2404 157 2458 et
168 2395 244 2460 illud
263 2397 297 2462 ei
322 2395 464 2461 reddidit
486 2405 545 2459 ete
568 2403 602 2459 et
624 2395 782 2481 Magister
802 2395 967 2460 Fabianus
989 2395 1144 2462 concessit
1165 2417 1224 2481 per

126 2497 298 2580 ommam·
336 2497 454 2584 prefati
491 2496 625 2561 Roberti
662 2496 785 2574 militis,
822 2497 946 2584 prefato
983 2497 1126 2562 Roberto
1156 2497 1223 2562 tilio

129 2597 248 2665 Roberti
262 2609 375 2666 tetum
390 2600 553 2685 prefatum
574 2606 800 2664 tenementum
821 2623 896 2665 oum
917 2601 1050 2687 capitali
1071 2601 1223 2688 mesagio,

129 2704 294 2769 tenendum
322 2703 385 2768 sibi
414 2712 449 2768 et
478 2701 651 2768 heredibus
680 2703 747 2768 suis
776 2705 817 2770 de
846 2703 992 2790 predicta
1020 2705 1154 2772 ecclesia
1181 2705 1223 2770 de

131 2805 313 2874 stratfordia
330 2831 388 2894 per
407 2807 580 2872 seruieium
596 2816 735 2893 quatuor
755 2807 811 2875 sol.
833 2829 891 2894 per
912 2829 1034 2872 annum
1055 2829 1113 2894 pro
1135 2808 1224 2874 omni

129 2911 248 2976 seruicio
276 2912 372 2976 saluo
396 2912 552 2976 forinseco
577 2919 637 2977 ete
659 2910 746 2976 unde
775 2910 863 2976 idem
892 2909 1052 2976 Radulfus
1081 2910 1223 2976 ostendit

130 3015 202 3098 quod
221 3015 387 3082 Robertus
409 3023 503 3100 pater
524 3037 601 3080 suus
623 3037 682 3101 per
701 3015 802 3080 finem
823 3014 917 3080 illum
939 3014 1002 3080 fuit
1031 3015 1161 3080 seisitus
1182 3014 1223 3080 de

131 3125 202 3182 terra
214 3119 270 3185 illa
287 3127 361 3184 tota
374 3119 446 3184 uita
460 3141 519 3184 sua
532 3128 605 3205 post
620 3119 719 3184 finem
734 3119 836 3196 illurn,
848 3127 883 3184 et
898 3118 979 3182 obiit
993 3117 1069 3184 inde
1083 3117 1223 3196 seisitus,

132 3228 242 3306 etpost
262 3231 406 3288 mortem
429 3223 499 3286 eius
519 3223 675 3287 remansit
697 3223 766 3308 ipse
787 3223 822 3288 in
843 3223 990 3289 custodia
1008 3223 1146 3310 predicti
1161 3223 1223 3288 Mi-

130 3322 234 3390 chaelis
255 3348 335 3392 cum
358 3334 444 3390 terra
473 3325 539 3402 illa,
560 3333 595 3390 et
620 3333 733 3390 contra
760 3325 859 3390 finem
887 3325 981 3391 illum
1009 3325 1164 3391 deforciat
1192 3325 1224 3392 ai

132 3435 220 3494 totam
233 3439 357 3496 terram
372 3430 462 3494 illam
477 3439 512 3494 et
527 3429 611 3516 petit
626 3429 713 3516 quod
727 3429 801 3494 finis
815 3438 973 3496 teneatur.

185 3533 225 3598 Et
239 3533 413 3598 Michaelis
426 3555 485 3619 per
506 3541 707 3598 attornatum
722 3555 817 3598 suum
837 3533 930 3598 uenit
945 3541 980 3598 et
993 3531 1140 3598 defendit
1154 3532 1224 3600 uim

131 3645 159 3698 et
171 3637 329 3716 iniuriam,
344 3647 379 3702 et
393 3637 473 3702 dicit
489 3637 574 3723 quod
589 3637 629 3701 de
644 3635 709 3701 fine
723 3636 779 3701 illo
799 3635 898 3701 nichil
919 3637 980 3701 scit
994 3637 1072 3722 quia
1090 3635 1224 3702 eeclesia

131 3740 256 3828 suaper
278 3743 321 3808 xl.
343 3765 444 3807 annos
466 3741 578 3807 saisita
600 3741 664 3806 fuit
687 3739 838 3806 deterre
861 3739 918 3805 illa
939 3740 974 3806 in
997 3740 1165 3818 dominico
1188 3749 1223 3805 et

131 3843 227 3912 scisita
240 3855 293 3912 est
307 3845 357 3910 ita
370 3845 457 3931 quod
471 3844 633 3910 Robertus
647 3851 740 3930 pater
754 3843 899 3908 eiusdem
914 3842 1044 3908 Redulfi
1058 3865 1117 3928 per
1124 3842 1223 3908 finem

132 3945 212 4013 illum
230 3950 379 4015 sifactus
397 3949 469 4026 fuit,
489 3969 655 4032 nunquam
677 3947 829 4011 saisinam
851 3945 967 4011 habuit
989 3944 1030 4011 de
1053 3954 1140 4012 terra
1159 3946 1224 4023 illa,

132 4071 183 4116 nee
204 4053 279 4119 inde
302 4053 385 4118 obiit
410 4051 549 4129 seisitus,
570 4059 605 4115 et
627 4049 704 4114 inde
727 4049 820 4136 ponit
845 4071 879 4114 se
904 4073 1001 4137 super
1025 4050 1165 4116 iuratam
1189 4061 1224 4116 et

132 4152 278 4222 Radulfus
291 4156 443 4222 similiter
456 4155 499 4220 ad
516 4153 806 4241 recognoscendum
826 4153 855 4218 si
875 4154 1039 4240 predictus
1061 4154 1224 4220 Robertus

132 4267 195 4341 post
218 4260 315 4325 finem
342 4261 465 4326 facturn
495 4259 581 4323 inter
605 4279 680 4322 eum
707 4265 741 4323 et
767 4257 948 4345 predictum
974 4258 1155 4324 Fabianum
1181 4257 1222 4322 de

161 4411 169 4446 ²
184 4413 250 4464 Gorr.
261 4415 413 4465 Roberrum?
509 4459 514 4466 .
729 4412 740 4445 ³
757 4411 882 4476 Probably
897 4412 920 4462 it
936 4411 1029 4463 should
1047 4413 1078 4462 be
1096 4419 1221 4474 maurum,

159 4477 340 4530 'mauratel
697 4482 814 4539 agrant3
833 4493 874 4528 see
885 4478 1012 4539 Ducauge.
