3212 5230
331 443 654 507 mensunusum.
680 430 773 505 1229,
794 443 858 494 an
883 429 1017 494 ls-ls.
1161 426 1226 494 308

144 613 260 700 pmpria
269 633 395 701 persona
405 613 869 702 aooedatadBagingedenam
879 623 913 681 et
922 637 981 702 per
989 623 1228 680 sacramentum

144 727 195 782 etc
209 718 373 804 appreciari
388 717 488 783 faciat
503 718 681 805 predictam
697 729 816 784 terram
832 721 872 786 de
885 720 1116 808 Bagingedena
1130 741 1228 805 quam

143 821 291 908 predictus
304 821 460 886 Ricardus
474 821 516 885 de
532 821 764 908 Begingedene
779 829 871 887 tenet
886 822 921 886 in
942 823 1174 910 Bagingedena
1187 821 1228 886 de

143 923 305 990 hereditate
319 925 419 1012 patris
434 926 486 990 sui
497 925 532 989 in
543 924 711 990 dominicis
722 933 781 990 etc.
794 934 949 1012 utsupra,
961 933 995 990 et
1007 925 1228 990 extensionem

143 1037 172 1092 et
190 1030 453 1114 appreciacionem
476 1029 565 1094 illam
587 1029 667 1094 scire
690 1029 788 1094 faciat
809 1029 994 1094 iusticiariis
1016 1029 1104 1116 apud
1121 1030 1229 1094 West—

142 1134 353 1198 monasterium
382 1142 443 1198 etc
474 1157 533 1220 per
561 1133 641 1198 duos
666 1156 725 1220 per
750 1157 887 1220 quorum
913 1143 1150 1199 sacramentum
1173 1133 1230 1197 illa

143 1237 271 1300 extensio
284 1245 317 1301 et
330 1236 530 1323 apprecincio
545 1237 631 1300 facta
644 1236 743 1300 suerit
758 1245 819 1301 etc.

57 1347 104 1408 uu
197 1337 352 1404 Walterus
366 1339 407 1403 de
423 1337 594 1402 Braddena
608 1337 823 1402 summonitus
839 1337 955 1403 fuitad
969 1339 1226 1424 respondendum
1249 1357 1382 1408 somma

144 1441 287 1506 Willelmo
311 1441 352 1506 de
375 1442 528 1528 Gimoges
549 1461 649 1526 quare
670 1463 736 1506 non
758 1441 922 1526 permittit
944 1463 1019 1506 eum
1041 1449 1227 1527 presentare

142 1545 280 1628 ydoneam
296 1569 464 1633 personam
483 1545 524 1610 ad
543 1545 709 1610 ecclesiam
729 1545 770 1610 de
794 1545 966 1610 Braddena
986 1568 1049 1632 que
1074 1554 1170 1610 uacat
1193 1555 1228 1610 et

143 1647 176 1712 ad
197 1671 281 1713 suam
305 1656 432 1736 spectat
461 1647 671 1712 donacionem
699 1647 787 1712 unde
817 1647 904 1712 idem
935 1648 1119 1713 Willelmus
1147 1649 1228 1714 dicit

142 1753 214 1836 quod
227 1753 388 1839 predictus
407 1752 573 1817 Walterus
593 1775 668 1817 eum
687 1751 807 1816 iniuste
830 1751 968 1837 impedit
990 1751 1067 1838 quia
1088 1752 1227 1838 quedam

143 1856 243 1922 Sibilla
255 1865 358 1920 mater
371 1855 474 1941 ipsius
494 1855 652 1919 willelmi
671 1853 874 1941 presentauit
895 1855 1002 1940 ipsum
1025 1854 1227 1919 Willelmum

141 1955 231 2023 filium
251 1981 345 2023 suum
371 1957 414 2022 ad
439 1956 576 2021 eandem
606 1955 772 2022 ecclesiam
795 1957 851 2042 qui
880 1957 923 2021 ad
951 1957 1226 2042 presentacionem

141 2085 219 2126 uram
246 2061 402 2126 admissus
431 2059 495 2123 fuit
524 2065 559 2123 et
588 2069 725 2145 persona
753 2059 925 2124 institutus
955 2059 990 2123 in
1019 2059 1132 2124 eadem
1170 2082 1228 2146 per

140 2165 381 2230 archidiaconum
412 2162 657 2248 Norhamptone
680 2170 816 2227 uacante
839 2162 913 2227 sede
937 2162 1168 2228 Lincolniensi¹
1191 2172 1227 2227 et

141 2271 245 2354 pmfert
272 2277 394 2334 cartam
423 2265 525 2352 ipsius
555 2265 670 2330 Sibille
699 2265 740 2329 de
769 2265 1010 2350 presentacione
1040 2275 1075 2332 et
1104 2275 1225 2332 cartam

140 2374 227 2458 ipsius
252 2370 466 2438 archidiaconi
495 2369 536 2434 de
565 2369 766 2446 admissione,
796 2370 887 2434 salua
910 2370 1068 2457 Magistro
1095 2371 1225 2436 Simone

140 2475 173 2539 de
205 2474 377 2539 Weutham
414 2479 574 2559 perpetua
609 2471 731 2536 uicaria
766 2471 807 2536 de
845 2470 958 2536 eadem
996 2472 1130 2537 ecclesia
1165 2473 1226 2536 sub

139 2600 233 2644 sunus
245 2577 396 2666 pensione
407 2577 431 2662 j.
448 2597 524 2640 mar.
540 2575 710 2638 annuatim
725 2574 890 2640 reddenda
902 2574 1046 2661 predicto
1061 2575 1225 2640 Willelmo

140 2693 189 2748 etc

194 2787 233 2851 Et
258 2786 424 2851 Walterue
454 2783 547 2848 uenit
576 2791 611 2848 et
639 2782 720 2848 dicit
750 2783 836 2869 quod
866 2783 951 2848 iuste
981 2783 1120 2870 impedit
1150 2784 1227 2870 quia

140 2889 261 2973 quedam
275 2888 405 2956 Saowla
419 2895 526 2952 mater
539 2885 641 2972 ipsius
656 2886 793 2951 Walteri
808 2886 1011 2972 presentanit
1032 2887 1226 2973 Magistrum

141 2992 286 3060 Simonem
315 2993 357 3059 de
387 2992 565 3058 Wautham
595 2991 637 3056 ad
666 2989 802 3056 eandem
832 2991 999 3056 ecclesiam
1028 2999 1063 3056 et
1093 2991 1150 3077 qui
1186 2991 1227 3056 ad

139 3100 256 3164 eandem
270 3097 440 3164 ecclesiam
455 3094 614 3160 admissus
633 3093 696 3158 fuit
717 3115 854 3179 persona
875 3101 910 3158 et
931 3115 1068 3180 persona
1089 3094 1170 3158 obiit
1192 3095 1226 3158 in

139 3202 234 3267 eedem
248 3199 394 3268 ecclesia.

193 3305 263 3370 Post
277 3303 372 3369 uenit
391 3299 556 3366 Walterus
579 3307 613 3364 et
634 3297 715 3363 dicit
737 3298 824 3384 quod
845 3299 944 3365 nichil
968 3301 1086 3365 clamat
1108 3301 1170 3365 nisi
1192 3301 1227 3365 in

139 3408 296 3474 medietate
312 3402 535 3471 aduocacionis
549 3401 638 3466 illius
652 3402 792 3468 ecclesie.

194 3513 231 3577 Et
245 3533 347 3598 quum
370 3507 535 3596 predictus
557 3506 741 3571 Willelmus
760 3505 958 3572 sufficienter
979 3507 1121 3572 ostendit
1141 3509 1227 3594 quod

138 3612 196 3698 ipse
207 3613 268 3679 fuit
281 3610 359 3677 inde
374 3631 510 3696 persona
523 3608 565 3673 ad
580 3609 855 3694 presentacionem
870 3609 983 3676 matris
1003 3631 1068 3688 sue,
1085 3620 1119 3675 et
1139 3611 1226 3675 idem

138 3715 285 3783 Walterus
313 3713 415 3780 nichil
444 3711 587 3776 ostendit
616 3711 702 3797 quod
731 3711 889 3798 Magister
919 3711 1032 3777 Simon
1061 3713 1114 3777 uel
1143 3713 1227 3778 elius

139 3819 279 3886 admissus
308 3818 373 3883 fuit
396 3815 437 3881 ad
463 3813 737 3900 presentacionem
761 3823 997 3880 antecessorum
1020 3839 1150 3880 suorum
1172 3817 1226 3882 uel

138 3942 217 3986 suam
243 3922 284 3987 ad
312 3919 449 3986 eandem
479 3915 645 3981 ecclesiam
676 3924 711 3982 et
740 3917 903 4003 cognoscit
932 3917 1018 4004 quod
1055 3919 1226 3984 aduocacio

138 4047 287 4113 nunquam
316 4025 381 4090 fnit
410 4021 541 4109 partita,
571 4019 818 4086 consideratum
848 4029 898 4086 est
928 4021 1014 4108 q'uod
1043 4023 1226 4088 Willelmus

137 4129 324 4216 recuperauit
346 4126 498 4193 seisinam
520 4145 612 4188 suam
636 4132 670 4188 et
692 4122 858 4188 Walterns
880 4123 916 4189 in
937 4125 1162 4203 misericordia,
1192 4135 1226 4190 et

138 4231 201 4297 ideo
228 4232 397 4299 mandetur
425 4229 584 4316 Episcopo
613 4227 830 4294 Lincolniensi
859 4227 945 4314 quod
975 4252 1039 4294 non
1076 4229 1225 4295 obstante

501 4457 510 4488 ¹
529 4457 589 4520 May
602 4455 757 4506 lwt-Dec.
774 4457 846 4506 1209.
