3314 5238
359 389 423 454 462
652 402 801 462 rmnrrr,
825 401 892 450 nu.
919 387 1010 462 1231,
1034 403 1095 452 nn
1122 389 1169 450 15.

359 581 583 638 tenementum
607 571 715 636 tenuit
744 571 785 636 de
808 569 947 636 Radullo
977 569 1017 636 de
1042 570 1219 636 Pesenhele
1242 581 1276 636 et
1299 592 1356 657 per
1379 569 1475 658 quod

357 674 529 739 seruicium
546 682 606 740 etc.

424 775 467 842 Et
483 776 666 842 Willelmus
688 797 752 842 non
774 775 868 842 uenit
890 784 950 844 etc.
996 776 1040 842 Et
1061 777 1279 843 summonitus
1299 787 1358 844 etc.
1403 779 1428 844 J
1431 800 1473 842 u-

358 881 478 947 dicium
494 882 701 948 athachietur
716 881 802 969 quod
817 881 861 948 sit
876 891 936 947 etc.

422 993 626 1058 ¹Willelmus
663 992 703 1058 de
740 990 1000 1078 Feukanbergho
1038 990 1270 1058 Thesaurarius
1308 993 1339 1058 S.
1371 991 1474 1056 Pauli

286 1119 304 1148 ¹·
357 1094 522 1160 Londonio
552 1095 758 1162 athachiatus
788 1095 851 1160 luit
877 1096 918 1160 ad
947 1095 1206 1182 respondendum
1236 1095 1395 1162 Nicholao
1424 1095 1473 1161 dc

357 1197 555 1264 Fstuteuilla
595 1221 693 1286 quare
734 1209 865 1264 secutus
905 1208 956 1264 est
996 1198 1153 1284 placitum
1191 1198 1226 1262 in
1262 1199 1352 1264 curie
1388 1201 1473 1264 cris-

272 1365 274 1370 .
356 1301 519 1367 tienitatis
547 1301 588 1368 de
618 1301 743 1366 catallis
773 1323 836 1387 qne
862 1323 927 1366 non
956 1311 1033 1366 sunt
1063 1311 1122 1366 etc
1154 1311 1265 1366 contra
1294 1302 1475 1388 prohibici-

356 1427 451 1472 onem
474 1416 533 1472 etc.
557 1416 592 1472 et
615 1407 702 1472 unde
731 1405 946 1472 deterioratos
976 1418 1026 1472 est
1055 1417 1113 1472 etc.
1146 1417 1180 1473 et
1209 1407 1285 1474 inde
1315 1409 1473 1495 producit

356 1518 485 1574 sectam.

423 1615 466 1680 Et
482 1613 665 1680 Willelmus
685 1611 778 1678 uenit
800 1621 834 1676 et
856 1611 1002 1678 defendit
1024 1622 1135 1678 contra
1157 1613 1264 1699 ipsum
1286 1623 1320 1678 et
1342 1623 1471 1680 sectam

356 1739 448 1782 suam
464 1718 550 1804 quod
565 1739 731 1802 nunquam
747 1724 820 1800 post
835 1715 1087 1800 prohibicionem
1103 1727 1234 1782 secutus
1246 1725 1295 1782 est
1307 1717 1470 1803 placitum

356 1819 438 1885 illud
453 1821 492 1885 de
509 1818 633 1886 catallis
648 1841 711 1905 que
727 1841 791 1883 non
806 1827 884 1882 suut
904 1818 944 1881 de
966 1826 1163 1883 testamento
1185 1819 1238 1884 uel
1259 1821 1471 1886 matrimonio

356 1946 415 1990 neo
437 1924 478 1988 de
500 1923 572 1988 aliis
594 1933 664 2000 etc,
686 1931 721 1987 et
746 1943 861 1988 reuera
883 1922 963 1988 dicit
988 1923 1073 2008 quod
1096 1924 1261 2010 predictus
1287 1924 1471 1992 Nicholaus

356 2036 489 2093 tenetur
508 2028 538 2093 ei
557 2049 614 2114 per
635 2036 757 2092 cartam
780 2049 872 2092 suam
891 2026 930 2092 de
947 2026 1086 2114 quodam
1108 2050 1216 2093 annno
1239 2027 1367 2094 redditu
1391 2052 1470 2094 cen·

356 2139 428 2194 tum
443 2131 498 2195 sol
514 2141 601 2216 quos·
614 2128 644 2194 ei
662 2129 818 2194 concessit
834 2152 892 2214 per
911 2139 1033 2194 cartam
1056 2151 1148 2194 snam
1171 2131 1316 2196 caritatis
1338 2132 1469 2196 intuitu

355 2233 577 2322 percipiendos
606 2234 646 2299 de
673 2255 801 2298 camera
829 2255 897 2310 sua,
921 2242 956 2298 et
978 2233 1056 2319 quia
1078 2234 1165 2298 idern
1193 2235 1383 2302 Nicholaus·
1399 2237 1469 2302 iam

356 2339 496 2404 cessauit
518 2339 553 2404 in
575 2337 736 2404 solucione
759 2360 817 2424 per
839 2347 905 2402 tres
928 2359 1029 2402 annos
1052 2347 1086 2404 et
1109 2338 1282 2404 dimidium
1306 2339 1354 2406 ita
1378 2343 1470 2427 quod

357 2441 387 2506 ei
411 2451 516 2506 aretro
542 2451 619 2508 sunt
643 2443 727 2529 xxvj.
755 2464 860 2508 marce
887 2451 922 2508 et
948 2441 1091 2520 dimidia,
1115 2451 1149 2508 et
1174 2443 1251 2530 quia
1273 2444 1470 2510 caritatiue¹

356 2555 390 2610 et
412 2545 497 2610 sicut
519 2545 694 2610 elemosina
715 2543 860 2610 redditus
883 2544 937 2610 illc
961 2545 992 2610 ei
1021 2567 1189 2610 concessus
1219 2546 1282 2610 fuit
1311 2546 1384 2610 ideo
1414 2547 1466 2612 in-

356 2648 527 2735 placitauit
564 2670 640 2713 eum
676 2649 711 2712 in
741 2647 830 2713 curie
858 2647 1083 2712 cristianitatis
1112 2657 1162 2712 set
1192 2671 1359 2735 nunquam
1389 2660 1466 2736 post

357 2739 617 2838 prohibicionem.
663 2752 706 2816 Et
736 2752 813 2836 quia
845 2751 968 2818 iudices
1000 2775 1034 2816 sc
1064 2752 1309 2817 essoniauernnt
1338 2764 1372 2819 et
1402 2755 1469 2840 ipsi

357 2857 479 2922 habent
500 2857 586 2921 diem
601 2879 659 2942 per
678 2855 889 2920 e'ssoniatores
907 2877 981 2920 snos
1004 2864 1073 2932 etc„
1089 2863 1123 2918 et
1146 2855 1378 2922 Thesaurarius
1393 2881 1467 2944 pro-

357 2961 420 3025 fert
436 2960 616 3025 ediciones³
631 2958 788 3046 sigillatas
803 2959 918 3046 sigillis
933 2959 1151 3044 predictorum
1166 2959 1311 3024 iudicum
1327 2971 1365 3026 ut
1376 2961 1468 3042 dicit,

358 3075 392 3130 et
407 3087 470 3128 non
486 3064 607 3150 poterit
621 3073 766 3128 constare
783 3063 844 3126 nisi
860 3086 918 3148 per
932 3062 1055 3126 iudices
1070 3063 1110 3128 de
1129 3063 1269 3128 ueritate
1290 3065 1468 3152 signorum,

357 3170 453 3234 datus
471 3177 521 3232 est
536 3167 683 3254 partibus
703 3166 789 3232 idem
810 3167 879 3231 dies
903 3176 940 3232 ut
962 3175 1041 3234 tunc
1063 3167 1193 3245 sciatur,
1208 3177 1319 3234 utrum
1342 3169 1468 3236 iudices

357 3272 527 3358 procedere
543 3281 677 3358 possunt
692 3271 745 3336 uel
761 3294 831 3336 non.

422 3376 625 3442 ‘Willelrnus
640 3375 670 3440 le
686 3376 823 3462 Enucys’
839 3375 924 3462 petit
939 3398 1052 3441 uersus
1067 3375 1268 3441 Willelmuni
1287 3377 1328 3442 de
1344 3379 1466 3444 Metin-

262 3505 275 3532 0
294 3523 300 3534 ·
357 3481 475 3568 gaham
491 3503 588 3566 quem
603 3479 746 3544 Jacobus
761 3479 790 3546 le
808 3480 946 3566 Enueys’
963 3481 1093 3545 uocauit
1108 3481 1149 3546 ad
1162 3491 1342 3546 warantum
1359 3492 1393 3548 et
1409 3486 1468 3569 qui

357 3586 388 3650 ei
404 3583 626 3648 warentizauit
642 3583 703 3667 xvj.
720 3605 781 3648 acr.
797 3593 880 3647 terre
896 3604 970 3655 curn
993 3583 1124 3670 pertin
1148 3584 1332 3672 Langehale
1355 3595 1393 3651 ut
1414 3588 1467 3652 ius

356 3711 461 3764 suum,
472 3687 520 3750 ito
535 3685 620 3771 quod
637 3685 818 3750 Willelmus
834 3687 927 3751 uenit
942 3695 976 3750 et
991 3687 1121 3752 uocauit
1136 3687 1212 3752 inde
1227 3687 1269 3752 ad
1285 3699 1465 3755 warantum

357 3792 561 3856 Gilebcrtum
582 3791 685 3856 filium
701 3790 824 3856 Thome
845 3791 902 3876 qui
922 3791 1015 3856 uenit
1036 3799 1069 3854 et
1084 3790 1165 3856 dicit
1180 3791 1265 3877 quod
1286 3815 1350 3857 non
1365 3793 1466 3858 debet

356 3895 387 3960 ei
410 3893 616 3960 warentizare
639 3893 716 3978 quia
742 3903 912 3978 postquam
936 3901 1153 3958 antecessores
1175 3893 1225 3958 sui
1248 3895 1466 3960 seoffauerunt

356 4007 572 4063 antecessores
600 3995 702 4081 ipsius
731 3996 888 4070 Willclmi
918 3997 958 4060 de
986 3997 1220 4082 Metingeham,
1247 3998 1465 4063 feoffeuerunt

356 4111 571 4166 antecessores
601 4100 702 4186 ipsius
731 4100 887 4164 Willelmi
916 4099 956 4164 de
989 4100 1211 4186 Metingehem
1246 4111 1463 4166 antecessores

261 4211 265 4220 '
356 4207 458 4293 ipsius
481 4203 637 4269 Willelmi
662 4204 691 4267 le
723 4203 860 4289 Enueys’
886 4201 970 4267 unde
1001 4203 1081 4267 dicit
1105 4203 1191 4288 qnod
1214 4203 1254 4268 de
1281 4204 1465 4270 incumbru-

389 4369 397 4399 ¹
416 4367 444 4418 B.
458 4367 546 4416 m.10.
580 4367 632 4415 But
644 4367 665 4414 B
675 4366 698 4414 is
707 4367 753 4416 lull
763 4367 789 4416 ol
800 4367 881 4416 hules.
967 4367 977 4398 ³
996 4369 1042 4418 See
1053 4368 1097 4418 Br.
1113 4369 1130 4418 i.
1144 4371 1200 4420 410.

390 4435 400 4464 ³
418 4433 565 4492 karitottue,
580 4432 608 4482 B.
966 4435 976 4464 ⁴
993 4433 1023 4482 B.
1037 4449 1070 4482 nr.
1086 4436 1123 4484 11.
1301 4431 1304 4436 “
