<?xml version="1.0" encoding="UTF-8"?>
<!DOCTYPE html PUBLIC "-//W3C//DTD XHTML 1.0 Transitional//EN"
    "http://www.w3.org/TR/xhtml1/DTD/xhtml1-transitional.dtd">
<html xmlns="http://www.w3.org/1999/xhtml" xml:lang="en" lang="en">
 <head>
  <title>
</title>
<meta http-equiv="Content-Type" content="text/html;charset=utf-8" />
  <meta name='ocr-system' content='tesseract 3.04.00' />
  <meta name='ocr-capabilities' content='ocr_page ocr_carea ocr_par ocr_line ocrx_word'/>
</head>
<body>
  <div class='ocr_page' id='page_1' title='image "./bractonsnoteboo04bracgoog_0269.png"; bbox 0 0 3276 5234; ppageno 0'>
   <div class='ocr_carea' id='block_1_1' title="bbox 460 453 1266 528">
    <p class='ocr_par' dir='ltr' id='par_1_1' title="bbox 460 453 1266 528">
     <span class='ocr_line' id='line_1_1' title="bbox 460 453 1266 528; baseline 0.004 -14"><span class='ocrx_word' id='word_1_1' title='bbox 460 465 692 526; x_wconf 62' lang='grc'><strong>1111111111).</strong></span> <span class='ocrx_word' id='word_1_2' title='bbox 719 453 812 528; x_wconf 80' lang='lat'>1229,</span> <span class='ocrx_word' id='word_1_3' title='bbox 834 466 896 515; x_wconf 74' lang='lat' dir='ltr'><strong>nn</strong></span> <span class='ocrx_word' id='word_1_4' title='bbox 922 455 971 516; x_wconf 89' lang='lat'><strong>13.</strong></span> <span class='ocrx_word' id='word_1_5' title='bbox 1207 457 1266 520; x_wconf 79' lang='lat'><strong>261</strong></span> 
     </span>
    </p>
   </div>
   <div class='ocr_carea' id='block_1_2' title="bbox 56 634 1398 4422">
    <p class='ocr_par' dir='ltr' id='par_1_2' title="bbox 151 634 1274 1342">
     <span class='ocr_line' id='line_1_2' title="bbox 151 634 1272 722; baseline 0 -22"><span class='ocrx_word' id='word_1_6' title='bbox 151 635 238 700; x_wconf 87' lang='lat' dir='ltr'><strong>idem</strong></span> <span class='ocrx_word' id='word_1_7' title='bbox 253 636 409 722; x_wconf 86' lang='lat' dir='ltr'><strong>Rogerus</strong></span> <span class='ocrx_word' id='word_1_8' title='bbox 424 635 492 700; x_wconf 89' lang='lat' dir='ltr'><strong>fuit</strong></span> <span class='ocrx_word' id='word_1_9' title='bbox 507 636 638 700; x_wconf 82' lang='lat' dir='ltr'><strong>seisitus</strong></span> <span class='ocrx_word' id='word_1_10' title='bbox 653 643 692 700; x_wconf 90' lang='lat' dir='ltr'><strong>ut</strong></span> <span class='ocrx_word' id='word_1_11' title='bbox 706 635 747 701; x_wconf 89' lang='lat' dir='ltr'><strong>de</strong></span> <span class='ocrx_word' id='word_1_12' title='bbox 763 635 855 700; x_wconf 92' lang='lat' dir='ltr'><strong>feodo</strong></span> <span class='ocrx_word' id='word_1_13' title='bbox 869 634 922 699; x_wconf 90' lang='lat' dir='ltr'><strong>die</strong></span> <span class='ocrx_word' id='word_1_14' title='bbox 938 657 1001 721; x_wconf 89' lang='lat' dir='ltr'><strong>qno</strong></span> <span class='ocrx_word' id='word_1_15' title='bbox 1019 645 1132 722; x_wconf 82' lang='lat' dir='ltr'><strong>ceptus</strong></span> <span class='ocrx_word' id='word_1_16' title='bbox 1155 637 1218 701; x_wconf 91' lang='lat' dir='ltr'><strong>fnit</strong></span> <span class='ocrx_word' id='word_1_17' title='bbox 1238 646 1272 700; x_wconf 87' lang='lat' dir='ltr'><strong>et</strong></span> 
     </span>
     <span class='ocr_line' id='line_1_3' title="bbox 156 737 1273 826; baseline 0.001 -24"><span class='ocrx_word' id='word_1_18' title='bbox 156 740 279 826; x_wconf 82' lang='lat' dir='ltr'><strong>positus</strong></span> <span class='ocrx_word' id='word_1_19' title='bbox 293 739 329 802; x_wconf 92' lang='lat' dir='ltr'><strong>in</strong></span> <span class='ocrx_word' id='word_1_20' title='bbox 344 739 483 825; x_wconf 75' lang='lat' dir='ltr'><strong>prisona</strong></span> <span class='ocrx_word' id='word_1_21' title='bbox 497 739 591 803; x_wconf 87' lang='lat' dir='ltr'><strong>Dom</strong></span> <span class='ocrx_word' id='word_1_22' title='bbox 608 739 714 826; x_wconf 80' lang='lat' dir='ltr'><strong>Regis.</strong></span> <span class='ocrx_word' id='word_1_23' title='bbox 761 737 806 801; x_wconf 88' lang='lat' dir='ltr'><strong>Et</strong></span> <span class='ocrx_word' id='word_1_24' title='bbox 823 737 930 802; x_wconf 82' lang='lat' dir='ltr'><strong>Alioia</strong></span> <span class='ocrx_word' id='word_1_25' title='bbox 950 746 984 802; x_wconf 93' lang='lat' dir='ltr'><strong>et</strong></span> <span class='ocrx_word' id='word_1_26' title='bbox 1004 738 1187 803; x_wconf 87' lang='lat' dir='ltr'><strong>Willelmus</strong></span> <span class='ocrx_word' id='word_1_27' title='bbox 1208 762 1273 803; x_wconf 89' lang='lat' dir='ltr'><strong>non</strong></span> 
     </span>
     <span class='ocr_line' id='line_1_4' title="bbox 158 840 1272 925; baseline -0.001 -18"><span class='ocrx_word' id='word_1_28' title='bbox 158 851 329 920; x_wconf 83' lang='lat' dir='ltr'><strong>uenerunt,</strong></span> <span class='ocrx_word' id='word_1_29' title='bbox 344 851 381 906; x_wconf 88' lang='lat' dir='ltr'><strong>et</strong></span> <span class='ocrx_word' id='word_1_30' title='bbox 402 842 586 906; x_wconf 83' lang='lat' dir='ltr'><strong>uioeoomes</strong></span> <span class='ocrx_word' id='word_1_31' title='bbox 607 840 776 906; x_wconf 80' lang='lat' dir='ltr'><strong>mandauit</strong></span> <span class='ocrx_word' id='word_1_32' title='bbox 797 840 883 925; x_wconf 87' lang='lat' dir='ltr'><strong>quod</strong></span> <span class='ocrx_word' id='word_1_33' title='bbox 906 849 1039 905; x_wconf 83' lang='lat' dir='ltr'><strong>manent</strong></span> <span class='ocrx_word' id='word_1_34' title='bbox 1060 841 1095 904; x_wconf 92' lang='lat' dir='ltr'><strong>in</strong></span> <span class='ocrx_word' id='word_1_35' title='bbox 1115 843 1272 907; x_wconf 85' lang='lat' dir='ltr'><strong>comitatu</strong></span> 
     </span>
     <span class='ocr_line' id='line_1_5' title="bbox 159 943 1274 1032; baseline -0.001 -21"><span class='ocrx_word' id='word_1_36' title='bbox 159 948 281 1012; x_wconf 74' lang='lat' dir='ltr'><strong>Kantie</strong></span> <span class='ocrx_word' id='word_1_37' title='bbox 297 955 332 1011; x_wconf 91' lang='lat' dir='ltr'><strong>et</strong></span> <span class='ocrx_word' id='word_1_38' title='bbox 352 946 457 1010; x_wconf 80' lang='lat' dir='ltr'><strong>nichil</strong></span> <span class='ocrx_word' id='word_1_39' title='bbox 476 947 512 1009; x_wconf 92' lang='lat' dir='ltr'><strong>in</strong></span> <span class='ocrx_word' id='word_1_40' title='bbox 532 945 688 1010; x_wconf 82' lang='lat' dir='ltr'><strong>comitatu</strong></span> <span class='ocrx_word' id='word_1_41' title='bbox 709 966 767 1008; x_wconf 80' lang='lat' dir='ltr'><strong>suo</strong></span> <span class='ocrx_word' id='word_1_42' title='bbox 787 943 910 1008; x_wconf 82' lang='lat' dir='ltr'><strong>hebent</strong></span> <span class='ocrx_word' id='word_1_43' title='bbox 932 967 991 1030; x_wconf 87' lang='lat' dir='ltr'><strong>per</strong></span> <span class='ocrx_word' id='word_1_44' title='bbox 1013 945 1099 1030; x_wconf 91' lang='lat' dir='ltr'><strong>quod</strong></span> <span class='ocrx_word' id='word_1_45' title='bbox 1122 945 1274 1032; x_wconf 77' lang='lat' dir='ltr'><strong>distringi</strong></span> 
     </span>
     <span class='ocr_line' id='line_1_6' title="bbox 159 1047 1274 1139; baseline -0.003 -22"><span class='ocrx_word' id='word_1_46' title='bbox 159 1060 304 1139; x_wconf 80' lang='lat' dir='ltr'><strong>possunt</strong></span> <span class='ocrx_word' id='word_1_47' title='bbox 369 1052 415 1115; x_wconf 88' lang='lat' dir='ltr'><strong>Et</strong></span> <span class='ocrx_word' id='word_1_48' title='bbox 444 1050 519 1114; x_wconf 91' lang='lat' dir='ltr'><strong>ideo</strong></span> <span class='ocrx_word' id='word_1_49' title='bbox 547 1049 721 1113; x_wconf 76' lang='lat' dir='ltr'><strong>mandetur</strong></span> <span class='ocrx_word' id='word_1_50' title='bbox 749 1047 935 1113; x_wconf 86' lang='lat' dir='ltr'><strong>uiceoomiti</strong></span> <span class='ocrx_word' id='word_1_51' title='bbox 964 1047 1005 1113; x_wconf 91' lang='lat' dir='ltr'><strong>de</strong></span> <span class='ocrx_word' id='word_1_52' title='bbox 1035 1049 1159 1114; x_wconf 82' lang='lat' dir='ltr'><strong>Kentio</strong></span> <span class='ocrx_word' id='word_1_53' title='bbox 1188 1049 1274 1135; x_wconf 90' lang='lat' dir='ltr'><strong>quod</strong></span> 
     </span>
     <span class='ocr_line' id='line_1_7' title="bbox 161 1151 1273 1242; baseline -0.001 -22"><span class='ocrx_word' id='word_1_54' title='bbox 161 1156 337 1242; x_wconf 81' lang='lat' dir='ltr'><strong>distringat</strong></span> <span class='ocrx_word' id='word_1_55' title='bbox 352 1177 408 1219; x_wconf 87' lang='lat' dir='ltr'><strong>eos</strong></span> <span class='ocrx_word' id='word_1_56' title='bbox 423 1177 482 1240; x_wconf 89' lang='lat' dir='ltr'><strong>per</strong></span> <span class='ocrx_word' id='word_1_57' title='bbox 496 1163 598 1218; x_wconf 83' lang='lat' dir='ltr'><strong>terres</strong></span> <span class='ocrx_word' id='word_1_58' title='bbox 613 1160 647 1217; x_wconf 89' lang='lat' dir='ltr'><strong>et</strong></span> <span class='ocrx_word' id='word_1_59' title='bbox 661 1175 720 1238; x_wconf 92' lang='lat' dir='ltr'><strong>per</strong></span> <span class='ocrx_word' id='word_1_60' title='bbox 734 1152 852 1216; x_wconf 82' lang='lat' dir='ltr'><strong>catalla</strong></span> <span class='ocrx_word' id='word_1_61' title='bbox 871 1151 957 1238; x_wconf 91' lang='lat' dir='ltr'><strong>quod</strong></span> <span class='ocrx_word' id='word_1_62' title='bbox 978 1153 1044 1216; x_wconf 73' lang='lat' dir='ltr'><strong>sint</strong></span> <span class='ocrx_word' id='word_1_63' title='bbox 1063 1175 1084 1217; x_wconf 78' lang='lat' dir='ltr'>a</span> <span class='ocrx_word' id='word_1_64' title='bbox 1102 1153 1154 1218; x_wconf 91' lang='lat' dir='ltr'><strong>die</strong></span> <span class='ocrx_word' id='word_1_65' title='bbox 1176 1154 1273 1219; x_wconf 85' lang='lat' dir='ltr'><strong>Purif.</strong></span> 
     </span>
     <span class='ocr_line' id='line_1_8' title="bbox 163 1256 780 1342; baseline -0.005 -19"><span class='ocrx_word' id='word_1_66' title='bbox 163 1261 254 1324; x_wconf 80' lang='lat' dir='ltr'><strong>Beat.</strong></span> <span class='ocrx_word' id='word_1_67' title='bbox 272 1259 354 1322; x_wconf 83' lang='lat' dir='ltr'><strong>Mer.</strong></span> <span class='ocrx_word' id='word_1_68' title='bbox 370 1258 405 1321; x_wconf 91' lang='lat' dir='ltr'><strong>in</strong></span> <span class='ocrx_word' id='word_1_69' title='bbox 421 1281 471 1321; x_wconf 82' lang='lat' dir='ltr'><strong>xv.</strong></span> <span class='ocrx_word' id='word_1_70' title='bbox 487 1256 557 1321; x_wconf 82' lang='lat' dir='ltr'><strong>dies</strong></span> <span class='ocrx_word' id='word_1_71' title='bbox 572 1279 629 1342; x_wconf 92' lang='lat' dir='ltr'><strong>pro</strong></span> <span class='ocrx_word' id='word_1_72' title='bbox 643 1257 780 1342; x_wconf 79' lang='lat' dir='ltr'><strong>prisona.</strong></span> 
     </span>
    </p>

    <p class='ocr_par' dir='ltr' id='par_1_3' title="bbox 56 1358 1398 2151">
     <span class='ocr_line' id='line_1_9' title="bbox 56 1358 1398 1444; baseline -0.001 -18"><span class='ocrx_word' id='word_1_73' title='bbox 56 1363 117 1426; x_wconf 61' lang='grc'><strong>311</strong></span> <span class='ocrx_word' id='word_1_74' title='bbox 228 1361 433 1425; x_wconf 83' lang='lat' dir='ltr'><strong>¹Willelmus</strong></span> <span class='ocrx_word' id='word_1_75' title='bbox 458 1359 545 1424; x_wconf 83' lang='lat' dir='ltr'><strong>filius</strong></span> <span class='ocrx_word' id='word_1_76' title='bbox 570 1358 708 1423; x_wconf 82' lang='lat' dir='ltr'><strong>Wofteri</strong></span> <span class='ocrx_word' id='word_1_77' title='bbox 736 1358 821 1444; x_wconf 88' lang='lat' dir='ltr'><strong>petit</strong></span> <span class='ocrx_word' id='word_1_78' title='bbox 847 1381 959 1422; x_wconf 86' lang='lat' dir='ltr'><strong>uersus</strong></span> <span class='ocrx_word' id='word_1_79' title='bbox 985 1359 1204 1424; x_wconf 80' lang='lat' dir='ltr'><strong>Thumtanum</strong></span> <span class='ocrx_word' id='word_1_80' title='bbox 1233 1361 1274 1425; x_wconf 89' lang='lat' dir='ltr'><strong>de</strong></span> <span class='ocrx_word' id='word_1_81' title='bbox 1393 1402 1398 1414; x_wconf 91' lang='lat'>·</span> 
     </span>
     <span class='ocr_line' id='line_1_10' title="bbox 162 1463 1275 1550; baseline 0 -22"><span class='ocrx_word' id='word_1_82' title='bbox 162 1465 316 1528; x_wconf 75' lang='lat' dir='ltr'><strong>Bisteche</strong></span> <span class='ocrx_word' id='word_1_83' title='bbox 331 1463 415 1528; x_wconf 68' lang='lat' dir='ltr'><strong>dum</strong></span> <span class='ocrx_word' id='word_1_84' title='bbox 429 1472 538 1549; x_wconf 79' lang='lat' dir='ltr'><strong>portes</strong></span> <span class='ocrx_word' id='word_1_85' title='bbox 552 1463 649 1526; x_wconf 87' lang='lat' dir='ltr'><strong>nnius</strong></span> <span class='ocrx_word' id='word_1_86' title='bbox 663 1463 791 1549; x_wconf 82' lang='lat' dir='ltr'><strong>uirgato</strong></span> <span class='ocrx_word' id='word_1_87' title='bbox 807 1471 891 1527; x_wconf 88' lang='lat' dir='ltr'><strong>terre</strong></span> <span class='ocrx_word' id='word_1_88' title='bbox 903 1485 978 1527; x_wconf 85' lang='lat' dir='ltr'><strong>oum</strong></span> <span class='ocrx_word' id='word_1_89' title='bbox 989 1471 1069 1548; x_wconf 90' lang='lat' dir='ltr'><strong>pert.</strong></span> <span class='ocrx_word' id='word_1_90' title='bbox 1079 1463 1113 1527; x_wconf 92' lang='lat' dir='ltr'><strong>in</strong></span> <span class='ocrx_word' id='word_1_91' title='bbox 1126 1464 1275 1550; x_wconf 87' lang='lat' dir='ltr'><strong>Olestorp</strong></span> 
     </span>
     <span class='ocr_line' id='line_1_11' title="bbox 162 1567 1277 1656; baseline 0.001 -23"><span class='ocrx_word' id='word_1_92' title='bbox 162 1579 200 1632; x_wconf 91' lang='lat' dir='ltr'><strong>ut</strong></span> <span class='ocrx_word' id='word_1_93' title='bbox 231 1569 283 1633; x_wconf 80' lang='lat' dir='ltr'><strong>ius</strong></span> <span class='ocrx_word' id='word_1_94' title='bbox 314 1591 412 1633; x_wconf 89' lang='lat' dir='ltr'><strong>sunm</strong></span> <span class='ocrx_word' id='word_1_95' title='bbox 443 1577 478 1632; x_wconf 89' lang='lat' dir='ltr'><strong>et</strong></span> <span class='ocrx_word' id='word_1_96' title='bbox 504 1568 538 1632; x_wconf 92' lang='lat' dir='ltr'><strong>in</strong></span> <span class='ocrx_word' id='word_1_97' title='bbox 568 1589 667 1653; x_wconf 83' lang='lat' dir='ltr'><strong>quam</strong></span> <span class='ocrx_word' id='word_1_98' title='bbox 694 1589 759 1631; x_wconf 90' lang='lat' dir='ltr'><strong>non</strong></span> <span class='ocrx_word' id='word_1_99' title='bbox 789 1567 889 1631; x_wconf 80' lang='lat' dir='ltr'><strong>hebet</strong></span> <span class='ocrx_word' id='word_1_100' title='bbox 918 1567 1098 1652; x_wconf 84' lang='lat' dir='ltr'><strong>ingressum</strong></span> <span class='ocrx_word' id='word_1_101' title='bbox 1127 1569 1190 1633; x_wconf 83' lang='lat' dir='ltr'><strong>nisi</strong></span> <span class='ocrx_word' id='word_1_102' title='bbox 1219 1593 1277 1656; x_wconf 90' lang='lat' dir='ltr'><strong>per</strong></span> 
     </span>
     <span class='ocr_line' id='line_1_12' title="bbox 162 1669 1278 1755; baseline 0.003 -20"><span class='ocrx_word' id='word_1_103' title='bbox 162 1672 333 1736; x_wconf 86' lang='lat' dir='ltr'><strong>Simonem</strong></span> <span class='ocrx_word' id='word_1_104' title='bbox 350 1669 392 1734; x_wconf 89' lang='lat' dir='ltr'><strong>de</strong></span> <span class='ocrx_word' id='word_1_105' title='bbox 414 1671 500 1734; x_wconf 86' lang='lat' dir='ltr'><strong>Dine</strong></span> <span class='ocrx_word' id='word_1_106' title='bbox 524 1669 723 1734; x_wconf 83' lang='lat' dir='ltr'><strong>auunculum</strong></span> <span class='ocrx_word' id='word_1_107' title='bbox 746 1669 847 1755; x_wconf 80' lang='lat' dir='ltr'><strong>ipsius</strong></span> <span class='ocrx_word' id='word_1_108' title='bbox 870 1669 1046 1735; x_wconf 85' lang='lat' dir='ltr'><strong>Thureteni</strong></span> <span class='ocrx_word' id='word_1_109' title='bbox 1069 1671 1161 1736; x_wconf 84' lang='lat' dir='ltr'><strong>ouius</strong></span> <span class='ocrx_word' id='word_1_110' title='bbox 1185 1673 1278 1739; x_wconf 87' lang='lat' dir='ltr'><strong>heres</strong></span> 
     </span>
     <span class='ocr_line' id='line_1_13' title="bbox 162 1773 1277 1863; baseline 0.002 -23"><span class='ocrx_word' id='word_1_111' title='bbox 162 1777 234 1861; x_wconf 82' lang='lat' dir='ltr'><strong>ipse</strong></span> <span class='ocrx_word' id='word_1_112' title='bbox 249 1782 302 1840; x_wconf 85' lang='lat' dir='ltr'><strong>est</strong></span> <span class='ocrx_word' id='word_1_113' title='bbox 318 1774 376 1860; x_wconf 90' lang='lat' dir='ltr'><strong>qui</strong></span> <span class='ocrx_word' id='word_1_114' title='bbox 390 1774 480 1838; x_wconf 85' lang='lat' dir='ltr'><strong>illem</strong></span> <span class='ocrx_word' id='word_1_115' title='bbox 496 1773 526 1837; x_wconf 90' lang='lat' dir='ltr'><strong>ei</strong></span> <span class='ocrx_word' id='word_1_116' title='bbox 546 1773 670 1838; x_wconf 87' lang='lat' dir='ltr'><strong>dimisit</strong></span> <span class='ocrx_word' id='word_1_117' title='bbox 690 1773 732 1838; x_wconf 82' lang='lat' dir='ltr'><strong>od</strong></span> <span class='ocrx_word' id='word_1_118' title='bbox 754 1773 930 1838; x_wconf 86' lang='lat' dir='ltr'><strong>terminum</strong></span> <span class='ocrx_word' id='word_1_119' title='bbox 951 1775 1007 1860; x_wconf 92' lang='lat' dir='ltr'><strong>qui</strong></span> <span class='ocrx_word' id='word_1_120' title='bbox 1028 1776 1177 1860; x_wconf 73' lang='lat' dir='ltr'><strong>preteriit</strong></span> <span class='ocrx_word' id='word_1_121' title='bbox 1200 1778 1277 1863; x_wconf 84' lang='lat' dir='ltr'><strong>quie</strong></span> 
     </span>
     <span class='ocr_line' id='line_1_14' title="bbox 164 1875 1277 1963; baseline 0.001 -20"><span class='ocrx_word' id='word_1_122' title='bbox 164 1879 246 1943; x_wconf 88' lang='lat' dir='ltr'><strong>dicit</strong></span> <span class='ocrx_word' id='word_1_123' title='bbox 276 1877 366 1963; x_wconf 91' lang='lat' dir='ltr'><strong>quod</strong></span> <span class='ocrx_word' id='word_1_124' title='bbox 395 1876 482 1940; x_wconf 90' lang='lat' dir='ltr'><strong>idem</strong></span> <span class='ocrx_word' id='word_1_125' title='bbox 513 1875 625 1941; x_wconf 83' lang='lat' dir='ltr'><strong>Simon</strong></span> <span class='ocrx_word' id='word_1_126' title='bbox 655 1898 720 1940; x_wconf 93' lang='lat' dir='ltr'><strong>non</strong></span> <span class='ocrx_word' id='word_1_127' title='bbox 749 1875 865 1940; x_wconf 83' lang='lat' dir='ltr'><strong>hebuit</strong></span> <span class='ocrx_word' id='word_1_128' title='bbox 894 1875 1075 1963; x_wconf 83' lang='lat' dir='ltr'><strong>ingressum</strong></span> <span class='ocrx_word' id='word_1_129' title='bbox 1098 1877 1133 1942; x_wconf 91' lang='lat' dir='ltr'><strong>in</strong></span> <span class='ocrx_word' id='word_1_130' title='bbox 1159 1885 1277 1944; x_wconf 85' lang='lat' dir='ltr'><strong>terrem</strong></span> 
     </span>
     <span class='ocr_line' id='line_1_15' title="bbox 165 1978 1278 2065; baseline 0.002 -20"><span class='ocrx_word' id='word_1_131' title='bbox 165 1982 258 2046; x_wconf 86' lang='lat' dir='ltr'><strong>illam</strong></span> <span class='ocrx_word' id='word_1_132' title='bbox 274 1979 341 2044; x_wconf 86' lang='lat' dir='ltr'><strong>nisi</strong></span> <span class='ocrx_word' id='word_1_133' title='bbox 358 2001 417 2064; x_wconf 90' lang='lat' dir='ltr'><strong>per</strong></span> <span class='ocrx_word' id='word_1_134' title='bbox 430 1978 612 2065; x_wconf 88' lang='lat' dir='ltr'><strong>predictum</strong></span> <span class='ocrx_word' id='word_1_135' title='bbox 628 1978 829 2043; x_wconf 91' lang='lat' dir='ltr'><strong>Willelmum</strong></span> <span class='ocrx_word' id='word_1_136' title='bbox 849 1979 1017 2064; x_wconf 73' lang='lat' dir='ltr'><strong>quiillem</strong></span> <span class='ocrx_word' id='word_1_137' title='bbox 1038 1980 1069 2044; x_wconf 91' lang='lat' dir='ltr'><strong>ei</strong></span> <span class='ocrx_word' id='word_1_138' title='bbox 1091 1980 1215 2046; x_wconf 84' lang='lat' dir='ltr'><strong>dimisit</strong></span> <span class='ocrx_word' id='word_1_139' title='bbox 1237 1984 1278 2048; x_wconf 79' lang='lat' dir='ltr'><strong>ed</strong></span> 
     </span>
     <span class='ocr_line' id='line_1_16' title="bbox 166 2085 360 2151; baseline -0.005 0"><span class='ocrx_word' id='word_1_140' title='bbox 166 2085 360 2151; x_wconf 80' lang='lat' dir='ltr'><strong>terminum.</strong></span> 
     </span>
    </p>

    <p class='ocr_par' dir='ltr' id='par_1_4' title="bbox 167 2185 1284 4030">
     <span class='ocr_line' id='line_1_17' title="bbox 233 2185 1279 2264; baseline 0.001 -13"><span class='ocrx_word' id='word_1_141' title='bbox 233 2188 279 2252; x_wconf 87' lang='lat' dir='ltr'><strong>Et</strong></span> <span class='ocrx_word' id='word_1_142' title='bbox 304 2186 508 2250; x_wconf 77' lang='lat' dir='ltr'><strong>Thurstanns</strong></span> <span class='ocrx_word' id='word_1_143' title='bbox 529 2185 623 2250; x_wconf 90' lang='lat' dir='ltr'><strong>uenit</strong></span> <span class='ocrx_word' id='word_1_144' title='bbox 645 2195 680 2250; x_wconf 94' lang='lat' dir='ltr'><strong>et</strong></span> <span class='ocrx_word' id='word_1_145' title='bbox 699 2185 846 2251; x_wconf 83' lang='lat' dir='ltr'><strong>defendit</strong></span> <span class='ocrx_word' id='word_1_146' title='bbox 866 2186 917 2251; x_wconf 84' lang='lat' dir='ltr'><strong>ius</strong></span> <span class='ocrx_word' id='word_1_147' title='bbox 936 2209 1031 2251; x_wconf 87' lang='lat' dir='ltr'><strong>sunm</strong></span> <span class='ocrx_word' id='word_1_148' title='bbox 1053 2195 1122 2264; x_wconf 79' lang='lat' dir='ltr'><strong>ete,</strong></span> <span class='ocrx_word' id='word_1_149' title='bbox 1143 2195 1178 2252; x_wconf 88' lang='lat' dir='ltr'><strong>et</strong></span> <span class='ocrx_word' id='word_1_150' title='bbox 1199 2188 1279 2254; x_wconf 83' lang='lat' dir='ltr'><strong>dicit</strong></span> 
     </span>
     <span class='ocr_line' id='line_1_18' title="bbox 168 2289 1279 2378; baseline 0.002 -22"><span class='ocrx_word' id='word_1_151' title='bbox 168 2291 257 2378; x_wconf 89' lang='lat' dir='ltr'><strong>quod</strong></span> <span class='ocrx_word' id='word_1_152' title='bbox 278 2291 407 2354; x_wconf 91' lang='lat' dir='ltr'><strong>nullum</strong></span> <span class='ocrx_word' id='word_1_153' title='bbox 428 2290 608 2376; x_wconf 82' lang='lat' dir='ltr'><strong>ingressum</strong></span> <span class='ocrx_word' id='word_1_154' title='bbox 628 2289 728 2354; x_wconf 84' lang='lat' dir='ltr'><strong>habet</strong></span> <span class='ocrx_word' id='word_1_155' title='bbox 748 2290 783 2354; x_wconf 88' lang='lat' dir='ltr'><strong>in</strong></span> <span class='ocrx_word' id='word_1_156' title='bbox 805 2298 924 2355; x_wconf 81' lang='lat' dir='ltr'><strong>terram</strong></span> <span class='ocrx_word' id='word_1_157' title='bbox 947 2292 1037 2357; x_wconf 85' lang='lat' dir='ltr'><strong>illem</strong></span> <span class='ocrx_word' id='word_1_158' title='bbox 1060 2315 1118 2378; x_wconf 89' lang='lat' dir='ltr'><strong>per</strong></span> <span class='ocrx_word' id='word_1_159' title='bbox 1139 2293 1279 2358; x_wconf 91' lang='lat' dir='ltr'><strong>eundem</strong></span> 
     </span>
     <span class='ocr_line' id='line_1_19' title="bbox 169 2394 1280 2484; baseline 0 -22"><span class='ocrx_word' id='word_1_160' title='bbox 169 2397 341 2464; x_wconf 85' lang='lat' dir='ltr'><strong>Simonem</strong></span> <span class='ocrx_word' id='word_1_161' title='bbox 364 2394 406 2460; x_wconf 81' lang='lat' dir='ltr'><strong>od</strong></span> <span class='ocrx_word' id='word_1_162' title='bbox 428 2395 613 2470; x_wconf 88' lang='lat' dir='ltr'><strong>terminum,</strong></span> <span class='ocrx_word' id='word_1_163' title='bbox 634 2403 684 2458; x_wconf 85' lang='lat' dir='ltr'><strong>eet</strong></span> <span class='ocrx_word' id='word_1_164' title='bbox 705 2394 785 2459; x_wconf 87' lang='lat' dir='ltr'><strong>dicit</strong></span> <span class='ocrx_word' id='word_1_165' title='bbox 805 2395 891 2480; x_wconf 89' lang='lat' dir='ltr'><strong>quod</strong></span> <span class='ocrx_word' id='word_1_166' title='bbox 910 2395 998 2461; x_wconf 90' lang='lat' dir='ltr'><strong>idem</strong></span> <span class='ocrx_word' id='word_1_167' title='bbox 1018 2397 1202 2462; x_wconf 86' lang='lat' dir='ltr'><strong>Willelmus</strong></span> <span class='ocrx_word' id='word_1_168' title='bbox 1223 2397 1280 2484; x_wconf 90' lang='lat' dir='ltr'><strong>qui</strong></span> 
     </span>
     <span class='ocr_line' id='line_1_20' title="bbox 167 2497 1279 2585; baseline 0 -20"><span class='ocrx_word' id='word_1_169' title='bbox 167 2525 257 2565; x_wconf 87' lang='lat' dir='ltr'><strong>nune</strong></span> <span class='ocrx_word' id='word_1_170' title='bbox 272 2499 394 2564; x_wconf 81' lang='lat' dir='ltr'><strong>clmnat</strong></span> <span class='ocrx_word' id='word_1_171' title='bbox 409 2507 528 2563; x_wconf 77' lang='lat' dir='ltr'><strong>terrem</strong></span> <span class='ocrx_word' id='word_1_172' title='bbox 543 2497 716 2584; x_wconf 80' lang='lat' dir='ltr'><strong>aliquando</strong></span> <span class='ocrx_word' id='word_1_173' title='bbox 730 2498 886 2563; x_wconf 81' lang='lat' dir='ltr'><strong>clamauit</strong></span> <span class='ocrx_word' id='word_1_174' title='bbox 900 2522 958 2585; x_wconf 88' lang='lat' dir='ltr'><strong>per</strong></span> <span class='ocrx_word' id='word_1_175' title='bbox 972 2499 1072 2565; x_wconf 84' lang='lat' dir='ltr'><strong>breue</strong></span> <span class='ocrx_word' id='word_1_176' title='bbox 1087 2500 1127 2565; x_wconf 93' lang='lat' dir='ltr'><strong>de</strong></span> <span class='ocrx_word' id='word_1_177' title='bbox 1143 2509 1230 2565; x_wconf 86' lang='lat' dir='ltr'><strong>recto</strong></span> <span class='ocrx_word' id='word_1_178' title='bbox 1245 2501 1279 2565; x_wconf 91' lang='lat' dir='ltr'><strong>in</strong></span> 
     </span>
     <span class='ocr_line' id='line_1_21' title="bbox 171 2601 1280 2682; baseline 0.001 -12"><span class='ocrx_word' id='word_1_179' title='bbox 171 2605 263 2670; x_wconf 84' lang='lat' dir='ltr'><strong>curie</strong></span> <span class='ocrx_word' id='word_1_180' title='bbox 286 2603 446 2668; x_wconf 89' lang='lat' dir='ltr'><strong>Willelmi</strong></span> <span class='ocrx_word' id='word_1_181' title='bbox 468 2602 509 2667; x_wconf 88' lang='lat' dir='ltr'><strong>de</strong></span> <span class='ocrx_word' id='word_1_182' title='bbox 532 2601 621 2666; x_wconf 81' lang='lat' dir='ltr'><strong>Diua</strong></span> <span class='ocrx_word' id='word_1_183' title='bbox 644 2624 757 2666; x_wconf 82' lang='lat' dir='ltr'><strong>uersus</strong></span> <span class='ocrx_word' id='word_1_184' title='bbox 782 2603 924 2667; x_wconf 88' lang='lat' dir='ltr'><strong>eundem·</strong></span> <span class='ocrx_word' id='word_1_185' title='bbox 949 2604 1159 2682; x_wconf 90' lang='lat' dir='ltr'><strong>Willelmum,</strong></span> <span class='ocrx_word' id='word_1_186' title='bbox 1185 2614 1220 2671; x_wconf 89' lang='lat' dir='ltr'><strong>et</strong></span> <span class='ocrx_word' id='word_1_187' title='bbox 1245 2607 1280 2671; x_wconf 94' lang='lat' dir='ltr'><strong>in</strong></span> 
     </span>
     <span class='ocr_line' id='line_1_22' title="bbox 172 2705 1281 2792; baseline 0.002 -20"><span class='ocrx_word' id='word_1_188' title='bbox 172 2715 305 2772; x_wconf 84' lang='lat' dir='ltr'><strong>tentum</strong></span> <span class='ocrx_word' id='word_1_189' title='bbox 335 2706 490 2792; x_wconf 81' lang='lat' dir='ltr'><strong>prooessit</strong></span> <span class='ocrx_word' id='word_1_190' title='bbox 520 2706 647 2791; x_wconf 85' lang='lat' dir='ltr'><strong>loquela</strong></span> <span class='ocrx_word' id='word_1_191' title='bbox 676 2705 761 2792; x_wconf 88' lang='lat' dir='ltr'><strong>quod</strong></span> <span class='ocrx_word' id='word_1_192' title='bbox 790 2706 955 2792; x_wconf 85' lang='lat' dir='ltr'><strong>predictus</strong></span> <span class='ocrx_word' id='word_1_193' title='bbox 983 2709 1166 2774; x_wconf 78' lang='lat' dir='ltr'><strong>Wilfefmus</strong></span> <span class='ocrx_word' id='word_1_194' title='bbox 1195 2709 1281 2774; x_wconf 86' lang='lat' dir='ltr'><strong>filius</strong></span> 
     </span>
     <span class='ocr_line' id='line_1_23' title="bbox 171 2808 1281 2895; baseline 0.002 -21"><span class='ocrx_word' id='word_1_195' title='bbox 171 2809 314 2874; x_wconf 76' lang='lat' dir='ltr'><strong>Walteri</strong></span> <span class='ocrx_word' id='word_1_196' title='bbox 325 2808 475 2894; x_wconf 87' lang='lat' dir='ltr'><strong>quietum</strong></span> <span class='ocrx_word' id='word_1_197' title='bbox 491 2808 645 2873; x_wconf 78' lang='lat' dir='ltr'><strong>clamauit</strong></span> <span class='ocrx_word' id='word_1_198' title='bbox 660 2817 767 2873; x_wconf 86' lang='lat' dir='ltr'><strong>totum</strong></span> <span class='ocrx_word' id='word_1_199' title='bbox 783 2809 834 2874; x_wconf 86' lang='lat' dir='ltr'><strong>ius</strong></span> <span class='ocrx_word' id='word_1_200' title='bbox 845 2809 931 2895; x_wconf 90' lang='lat' dir='ltr'><strong>quod</strong></span> <span class='ocrx_word' id='word_1_201' title='bbox 947 2811 1063 2874; x_wconf 80' lang='lat' dir='ltr'><strong>habuit</strong></span> <span class='ocrx_word' id='word_1_202' title='bbox 1074 2811 1108 2875; x_wconf 94' lang='lat' dir='ltr'><strong>in</strong></span> <span class='ocrx_word' id='word_1_203' title='bbox 1124 2812 1281 2877; x_wconf 80' lang='lat' dir='ltr'><strong>termille</strong></span> 
     </span>
     <span class='ocr_line' id='line_1_24' title="bbox 171 2911 1280 3001; baseline 0.003 -24"><span class='ocrx_word' id='word_1_204' title='bbox 171 2913 322 3000; x_wconf 83' lang='lat' dir='ltr'><strong>predicto</strong></span> <span class='ocrx_word' id='word_1_205' title='bbox 341 2911 505 2976; x_wconf 89' lang='lat' dir='ltr'><strong>Willelmo</strong></span> <span class='ocrx_word' id='word_1_206' title='bbox 525 2911 566 2982; x_wconf 75' lang='lat' dir='ltr'><strong>de</strong></span> <span class='ocrx_word' id='word_1_207' title='bbox 588 2912 678 2976; x_wconf 85' lang='lat' dir='ltr'><strong>Diua</strong></span> <span class='ocrx_word' id='word_1_208' title='bbox 691 2934 751 2998; x_wconf 89' lang='lat' dir='ltr'><strong>pro</strong></span> <span class='ocrx_word' id='word_1_209' title='bbox 763 2935 791 2979; x_wconf 91' lang='lat' dir='ltr'><strong>v.</strong></span> <span class='ocrx_word' id='word_1_210' title='bbox 808 2935 911 2990; x_wconf 80' lang='lat' dir='ltr'><strong>mare,</strong></span> <span class='ocrx_word' id='word_1_211' title='bbox 927 2923 961 2978; x_wconf 88' lang='lat' dir='ltr'><strong>et</strong></span> <span class='ocrx_word' id='word_1_212' title='bbox 983 2914 1058 2978; x_wconf 89' lang='lat' dir='ltr'><strong>inde</strong></span> <span class='ocrx_word' id='word_1_213' title='bbox 1078 2917 1199 3001; x_wconf 84' lang='lat' dir='ltr'><strong>profert</strong></span> <span class='ocrx_word' id='word_1_214' title='bbox 1214 2939 1280 2980; x_wconf 81' lang='lat' dir='ltr'><strong>onr-</strong></span> 
     </span>
     <span class='ocr_line' id='line_1_25' title="bbox 171 3015 1281 3100; baseline 0.004 -19"><span class='ocrx_word' id='word_1_215' title='bbox 171 3027 242 3081; x_wconf 82' lang='lat' dir='ltr'><strong>tem</strong></span> <span class='ocrx_word' id='word_1_216' title='bbox 257 3037 432 3100; x_wconf 81' lang='lat' dir='ltr'><strong>suamque</strong></span> <span class='ocrx_word' id='word_1_217' title='bbox 455 3015 515 3080; x_wconf 84' lang='lat' dir='ltr'><strong>hoc</strong></span> <span class='ocrx_word' id='word_1_218' title='bbox 536 3023 685 3080; x_wconf 81' lang='lat' dir='ltr'><strong>testetur.</strong></span> <span class='ocrx_word' id='word_1_219' title='bbox 729 3015 855 3080; x_wconf 86' lang='lat' dir='ltr'><strong>Profert</strong></span> <span class='ocrx_word' id='word_1_220' title='bbox 877 3017 979 3081; x_wconf 85' lang='lat' dir='ltr'><strong>eciem</strong></span> <span class='ocrx_word' id='word_1_221' title='bbox 999 3026 1121 3083; x_wconf 82' lang='lat' dir='ltr'><strong>certam</strong></span> <span class='ocrx_word' id='word_1_222' title='bbox 1137 3020 1281 3085; x_wconf 86' lang='lat' dir='ltr'><strong>eiusdem</strong></span> 
     </span>
     <span class='ocr_line' id='line_1_26' title="bbox 171 3118 1283 3208; baseline 0.004 -24"><span class='ocrx_word' id='word_1_223' title='bbox 171 3119 334 3185; x_wconf 86' lang='lat' dir='ltr'><strong>willelmi</strong></span> <span class='ocrx_word' id='word_1_224' title='bbox 357 3118 398 3184; x_wconf 92' lang='lat' dir='ltr'><strong>de</strong></span> <span class='ocrx_word' id='word_1_225' title='bbox 423 3119 511 3183; x_wconf 81' lang='lat' dir='ltr'><strong>Diua</strong></span> <span class='ocrx_word' id='word_1_226' title='bbox 534 3142 597 3204; x_wconf 91' lang='lat' dir='ltr'><strong>que</strong></span> <span class='ocrx_word' id='word_1_227' title='bbox 624 3127 765 3184; x_wconf 82' lang='lat' dir='ltr'><strong>testetur</strong></span> <span class='ocrx_word' id='word_1_228' title='bbox 791 3120 876 3206; x_wconf 89' lang='lat' dir='ltr'><strong>quod</strong></span> <span class='ocrx_word' id='word_1_229' title='bbox 905 3121 973 3206; x_wconf 87' lang='lat' dir='ltr'><strong>ipse</strong></span> <span class='ocrx_word' id='word_1_230' title='bbox 1000 3129 1034 3185; x_wconf 89' lang='lat' dir='ltr'><strong>et</strong></span> <span class='ocrx_word' id='word_1_231' title='bbox 1063 3123 1176 3208; x_wconf 78' lang='lat' dir='ltr'><strong>Agnes</strong></span> <span class='ocrx_word' id='word_1_232' title='bbox 1203 3147 1283 3189; x_wconf 82' lang='lat' dir='ltr'><strong>uror</strong></span> 
     </span>
     <span class='ocr_line' id='line_1_27' title="bbox 172 3221 1283 3313; baseline 0.004 -25"><span class='ocrx_word' id='word_1_233' title='bbox 172 3225 243 3288; x_wconf 80' lang='lat' dir='ltr'><strong>eius</strong></span> <span class='ocrx_word' id='word_1_234' title='bbox 267 3221 431 3287; x_wconf 87' lang='lat' dir='ltr'><strong>dederunt</strong></span> <span class='ocrx_word' id='word_1_235' title='bbox 455 3221 591 3286; x_wconf 86' lang='lat' dir='ltr'><strong>eendem</strong></span> <span class='ocrx_word' id='word_1_236' title='bbox 616 3229 735 3288; x_wconf 84' lang='lat' dir='ltr'><strong>terrem</strong></span> <span class='ocrx_word' id='word_1_237' title='bbox 759 3222 884 3288; x_wconf 86' lang='lat' dir='ltr'><strong>Simoni</strong></span> <span class='ocrx_word' id='word_1_238' title='bbox 903 3223 944 3287; x_wconf 91' lang='lat' dir='ltr'><strong>de</strong></span> <span class='ocrx_word' id='word_1_239' title='bbox 967 3223 1056 3288; x_wconf 80' lang='lat' dir='ltr'><strong>Diua</strong></span> <span class='ocrx_word' id='word_1_240' title='bbox 1073 3224 1138 3289; x_wconf 90' lang='lat' dir='ltr'><strong>filio</strong></span> <span class='ocrx_word' id='word_1_241' title='bbox 1153 3249 1211 3290; x_wconf 85' lang='lat' dir='ltr'><strong>suo</strong></span> <span class='ocrx_word' id='word_1_242' title='bbox 1226 3250 1283 3313; x_wconf 89' lang='lat' dir='ltr'><strong>pro</strong></span> 
     </span>
     <span class='ocr_line' id='line_1_28' title="bbox 173 3324 1282 3412; baseline 0.005 -22"><span class='ocrx_word' id='word_1_243' title='bbox 173 3325 327 3412; x_wconf 78' lang='lat' dir='ltr'><strong>homagio</strong></span> <span class='ocrx_word' id='word_1_244' title='bbox 357 3333 391 3388; x_wconf 91' lang='lat' dir='ltr'><strong>et</strong></span> <span class='ocrx_word' id='word_1_245' title='bbox 420 3324 556 3388; x_wconf 85' lang='lat' dir='ltr'><strong>seruicio</strong></span> <span class='ocrx_word' id='word_1_246' title='bbox 585 3347 642 3409; x_wconf 91' lang='lat' dir='ltr'><strong>pro</strong></span> <span class='ocrx_word' id='word_1_247' title='bbox 672 3347 698 3389; x_wconf 90' lang='lat' dir='ltr'><strong>v.</strong></span> <span class='ocrx_word' id='word_1_248' title='bbox 726 3347 820 3390; x_wconf 85' lang='lat' dir='ltr'><strong>mare.</strong></span> <span class='ocrx_word' id='word_1_249' title='bbox 847 3326 981 3412; x_wconf 80' lang='lat' dir='ltr'><strong>argenti.</strong></span> <span class='ocrx_word' id='word_1_250' title='bbox 1027 3325 1151 3392; x_wconf 90' lang='lat' dir='ltr'><strong>Profert</strong></span> <span class='ocrx_word' id='word_1_251' title='bbox 1181 3330 1282 3396; x_wconf 86' lang='lat' dir='ltr'><strong>eciem</strong></span> 
     </span>
     <span class='ocr_line' id='line_1_29' title="bbox 172 3427 1283 3516; baseline 0.004 -22"><span class='ocrx_word' id='word_1_252' title='bbox 172 3437 298 3494; x_wconf 64' lang='lat' dir='ltr'><strong>mnam</strong></span> <span class='ocrx_word' id='word_1_253' title='bbox 324 3427 469 3492; x_wconf 83' lang='lat' dir='ltr'><strong>eiusdem</strong></span> <span class='ocrx_word' id='word_1_254' title='bbox 493 3427 635 3492; x_wconf 85' lang='lat' dir='ltr'><strong>Simonis</strong></span> <span class='ocrx_word' id='word_1_255' title='bbox 656 3427 696 3491; x_wconf 89' lang='lat' dir='ltr'><strong>de</strong></span> <span class='ocrx_word' id='word_1_256' title='bbox 720 3427 809 3492; x_wconf 87' lang='lat' dir='ltr'><strong>Diuo</strong></span> <span class='ocrx_word' id='word_1_257' title='bbox 832 3450 894 3514; x_wconf 91' lang='lat' dir='ltr'><strong>que</strong></span> <span class='ocrx_word' id='word_1_258' title='bbox 918 3437 1060 3494; x_wconf 84' lang='lat' dir='ltr'><strong>testetur</strong></span> <span class='ocrx_word' id='word_1_259' title='bbox 1083 3430 1168 3516; x_wconf 91' lang='lat' dir='ltr'><strong>quod</strong></span> <span class='ocrx_word' id='word_1_260' title='bbox 1191 3432 1283 3498; x_wconf 86' lang='lat' dir='ltr'><strong>dedit</strong></span> 
     </span>
     <span class='ocr_line' id='line_1_30' title="bbox 173 3531 1283 3623; baseline 0.003 -25"><span class='ocrx_word' id='word_1_261' title='bbox 173 3533 284 3598; x_wconf 89' lang='lat' dir='ltr'><strong>eidem</strong></span> <span class='ocrx_word' id='word_1_262' title='bbox 300 3531 484 3596; x_wconf 83' lang='lat' dir='ltr'><strong>Thurstano</strong></span> <span class='ocrx_word' id='word_1_263' title='bbox 500 3539 620 3596; x_wconf 74' lang='lat' dir='ltr'><strong>terrem</strong></span> <span class='ocrx_word' id='word_1_264' title='bbox 635 3532 723 3596; x_wconf 83' lang='lat' dir='ltr'><strong>illem</strong></span> <span class='ocrx_word' id='word_1_265' title='bbox 738 3555 796 3618; x_wconf 93' lang='lat' dir='ltr'><strong>pro</strong></span> <span class='ocrx_word' id='word_1_266' title='bbox 811 3532 960 3621; x_wconf 88' lang='lat' dir='ltr'><strong>homagio</strong></span> <span class='ocrx_word' id='word_1_267' title='bbox 975 3542 1009 3598; x_wconf 88' lang='lat' dir='ltr'><strong>et</strong></span> <span class='ocrx_word' id='word_1_268' title='bbox 1024 3535 1158 3600; x_wconf 87' lang='lat' dir='ltr'><strong>seruicio</strong></span> <span class='ocrx_word' id='word_1_269' title='bbox 1174 3545 1208 3600; x_wconf 90' lang='lat' dir='ltr'><strong>et</strong></span> <span class='ocrx_word' id='word_1_270' title='bbox 1225 3560 1283 3623; x_wconf 89' lang='lat' dir='ltr'><strong>pro</strong></span> 
     </span>
     <span class='ocr_line' id='line_1_31' title="bbox 173 3633 1284 3712; baseline 0.006 -14"><span class='ocrx_word' id='word_1_271' title='bbox 173 3659 203 3701; x_wconf 86' lang='lat' dir='ltr'><strong>v.</strong></span> <span class='ocrx_word' id='word_1_272' title='bbox 215 3657 323 3712; x_wconf 79' lang='lat' dir='ltr'><strong>mero,</strong></span> <span class='ocrx_word' id='word_1_273' title='bbox 334 3633 518 3698; x_wconf 77' lang='lat' dir='ltr'><strong>habendam</strong></span> <span class='ocrx_word' id='word_1_274' title='bbox 534 3641 568 3697; x_wconf 90' lang='lat' dir='ltr'><strong>et</strong></span> <span class='ocrx_word' id='word_1_275' title='bbox 583 3633 757 3699; x_wconf 85' lang='lat' dir='ltr'><strong>tenendam</strong></span> <span class='ocrx_word' id='word_1_276' title='bbox 772 3642 830 3698; x_wconf 87' lang='lat' dir='ltr'><strong>eto.</strong></span> <span class='ocrx_word' id='word_1_277' title='bbox 868 3636 913 3700; x_wconf 87' lang='lat' dir='ltr'><strong>Et</strong></span> <span class='ocrx_word' id='word_1_278' title='bbox 927 3637 1052 3701; x_wconf 86' lang='lat' dir='ltr'><strong>desiout</strong></span> <span class='ocrx_word' id='word_1_279' title='bbox 1067 3637 1153 3702; x_wconf 91' lang='lat' dir='ltr'><strong>idem</strong></span> <span class='ocrx_word' id='word_1_280' title='bbox 1171 3639 1284 3705; x_wconf 88' lang='lat' dir='ltr'><strong>Simon</strong></span> 
     </span>
     <span class='ocr_line' id='line_1_32' title="bbox 173 3736 1282 3824; baseline 0.003 -20"><span class='ocrx_word' id='word_1_281' title='bbox 173 3763 252 3804; x_wconf 87' lang='lat' dir='ltr'><strong>enm</strong></span> <span class='ocrx_word' id='word_1_282' title='bbox 277 3737 355 3802; x_wconf 88' lang='lat' dir='ltr'><strong>inde</strong></span> <span class='ocrx_word' id='word_1_283' title='bbox 377 3737 524 3801; x_wconf 85' lang='lat' dir='ltr'><strong>feoffauit</strong></span> <span class='ocrx_word' id='word_1_284' title='bbox 548 3743 583 3800; x_wconf 89' lang='lat' dir='ltr'><strong>et</strong></span> <span class='ocrx_word' id='word_1_285' title='bbox 603 3736 766 3821; x_wconf 83' lang='lat' dir='ltr'><strong>predictus</strong></span> <span class='ocrx_word' id='word_1_286' title='bbox 781 3737 963 3804; x_wconf 83' lang='lat' dir='ltr'><strong>Willelmus</strong></span> <span class='ocrx_word' id='word_1_287' title='bbox 984 3740 1040 3824; x_wconf 91' lang='lat' dir='ltr'><strong>qui</strong></span> <span class='ocrx_word' id='word_1_288' title='bbox 1058 3739 1160 3806; x_wconf 80' lang='lat' dir='ltr'><strong>nunc²</strong></span> <span class='ocrx_word' id='word_1_289' title='bbox 1175 3750 1282 3807; x_wconf 92' lang='lat' dir='ltr'><strong>totum</strong></span> 
     </span>
     <span class='ocr_line' id='line_1_33' title="bbox 174 3837 1281 3929; baseline 0.003 -23"><span class='ocrx_word' id='word_1_290' title='bbox 174 3841 227 3906; x_wconf 88' lang='lat' dir='ltr'><strong>ius</strong></span> <span class='ocrx_word' id='word_1_291' title='bbox 241 3861 339 3906; x_wconf 86' lang='lat' dir='ltr'><strong>suurn</strong></span> <span class='ocrx_word' id='word_1_292' title='bbox 355 3837 442 3924; x_wconf 92' lang='lat' dir='ltr'><strong>quod</strong></span> <span class='ocrx_word' id='word_1_293' title='bbox 457 3837 573 3902; x_wconf 84' lang='lat' dir='ltr'><strong>habuit</strong></span> <span class='ocrx_word' id='word_1_294' title='bbox 588 3837 624 3901; x_wconf 91' lang='lat' dir='ltr'><strong>in</strong></span> <span class='ocrx_word' id='word_1_295' title='bbox 639 3837 751 3902; x_wconf 83' lang='lat' dir='ltr'><strong>eadem</strong></span> <span class='ocrx_word' id='word_1_296' title='bbox 767 3847 853 3904; x_wconf 82' lang='lat' dir='ltr'><strong>terro</strong></span> <span class='ocrx_word' id='word_1_297' title='bbox 868 3840 973 3906; x_wconf 87' lang='lat' dir='ltr'><strong>eidem</strong></span> <span class='ocrx_word' id='word_1_298' title='bbox 990 3843 1114 3907; x_wconf 89' lang='lat' dir='ltr'><strong>Simoni</strong></span> <span class='ocrx_word' id='word_1_299' title='bbox 1133 3845 1281 3929; x_wconf 87' lang='lat' dir='ltr'><strong>quietum</strong></span> 
     </span>
     <span class='ocr_line' id='line_1_34' title="bbox 174 3938 1140 4030; baseline 0.001 -21"><span class='ocrx_word' id='word_1_300' title='bbox 174 3941 342 4018; x_wconf 77' lang='lat' dir='ltr'><strong>clamauit,</strong></span> <span class='ocrx_word' id='word_1_301' title='bbox 356 3940 443 4027; x_wconf 89' lang='lat' dir='ltr'><strong>petit</strong></span> <span class='ocrx_word' id='word_1_302' title='bbox 458 3938 617 4004; x_wconf 89' lang='lat' dir='ltr'><strong>iudicium</strong></span> <span class='ocrx_word' id='word_1_303' title='bbox 632 3939 659 4003; x_wconf 84' lang='lat' dir='ltr'><strong>si</strong></span> <span class='ocrx_word' id='word_1_304' title='bbox 674 3939 791 4004; x_wconf 81' lang='lat' dir='ltr'><strong>debeat</strong></span> <span class='ocrx_word' id='word_1_305' title='bbox 806 3943 837 4006; x_wconf 90' lang='lat' dir='ltr'><strong>ei</strong></span> <span class='ocrx_word' id='word_1_306' title='bbox 852 3942 927 4008; x_wconf 87' lang='lat' dir='ltr'><strong>inde</strong></span> <span class='ocrx_word' id='word_1_307' title='bbox 942 3945 1140 4030; x_wconf 81' lang='lat' dir='ltr'><strong>respondere.</strong></span> 
     </span>
    </p>

    <p class='ocr_par' dir='ltr' id='par_1_5' title="bbox 174 4045 1284 4422">
     <span class='ocr_line' id='line_1_35' title="bbox 244 4045 1284 4137; baseline 0.006 -26"><span class='ocrx_word' id='word_1_308' title='bbox 244 4048 289 4111; x_wconf 88' lang='lat' dir='ltr'><strong>Et</strong></span> <span class='ocrx_word' id='word_1_309' title='bbox 303 4046 490 4111; x_wconf 85' lang='lat' dir='ltr'><strong>Willelmus</strong></span> <span class='ocrx_word' id='word_1_310' title='bbox 505 4045 597 4110; x_wconf 88' lang='lat' dir='ltr'><strong>uenit</strong></span> <span class='ocrx_word' id='word_1_311' title='bbox 612 4052 647 4109; x_wconf 91' lang='lat' dir='ltr'><strong>et</strong></span> <span class='ocrx_word' id='word_1_312' title='bbox 661 4045 807 4110; x_wconf 88' lang='lat' dir='ltr'><strong>defendit</strong></span> <span class='ocrx_word' id='word_1_313' title='bbox 822 4055 937 4125; x_wconf 88' lang='lat' dir='ltr'><strong>totum,</strong></span> <span class='ocrx_word' id='word_1_314' title='bbox 952 4056 986 4113; x_wconf 91' lang='lat' dir='ltr'><strong>et</strong></span> <span class='ocrx_word' id='word_1_315' title='bbox 998 4072 1109 4115; x_wconf 85' lang='lat' dir='ltr'><strong>omnes</strong></span> <span class='ocrx_word' id='word_1_316' title='bbox 1123 4051 1284 4137; x_wconf 84' lang='lat' dir='ltr'><strong>predictas</strong></span> 
     </span>
     <span class='ocr_line' id='line_1_36' title="bbox 174 4149 1284 4241; baseline 0.005 -26"><span class='ocrx_word' id='word_1_317' title='bbox 174 4158 292 4228; x_wconf 69' lang='lat' dir='ltr'><strong>cemes,</strong></span> <span class='ocrx_word' id='word_1_318' title='bbox 321 4157 356 4215; x_wconf 91' lang='lat' dir='ltr'><strong>et</strong></span> <span class='ocrx_word' id='word_1_319' title='bbox 384 4149 465 4215; x_wconf 87' lang='lat' dir='ltr'><strong>dicit</strong></span> <span class='ocrx_word' id='word_1_320' title='bbox 495 4149 582 4236; x_wconf 87' lang='lat' dir='ltr'><strong>quod</strong></span> <span class='ocrx_word' id='word_1_321' title='bbox 610 4149 679 4236; x_wconf 82' lang='lat' dir='ltr'><strong>ipse</strong></span> <span class='ocrx_word' id='word_1_322' title='bbox 708 4149 843 4214; x_wconf 83' lang='lat' dir='ltr'><strong>tmdidit</strong></span> <span class='ocrx_word' id='word_1_323' title='bbox 872 4157 991 4216; x_wconf 81' lang='lat' dir='ltr'><strong>terrem</strong></span> <span class='ocrx_word' id='word_1_324' title='bbox 1020 4153 1110 4218; x_wconf 87' lang='lat' dir='ltr'><strong>illam</strong></span> <span class='ocrx_word' id='word_1_325' title='bbox 1140 4156 1284 4241; x_wconf 87' lang='lat' dir='ltr'><strong>predicto</strong></span> 
     </span>
     <span class='ocr_line' id='line_1_37' title="bbox 175 4253 1284 4346; baseline 0.005 -26"><span class='ocrx_word' id='word_1_326' title='bbox 175 4253 304 4320; x_wconf 90' lang='lat' dir='ltr'><strong>Simoni</strong></span> <span class='ocrx_word' id='word_1_327' title='bbox 326 4263 361 4320; x_wconf 88' lang='lat' dir='ltr'><strong>et</strong></span> <span class='ocrx_word' id='word_1_328' title='bbox 383 4253 460 4318; x_wconf 89' lang='lat' dir='ltr'><strong>inde</strong></span> <span class='ocrx_word' id='word_1_329' title='bbox 485 4253 577 4339; x_wconf 87' lang='lat' dir='ltr'><strong>ponit</strong></span> <span class='ocrx_word' id='word_1_330' title='bbox 599 4276 633 4319; x_wconf 87' lang='lat' dir='ltr'><strong>se</strong></span> <span class='ocrx_word' id='word_1_331' title='bbox 657 4276 754 4341; x_wconf 82' lang='lat' dir='ltr'><strong>super</strong></span> <span class='ocrx_word' id='word_1_332' title='bbox 774 4255 912 4340; x_wconf 80' lang='lat' dir='ltr'><strong>patriam</strong></span> <span class='ocrx_word' id='word_1_333' title='bbox 932 4265 983 4322; x_wconf 85' lang='lat' dir='ltr'><strong>set</strong></span> <span class='ocrx_word' id='word_1_334' title='bbox 997 4259 1121 4324; x_wconf 83' lang='lat' dir='ltr'><strong>nullam</strong></span> <span class='ocrx_word' id='word_1_335' title='bbox 1136 4261 1284 4346; x_wconf 85' lang='lat' dir='ltr'><strong>producit</strong></span> 
     </span>
     <span class='ocr_line' id='line_1_38' title="bbox 175 4363 307 4422; baseline 0.015 -2"><span class='ocrx_word' id='word_1_336' title='bbox 175 4363 307 4422; x_wconf 74' lang='lat' dir='ltr'><strong>sentem.</strong></span> 
     </span>
    </p>
   </div>
   <div class='ocr_carea' id='block_1_3' title="bbox 390 4475 1164 4542">
    <p class='ocr_par' dir='ltr' id='par_1_6' title="bbox 390 4475 1164 4542">
     <span class='ocr_line' id='line_1_39' title="bbox 390 4475 1164 4542; baseline 0.008 -18"><span class='ocrx_word' id='word_1_337' title='bbox 390 4475 400 4507; x_wconf 87' lang='lat'>¹</span> <span class='ocrx_word' id='word_1_338' title='bbox 417 4475 448 4525; x_wconf 76' lang='lat' dir='ltr'><strong>A.</strong></span> <span class='ocrx_word' id='word_1_339' title='bbox 460 4491 496 4526; x_wconf 89' lang='lat' dir='ltr'><strong>m.</strong></span> <span class='ocrx_word' id='word_1_340' title='bbox 509 4477 524 4526; x_wconf 80' lang='lat'>4</span> <span class='ocrx_word' id='word_1_341' title='bbox 537 4476 562 4526; x_wconf 90' lang='lat' dir='ltr'><strong>d.</strong></span> <span class='ocrx_word' id='word_1_342' title='bbox 794 4477 804 4511; x_wconf 78' lang='lat'>²</span> <span class='ocrx_word' id='word_1_343' title='bbox 822 4479 920 4542; x_wconf 78' lang='lat' dir='ltr'><strong>supply</strong></span> <span class='ocrx_word' id='word_1_344' title='bbox 931 4481 1030 4542; x_wconf 79' lang='lat' dir='ltr'><strong>clamat,</strong></span> <span class='ocrx_word' id='word_1_345' title='bbox 1045 4482 1072 4530; x_wconf 75' lang='lat' dir='ltr'><strong>A.</strong></span> <span class='ocrx_word' id='word_1_346' title='bbox 1160 4495 1164 4503; x_wconf 96' lang='grc'><strong><em>·</em></strong></span> 
     </span>
    </p>
   </div>
   <div class='ocr_carea' id='block_1_4' title="bbox 0 0 1663 5234">
    <p class='ocr_par' dir='ltr' id='par_1_7' title="bbox 0 0 1663 5234">
     <span class='ocr_line' id='line_1_40' title="bbox 0 0 1663 5234; baseline 0 0"><span class='ocrx_word' id='word_1_347' title='bbox 0 0 1663 5234; x_wconf 95' lang='lat' dir='ltr'><strong> </strong></span> 
     </span>
    </p>
   </div>
  </div>
 </body>
</html>
