3212 5230
332 427 397 490 398
637 439 777 500 miser,
800 439 863 488 nn.
890 426 1067 500 1231111
1093 429 1140 488 15.

209 627 279 690 510,
397 611 559 678 Robertus
581 611 622 676 de
644 611 841 678 Oherletona
861 619 896 676 et
916 611 1038 678 cecilia
1054 635 1135 678 uxor
1149 613 1219 678 eius
1235 612 1448 678 Baldewinus

209 725 244 765 1³¹¹
244 726 276 766 οἱ
331 715 372 782 de
381 715 621 780 Whitewurthe
633 722 668 780 et
683 714 785 778 Lucis
799 737 880 778 uxor
894 713 965 779 eius
978 723 1099 801 petunt
1113 738 1226 780 uersus
1241 716 1447 780 Nieholaum

168 820 319 916 fflffldffln
332 820 437 884 filium
451 821 475 886 J
476 819 612 884 ohannis
626 819 707 884 dues
722 827 831 905 partes
842 819 952 884 dimid
964 819 1040 884 hide
1049 828 1084 884 et
1093 819 1203 884 dimid
1216 820 1345 906 uirgste
1354 827 1447 884 terre

169 925 182 962 ¹¹
168 919 309 1006 ,ζοἭ
333 945 407 986 cum
421 930 502 1008 pert.
518 922 553 986 in
569 921 720 986 Wedune
735 929 769 986 et
790 921 982 986 Bridelestir
1003 930 1042 986 ut
1064 921 1292 987 racionabilem
1313 929 1447 1007 partem

168 971 297 1148 1111ᾈῇ
333 1047 424 1090 suam
447 1047 510 1110 que
533 1047 587 1089 eos
609 1022 772 1110 contingit
793 1023 834 1088 de
858 1023 1040 1089 hereditate
1063 1046 1126 1110 que
1148 1025 1213 1089 fuit
1236 1024 1380 1090 Simonis
1404 1023 1449 1088 de

168 1106 296 1232 tants
333 1128 518 1193 Liteletone
540 1127 720 1213 suiipsius
743 1127 1388 1214 NieholeiettpatrisipsarumCeeilie
1412 1135 1449 1192 et

168 1204 319 1280 0fflffll¹l¹¹1¹=
333 1233 457 1298 Lueie
447 1255 482 1297 1n
498 1232 620 1298 eisdem
635 1232 724 1296 uillis
739 1241 799 1298 ete.

397 1339 443 1402 Et
459 1337 637 1402 Nieholeus
652 1337 746 1402 uenit
761 1345 795 1401 et
811 1345 868 1422 pet
854 1337 898 1402 tit
912 1335 1036 1402 inde
1004 1359 1112 1401 ursum
1128 1344 1162 1400 et
1177 1335 1277 1400 hsbet
1292 1336 1374 1422 quia
1389 1335 1449 1400 alii

332 1449 529 1529 cognoscunt
555 1441 642 1528 quod
667 1449 762 1528 pater
786 1441 931 1526 ipsorum
957 1463 1022 1506 non
1047 1441 1130 1506 obiit
1151 1441 1288 1506 seisitus
1333 1443 1449 1508 Datus

332 1557 382 1612 est
398 1547 444 1612 eis
458 1547 528 1612 dies
543 1555 601 1612 ete
619 1554 653 1610 et
668 1545 800 1610 interim
815 1543 893 1610 ete.¹

211 1667 282 1730 511,
398 1650 561 1714 Robertus
575 1649 616 1714 de
629 1649 802 1734 Kullinges
817 1648 938 1734 optulit
949 1671 982 1713 se
994 1649 1073 1734 iiije.
1086 1648 1139 1714 die
1151 1671 1264 1714 uersus
1274 1649 1448 1714 Abbetem

221 1766 273 1807 Μ
332 1755 363 1821 S.
380 1754 566 1820 Eedmundr'
580 1754 621 1818 de
639 1754 759 1839 placito
781 1753 868 1839 quod
890 1755 1049 1818 reeordari
1072 1755 1192 1820 faceret
1213 1755 1248 1819 in
1270 1755 1363 1820 euris
1386 1777 1448 1819 sue

332 1858 492 1944 loquelam
507 1880 571 1942 que
587 1856 651 1920 fuit
666 1857 701 1920 in
712 1856 826 1921 eedem
838 1857 928 1921 euris
938 1880 998 1922 sue
1006 1857 1093 1922 inter
1104 1858 1243 1923 eundem
1259 1859 1447 1922 liebertum

330 1961 528 2046 repellentem
554 1969 589 2024 et
612 1959 814 2024 Willelmum
842 1961 1033 2046 Mnuueysin
1056 1971 1090 2026 et
1112 1961 1315 2027 Willelmum
1338 1961 1448 2026 filium

331 2061 401 2125 eius
430 2061 613 2126 Welterum
644 2059 829 2124 Mauueisin
859 2067 893 2124 et
923 2059 1079 2145 quosdam
1108 2060 1187 2126 alios
1216 2062 1379 2147 spellatos
1405 2061 1446 2127 de

331 2165 436 2252 plagis
451 2173 486 2230 et
500 2187 579 2250 paee
595 2165 689 2229 Dom.
700 2163 800 2250 Regis
811 2163 950 2228 infracta
964 2163 1051 2228 unde
1066 2185 1121 2229 eos
1135 2165 1292 2250 apellauit
1303 2175 1339 2231 et
1355 2167 1445 2230 unde

331 2268 418 2334 idem
433 2268 596 2332 Rebertus
611 2267 760 2353 queritur
774 2266 836 2332 sibi
851 2267 968 2331 falsum
983 2269 1106 2332 factum
1123 2268 1220 2332 luisse
1235 2268 1397 2334 iudicium
1410 2269 1444 2334 in

331 2373 445 2438 eedem
460 2373 551 2438 curia
561 2395 599 2437 eo
611 2371 698 2458 quod
712 2395 787 2436 eum
803 2371 940 2457 predicti
954 2373 1089 2458 spellati
1104 2373 1287 2458 posuissent
1296 2397 1332 2439 se
1345 2397 1446 2461 super

330 2477 471 2564 petriam
485 2477 520 2541 in
536 2476 648 2541 eedem
664 2475 754 2540 curie
768 2483 802 2540 et
817 2497 875 2560 per
889 2475 1031 2561 patriam
1053 2476 1260 2542 recessissent
1278 2478 1388 2563 quieti
1402 2479 1444 2543 de

330 2580 436 2666 apello
451 2579 515 2657 ille,
530 2579 617 2644 idem
632 2578 745 2643 Abbes
762 2577 916 2666 exigebat
930 2578 972 2643 ab
989 2578 1102 2644 eodem
1117 2579 1261 2645 Roberto
1276 2581 1318 2647 xl.
1335 2581 1392 2647 sol.
1410 2591 1444 2646 et

327 2683 351 2769 j.
368 2683 440 2749 den.
455 2683 586 2747 nomine
608 2680 846 2746 recreeuntise⁸
864 2691 1022 2768 tanquam
1037 2683 1106 2768 ipse
1122 2682 1290 2748 conuictus
1305 2693 1394 2766 esset
1409 2683 1444 2748 in

331 2809 454 2874 eampo,
469 2795 503 2852 et
525 2785 611 2872 quod
632 2785 801 2850 reeordum
823 2786 906 2851 illud
928 2786 1065 2852 haberet
1087 2795 1146 2852 ete.
1167 2809 1226 2873 per
1245 2788 1302 2873 iiij.
1317 2789 1445 2854 milites

331 2901 402 2970 ete,
424 2901 458 2958 et
482 2891 567 2978 quod
592 2891 767 2978 diligenter
789 2891 967 2977 inquireret
993 2893 1050 2978 qui
1076 2893 1209 2958 fuerunt
1232 2894 1281 2958 illi
1305 2895 1362 2980 xij.
1386 2897 1443 2981 qui

331 2995 523 3060 iurauerunt
544 3002 579 3058 et
601 2993 717 3057 falsum
738 3003 976 3059 sacramentum
992 2996 1139 3060 fecerunt
1153 2995 1194 3062 de
1209 3019 1288 3082 paee
1303 2997 1445 3063 infracta

331 3108 366 3166 et
391 3100 463 3164 illos
486 3099 621 3164 haberet
647 3097 688 3163 ed
712 3097 895 3185 predictum
921 3098 1008 3164 diem
1030 3098 1072 3163 ed
1095 3100 1356 3185 respondendum
1380 3125 1444 3188 quo

331 3211 473 3268 wersnto
488 3201 570 3267 illud
585 3210 822 3266 sacramentum
835 3201 981 3267 fecerunt
991 3201 1062 3266 sine
1074 3211 1226 3289 precepto
1237 3204 1332 3270 Dom.
1342 3205 1444 3293 Regis

331 3307 384 3372 uel
397 3305 644 3371 iusticiariorum
660 3327 801 3382 suorum,
810 3313 870 3370 ete
909 3306 953 3370 Et
964 3305 1076 3371 Abbes
1088 3306 1187 3371 nichil
1198 3307 1275 3372 inde
1286 3309 1374 3387 feeit,
1383 3332 1443 3374 nec

330 3409 387 3496 iiij.
407 3408 528 3474 milites
547 3415 709 3473 uenerunt
729 3430 803 3472 cum
823 3407 960 3473 recordo.
1005 3407 1050 3472 Et
1069 3409 1142 3473 ideo
1164 3409 1250 3474 sieut
1271 3411 1363 3496 prius
1385 3412 1443 3477 fiet

330 3513 497 3578 reeordum
520 3519 555 3576 et
576 3511 658 3577 illud
681 3511 724 3576 sit
744 3533 765 3575 a
784 3511 836 3576 die
852 3520 911 3576 ete.
928 3533 986 3598 per
999 3511 1057 3598 iiij.
1073 3513 1196 3578 milites
1218 3513 1259 3578 de
1281 3516 1442 3582 comitatu

331 3615 388 3702 qui
402 3637 460 3701 pro
475 3615 564 3679 curis
577 3614 717 3679 Abbatis
732 3623 766 3678 et
781 3637 839 3700 pro
856 3615 986 3680 Abbate
1006 3616 1144 3682 audient
1165 3618 1322 3684 iudicium
1345 3643 1441 3686 suum

329 3719 371 3784 de
387 3717 447 3784 hoc
461 3717 547 3804 quod
561 3717 728 3782 reeordum
744 3740 808 3782 non
824 3719 970 3783 feeerunt
988 3741 1049 3784 nee
1069 3719 1152 3786 illud
1173 3721 1361 3788 hebuenmt
1381 3733 1441 3791 ete

331 3823 375 3886 Et
398 3821 565 3886 sciendum
591 3821 677 3908 qnod
702 3821 757 3907 xij.
782 3844 847 3886 non
874 3831 1036 3888 uenerunt
1061 3847 1121 3890 nec
1146 3825 1325 3892 uieecomes
1351 3829 1442 3894 misit

330 3926 462 3990 nomine
489 3925 641 4010 ipsorum.
686 3925 730 3990 Et
758 3925 832 3990 ideo
861 3926 945 3992 sicut
974 3927 1065 4014 prius
1094 3929 1279 4015 inquiratur
1307 3940 1343 3996 et
1369 3933 1441 3996 illos

330 4031 449 4096 habent
464 4030 506 4096 nd
520 4029 702 4116 predictum
718 4031 893 4095 terminum
909 4031 954 4096 ad·
965 4033 1223 4118 respondendum
1239 4043 1298 4100 ete

396 4137 474 4202 Post
495 4137 588 4201 uenit
610 4135 773 4200 Robertus
794 4145 830 4200 et
850 4137 986 4202 retraxit
1006 4160 1040 4203 se
1059 4161 1172 4203 uersus
1186 4139 1352 4206 Abbetem
1368 4141 1440 4206 ideo

364 4360 374 4393 ¹
392 4361 440 4410 See
450 4361 494 4409 Br.
509 4361 558 4412 376
572 4359 597 4409 b.
631 4359 714 4410 'l'here
730 4359 815 4410 would
831 4360 862 4411 be
944 4361 956 4393 ²
972 4361 1035 4411 This
1046 4377 1104 4412 ense
1115 4363 1139 4412 is
1149 4363 1216 4414 Fitz.
1232 4365 1308 4422 View,
1322 4367 1378 4418 174.

331 4427 440 4476 noriew
452 4425 606 4488 inslluper
617 4425 697 4476 Obiit.
944 4425 1026 4478 ³'l'he
1036 4427 1089 4477 fine
1100 4429 1127 4479 ol
1138 4429 1182 4480 the
1193 4436 1318 4482 remeent.
