3308 5226
361 393 424 460 662
664 403 802 466 nmmo,
823 400 889 454 An.
913 387 1007 464 1234,
1029 399 1093 450 sn.
1118 389 1168 450 18.

360 599 458 665 super
483 577 585 642 nitore
611 576 736 663 prefato
762 575 894 642 ecclesie
921 573 962 640 de
985 573 1152 652 Husdens,
1174 573 1389 661 clericusqui
1412 597 1472 660 per

361 681 533 748 monachos
547 680 588 746 de
604 678 859 746 Bermundeseic
872 677 937 743 fuit
955 677 1128 744 institutus
1145 677 1329 765 squietsbit
1346 677 1472 764 pmdic-

361 793 431 850 tsm
445 783 611 850 ecelesiam
633 803 745 848 uersus
759 779 956 870 Episcopum
977 780 1241 860 Bathoniensem
1255 789 1307 846 set
1325 780 1472 868 sigillum

362 887 498 954 Roberti
512 909 578 952 non
593 895 643 952 cst
658 886 843 972 appositum
858 883 935 950 huic
950 891 1045 950 csrte.
1064 881 1070 971 Ι

427 991 472 1056 Et
486 989 649 1056 Robertus
663 989 743 1054 dicit
758 987 844 1075 quod
859 994 947 1053 conte
962 987 1018 1052 ille
1032 1009 1092 1052 nec
1102 986 1343 1074 cyrographsci
1356 1008 1473 1052 nocere

361 1113 427 1158 non
455 1091 586 1170 debent,
616 1090 694 1177 quia
722 1097 796 1176 post
822 1089 922 1154 finem
950 1089 1044 1156 illum
1074 1096 1109 1154 et
1138 1097 1212 1175 post
1237 1089 1473 1156 confectionem

361 1203 523 1266 certatum
552 1193 756 1280 presentouit
784 1191 950 1280 predictus
979 1191 1143 1258 Robertus
1165 1215 1249 1260 suus
1270 1191 1313 1258 od
1333 1191 1473 1258 eandem

362 1297 529 1366 ecclesiam
544 1296 708 1384 quendem
722 1295 926 1364 Willclmum
945 1294 1138 1382 predictum,
1159 1303 1194 1362 et
1213 1297 1299 1382 petit
1319 1296 1473 1362 seisinam

361 1425 462 1480 susm,
478 1410 513 1468 et
526 1401 613 1489 quod
628 1401 677 1466 its
690 1401 754 1466 fuit
768 1399 899 1466 scisitus
912 1400 1007 1465 offert
1022 1398 1243 1468 dismcionare.

427 1506 472 1570 Et
487 1505 578 1569 Prior
591 1503 739 1590 quesitus
754 1510 866 1569 utmm
878 1501 970 1568 dedit
981 1503 1012 1568 ci
1023 1503 1203 1589 predictam
1214 1503 1474 1582 aduocationem,

362 1605 417 1672 uel
441 1605 626 1672 Willelmus
651 1603 692 1670 do
715 1604 898 1692 Moretoign
920 1605 974 1670 uel
997 1605 1160 1672 Rcbeitus
1181 1605 1222 1671 de
1245 1606 1375 1684 Briwcs,
1392 1607 1474 1672 dicit

363 1705 450 1794 quod
479 1705 645 1792 predictus
669 1705 840 1784 liebertus,
871 1713 906 1770 et
929 1703 1111 1770 dcaduocnt
1133 1707 1317 1793 predictum
1346 1708 1473 1775 Willel-

363 1833 463 1890 mum,
479 1818 513 1875 et
529 1817 622 1874 tenet
636 1832 670 1874 se
685 1809 727 1875 sd
742 1809 815 1896 cyr',
830 1809 922 1876 etad
941 1809 1022 1874 duas
1044 1819 1158 1890 emt-ss,
1178 1833 1317 1897 quarum
1336 1835 1403 1878 una
1422 1820 1474 1878 est

363 1914 404 1980 dc
427 1913 570 1980 Roberto
591 1936 662 1992 suo,
685 1921 721 1979 et
746 1914 850 1980 sltem
873 1913 914 1980 de
939 1914 1091 1980 Johannc
1117 1915 1186 1980 filio
1211 1915 1314 2002 ipsius
1337 1915 1475 1982 Rcberti

364 2018 429 2098 cui,
446 2017 523 2083 etsi
538 2025 626 2082 caste
641 2018 695 2084 uel
710 2017 775 2104 cyr'
789 2040 855 2083 non
869 2017 1036 2084 sufficiunt
1052 2017 1146 2084 dicit¹
1162 2019 1254 2084 aliud
1268 2019 1345 2086 etc.²

428 2121 541 2187 Assise
554 2121 647 2188 uenit
661 2121 904 2208 recogniturssi
916 2122 1069 2186 Elisnors
1080 2121 1255 2187 Comitisss
1265 2122 1474 2188 Penbrochii⁸

363 2225 484 2292 iniuste
499 2225 676 2291 disseisiuit
691 2224 867 2290 Ricardum
881 2225 935 2292 del
951 2226 1005 2290 Ηο
1021 2225 1062 2291 de
1076 2248 1251 2292 commune
1264 2237 1398 2313 pasture
1412 2248 1472 2292 sue

363 2330 399 2395 in
425 2330 561 2407 Lutons,
586 2351 649 2416 que
673 2328 817 2415 pertinet
842 2329 885 2396 ad
906 2330 1044 2396 liberum
1067 2338 1293 2396 tenementum
1320 2353 1416 2396 suum
1438 2330 1475 2396 in

364 2433 478 2502 eadem
493 2433 581 2513 uilla,
596 2441 669 2520 post
684 2433 823 2520 primam
839 2442 900 2498 etc.

429 2535 553 2602 Eodem
568 2536 668 2602 assisa
687 2543 722 2601 et
741 2558 800 2622 per
814 2535 943 2602 eosdem
965 2535 1060 2602 uenit
1081 2536 1287 2626 recognitum
1308 2536 1337 2602 si
1358 2535 1474 2602 eadem

285 2659 287 2664 ’
365 2639 540 2708 Comitissa
568 2639 690 2706 iniuste
720 2647 781 2708 etc.
818 2640 996 2706 disseisiuit
1032 2641 1192 2706 Thomam
1228 2641 1270 2708 de
1307 2641 1398 2707 Msrc
1433 2641 1476 2706 dc

363 2764 535 2812 commune
554 2750 687 2828 pssture
710 2765 768 2808 sue
790 2743 826 2808 in
848 2743 986 2824 Lutona,
1009 2767 1073 2830 que
1094 2745 1240 2831 pertinet
1261 2743 1304 2810 sd
1333 2745 1475 2810 liberum

362 2853 587 2912 tenementum
602 2868 699 2912 suum
714 2846 748 2912 in
763 2846 878 2912 eedem
892 2847 981 2925 uilla,
996 2856 1070 2933 post
1084 2848 1225 2933 primam
1240 2856 1302 2914 etc.

372 3029 374 3034 ι
429 2949 552 3015 Eodem
566 2949 667 3016 assisa
686 2957 721 3014 et
740 2972 799 3036 pcr
819 2951 948 3016 eosdem
969 2951 1063 3016 uenit
1086 2951 1292 3038 recognitum
1311 2949 1340 3016 si
1360 2949 1476 3016 eadem

364 3051 539 3119 Comitisse
551 3051 672 3116 iniuste
687 3060 746 3116 etc
764 3051 958 3118 disseisiuit⁴
972 3051 1013 3118 de
1033 3053 1220 3139 Assemgge
1240 3052 1281 3117 de
1303 3075 1477 3118 commune

363 3164 496 3242 pesture
510 3178 568 3221 suc
583 3155 618 3220 in
633 3156 770 3234 Lutonc„
785 3178 848 3242 que
864 3157 1008 3242 pertinet
1021 3155 1065 3222 sd
1084 3157 1225 3222 liberum
1245 3163 1474 3222 tenementum

364 3283 461 3331 suum
475 3260 511 3324 in
526 3259 640 3324 eadem
655 3260 744 3338 uills,
758 3268 832 3346 post
846 3261 985 3346 primam
1001 3269 1061 3326 cte

432 3364 477 3428 Et
493 3363 666 3430 Comitisss
676 3387 735 3450 per
748 3372 952 3430 ottometum
967 3388 1064 3430 suum
1078 3363 1172 3431 uenit
1184 3372 1218 3430 et
1232 3363 1316 3430 bene
1328 3362 1477 3429 concedit

364 3465 506 3544 assisam,
528 3466 585 3530 sed
610 3466 691 3532 dicit
713 3466 800 3552 quod
821 3467 893 3554 ipss
913 3467 1078 3533 neminem
1100 3465 1285 3546 disseisiuit,
1309 3465 1387 3553 quis
1404 3467 1478 3552 ipsa

364 3570 489 3634 nullam
525 3570 622 3636 sliam
658 3570 811 3636 seisinam
848 3571 949 3636 habet
993 3594 1091 3657 quom
1131 3569 1318 3636 Willelmus
1358 3569 1477 3636 Comes

365 3673 573 3738 Marcscsllus
601 3673 764 3759 quondam
794 3674 847 3739 uir
874 3697 953 3740 suus
989 3675 1107 3740 habuit
1142 3697 1203 3740 nec
1239 3673 1338 3739 nlism
1367 3696 1475 3760 ¹quom

364 3777 547 3842 Falcssius⁸
582 3779 699 3844 habuit
735 3787 813 3844 ante
849 3779 1033 3866 predictum
1070 3779 1273 3846 Willelmum
1311 3778 1476 3846 Comitem

364 3881 474 3946 uimm
488 3903 592 3946 suum

429 3984 473 4049 Et
508 3983 666 4050 imatores
701 3984 816 4052 dicunt
852 4009 950 4074 super
984 3993 1223 4053 sacramentum
1259 4008 1356 4051 suum
1386 3985 1475 4072 quod

363 4087 511 4175 predicte
536 4087 710 4154 comitissa
732 4089 857 4154 nullam
881 4090 928 4155 eis
957 4089 1035 4156 fecit
1063 4089 1276 4169 disseisinam,
1300 4088 1378 4176 quis
1403 4089 1478 4176 ipss

396 4224 584 4276 ¹Cou.dicet.
943 4225 1335 4280 witeorsmondattontfort.

395 4288 479 4340 'The
505 4289 593 4340 scticn
608 4303 668 4340 πω
694 4289 899 4353 compromiscd„
975 4292 986 4324 ⁴
1004 4291 1103 4354 supply
1114 4293 1293 4354 Repimldum.

365 4355 413 4406 See
424 4355 493 4404 Anu.
505 4353 646 4406 Bsrmumi
661 4370 686 4418 p.
700 4357 756 4404 458.
975 4357 1276 4408 “stkesofBrscute

396 4419 478 4468 ⁸'l'hs
505 4417 590 4480 king’s
617 4419 708 4478 sieten
742 4421 892 4472 afterwards
