3212 5230
351 413 415 477 384
656 425 798 488 sunm,
820 427 884 478 nn.
909 414 1003 490 1231,
1024 428 1087 478 nn
1112 415 1161 478 15.

185 612 306 706 §mg
348 619 409 662 nec
423 596 541 684 aliquis
555 603 794 662 antecessorum
808 620 940 663 suorum
955 598 1019 663 fuit
1033 598 1163 664 seisitus
1176 597 1344 664 decadem
1358 597 1462 663 aduo-

184 707 337 796 iibffiiiu‘
349 701 477 766 ⁰²⁰50119
497 701 546 765 ita
565 701 651 787 qUOd
673 701 716 766 ad
737 701 894 787 capellam
916 701 1006 766 illam
1028 711 1253 790 presentarent
1275 711 1310 768 et
1332 702 1462 768 desicut

185 803 320 888 ”Qnffi
348 805 434 892 petit
448 804 694 870 eduoeneionem
711 805 799 870 illius
814 807 936 892 capelle
951 807 992 872 de
1008 807 1127 872 seisine
1147 805 1286 893 predicti
1307 805 1462 893 Hugonis

185 859 200 888 Ι
222 860 236 888 u

184 860 336 1029 {ihfhdi‘
349 909 465 996 dequo
479 910 580 976 nichil
592 911 760 976 descendit
770 912 812 978 ed
823 911 931 998 ipsum
943 935 1003 976 nec
1015 911 1057 977 od
1068 921 1284 977 antecessores
1298 934 1374 977 suos
1388 911 1460 974 iure

185 989 337 1076 ete⁰⁶⁰¹¹⁰
349 1013 544 1080 hereditario
558 1037 618 1080 nec
633 1014 826 1080 descendere
841 1015 950 1100 potuit
965 1015 1028 1080 nisi
1042 1015 1083 1080 de
1099 1015 1189 1080 dono.

185 1081 315 1171 dioffi-
415 1118 459 1182 Et
474 1118 590 1184 Petrus
606 1141 671 1183 non
685 1119 795 1204 potuit
814 1119 874 1183 hoc
894 1117 1042 1183 dedicere
1062 1125 1097 1183 et
1116 1117 1189 1183 ideo
1209 1117 1461 1184 Consideratum

349 1221 500 1308 estquod
515 1221 670 1288 Priorisso
684 1221 760 1287 inde
776 1223 845 1288 sine
860 1221 913 1287 die
929 1229 963 1287 et
978 1222 1095 1287 Petrus
1109 1221 1145 1286 in
1160 1221 1386 1289 misericordie

227 1329 300 1393 489.
414 1324 577 1390 Robertus
593 1325 622 1389 le
639 1325 778 1410 Curteys
792 1325 833 1390 de
849 1324 1017 1390 Londoniu
1035 1325 1184 1411 queritur
1203 1324 1290 1410 quod
1311 1325 1463 1412 Rogerus

210 1429 304 1470 ΗΜ
350 1425 381 1491 le
396 1425 470 1490 Due
484 1425 589 1490 Maior
603 1426 768 1491 Londonie
784 1434 819 1491 et
837 1426 995 1492 Ricnrdus
1015 1427 1102 1492 filius
1118 1427 1254 1492 Walteri
1273 1436 1308 1493 et
1327 1427 1405 1492 Adi
1419 1427 1462 1492 de

349 1529 478 1594 Auners
493 1537 655 1594 uenerunt
670 1528 723 1593 die
739 1529 876 1594 Sabbeti
893 1529 1041 1616 proxima
1054 1537 1128 1616 post
1142 1530 1262 1594 festum
1279 1531 1309 1595 S.
1326 1529 1464 1594 Hillnrii

350 1632 393 1698 ed
415 1631 548 1697 domum
574 1655 666 1697 sunm
692 1639 727 1697 et
749 1640 965 1718 preceperunt
988 1631 1075 1718 quod
1098 1632 1345 1698 Bartholomeus
1371 1631 1463 1697 filius

234 1775 240 1792 ·
350 1758 428 1803 suus
449 1735 578 1802 ueniret
598 1735 640 1800 ad
663 1735 795 1800 domum
818 1735 950 1800 Maioris
970 1743 1004 1800 et
1024 1735 1209 1800 ostenderet
1223 1735 1345 1800 ibidem
1360 1757 1464 1821 quem

349 1838 532 1926 ingressum
561 1837 648 1903 idem
678 1838 841 1903 Robertus
867 1837 1002 1902 heberet
1027 1837 1063 1902 in
1088 1838 1228 1924 quodem
1253 1838 1391 1903 introitu
1418 1838 1466 1902 od

350 1943 483 2008 domum
498 1965 590 2008 suum
605 1942 641 2006 in
656 1942 823 2008 Londonie
837 1943 951 2030 etipse
967 1943 1214 2008 Bartholomeus
1228 1942 1350 2006 ibidem
1365 1942 1465 2006 uenit

350 2045 393 2111 ed
407 2054 597 2132 preceptum
616 2045 759 2131 ipsorum
780 2054 815 2111 et
836 2045 883 2112 eis
905 2045 1071 2132 respondit
1093 2046 1180 2132 quod
1201 2045 1307 2110 noluit
1328 2066 1465 2131 respon-

351 2148 427 2214 dere
442 2165 501 2212 nec
516 2147 631 2213 debuit
646 2147 687 2212 de
703 2148 803 2213 libero
817 2155 1005 2214 tenemento
1024 2170 1083 2213 suo
1102 2148 1172 2213 sine
1192 2155 1345 2234 precepto
1364 2147 1464 2212 Donn

351 2253 452 2340 Regis
466 2261 526 2318 etc.
543 2261 577 2316 et
591 2252 654 2338 ipsi
669 2275 767 2338 super
780 2252 840 2317 hoc
860 2252 1089 2317 nichilominus
1110 2274 1169 2338 per
1189 2251 1258 2316 uim
1281 2259 1316 2316 et
1337 2251 1466 2316 iniuste

351 2359 498 2424 fecerunt
513 2357 618 2422 eidem
634 2357 706 2423 Ade
721 2357 840 2422 habere
855 2357 1027 2422 introitum
1047 2358 1081 2422 in
1103 2357 1264 2444 quoddam
1287 2355 1469 2421 solarium¹

351 2461 409 2526 ubi
423 2460 513 2547 prius
527 2459 699 2524 introitum
714 2459 833 2524 habere
847 2483 912 2524 non
928 2461 1097 2526 consueuit
1108 2459 1171 2525 nisi
1182 2482 1241 2546 per
1250 2459 1332 2524 duos
1342 2459 1466 2524 solidos

351 2585 431 2650 quos
460 2561 536 2627 inde
565 2561 740 2648 aliquando
772 2563 929 2648 persoluit
958 2571 993 2628 et
1022 2563 1109 2650 quod
1137 2562 1281 2638 hostium
1310 2563 1390 2628 fecit
1420 2562 1467 2629 ed

351 2667 503 2733 solarium
517 2689 614 2732 suum
629 2667 687 2732 ubi
701 2667 845 2732 hostium
859 2668 978 2734 hebere
994 2691 1059 2733 non
1074 2667 1196 2733 debuit

417 2771 461 2836 Iit
476 2771 580 2835 Maior
594 2779 628 2836 et
643 2771 699 2835 alii
714 2771 805 2836 selua
820 2771 971 2836 libertate
992 2771 1137 2836 ciuitatis
1157 2769 1323 2835 Londonie
1345 2770 1466 2836 dicunt

350 2875 438 2961 quod
463 2897 578 2940 reuera
602 2875 766 2960 predictus
793 2875 868 2939 Ade
892 2875 1009 2940 hebuit
1034 2875 1206 2940 introitum
1231 2875 1267 2939 in
1296 2875 1465 2961 quoddam

350 2978 502 3045 solarium
524 3001 620 3043 suum
642 2977 678 3043 in
700 2977 867 3042 Londonie
888 2978 929 3044 xl.
952 2977 1047 3043 annis
1069 2977 1186 3064 elapsis
1206 2985 1240 3043 et
1260 3000 1299 3043 eo
1318 2980 1466 3066 emplius

350 3091 527 3168 antequem
556 3081 644 3146 idem
674 3081 837 3145 Robertus
866 3080 991 3167 aliquid
1020 3081 1155 3146 haberet
1180 3102 1280 3168 prope
1306 3083 1465 3148 solarium

349 3185 432 3251 illud
447 3195 481 3251 et
496 3209 570 3250 cum
585 3185 671 3250 idem
687 3184 762 3250 Ade
776 3185 878 3249 uellet
892 3184 1019 3272 ingredi
1039 3184 1191 3249 solarium
1207 3206 1303 3249 suum
1317 3186 1468 3271 prohibi·

350 3297 405 3353 tus
420 3289 484 3353 suu
498 3289 540 3353 ab
555 3288 625 3375 ipso
640 3288 783 3353 Roberto
799 3295 833 3352 et
847 3309 868 3352 e
887 3287 954 3352 suis
974 3287 1031 3374 qui
1049 3309 1124 3352 oum
1146 3286 1245 3351 ermis
1266 3287 1467 3354 resistebant

350 3390 438 3476 quod
459 3391 587 3478 ingredi
609 3413 675 3455 non
696 3389 806 3477 potuit
828 3389 915 3455 unde
935 3389 1022 3455 idem
1039 3389 1113 3454 Ada
1127 3398 1262 3476 questus
1276 3389 1341 3454 fuit
1356 3391 1467 3476 primo

350 3491 433 3558 uic’⁸
446 3501 481 3558 et
499 3501 612 3580 postea
631 3493 745 3558 maiori
765 3493 930 3558 Londonie
952 3500 988 3558 et
1009 3493 1072 3578 ipsi
1094 3493 1291 3558 summoneri
1313 3493 1467 3560 fecerunt

350 3596 533 3682 predictum
548 3597 729 3662 Robertum
744 3597 830 3684 quod
845 3598 974 3663 ueniret
988 3597 1030 3662 ed
1044 3596 1177 3661 domum
1192 3597 1323 3662 maioris
1336 3607 1374 3662 et
1385 3599 1465 3666 inde

350 3703 558 3789 responderet
572 3710 607 3768 et
621 3703 691 3789 ipse
711 3702 801 3766 misit
821 3700 943 3766 ibidem
963 3699 1228 3766 Bartholomeum
1243 3702 1347 3767 filium
1363 3726 1465 3769 suum

350 3807 408 3892 qui
423 3805 507 3871 dixit
521 3805 608 3892 quod
619 3806 659 3871 de
670 3806 771 3871 libero
786 3812 975 3870 tenemento
989 3827 1047 3869 suo
1062 3805 1253 3890 respondere
1268 3806 1377 3870 noluit
1391 3809 1464 3874 sine

351 3918 504 3997 precepto
518 3909 611 3974 Dom.
628 3909 737 3996 Regis,
747 3916 782 3974 et
793 3907 871 3995 quia
884 3906 972 3972 idem
987 3906 1095 3971 Adem
1109 3929 1168 3993 per
1182 3916 1314 3973 tontum
1328 3917 1465 3997 tempus

351 4013 415 4079 fuit
429 4013 464 4078 in
479 4013 597 4078 seisina
611 4013 652 4078 de
667 4012 812 4100 predicto
829 4011 966 4077 introitu
989 4011 1185 4098 requisitus⁴
1199 4013 1263 4077 fuit
1283 4012 1326 4078 ab
1346 4015 1464 4080 eodem

384 4190 536 4306 ¹?ngss
554 4191 620 4306 miii
647 4190 703 4241 The
718 4187 880 4267 demandent
930 4187 1167 4304 thpuAlplydesoontli
1193 4189 1258 4304 Sar
1252 4189 1299 4241 00.
1308 4189 1363 4241 Lit.
1375 4193 1428 4245 29³
1438 4207 1463 4244 n.

351 4271 487 4371 iiribeisin
499 4322 528 4370 of
543 4269 879 4382 iiilmeirrihiiitherimiieosiidii¹3
962 4269 1383 4374 ’oiceiiviriiiooffioecimiuun

353 4389 400 4435 not
413 4385 514 4438 deolnre
528 4400 563 4436 on
577 4386 623 4436 the
634 4386 714 4436 seisin
725 4387 754 4436 of
768 4401 785 4436 s
796 4385 880 4436 donor
962 4385 973 4416 ⁴
990 4385 1063 4435 corr.
1075 4388 1232 4449 requisitum.

353 4466 383 4501 or
394 4465 492 4514 convey
504 4450 561 4502 title
579 4455 605 4501 to
622 4450 729 4502 himself
743 4450 878 4502 otherwise
