3308 5226
399 437 461 505 676
607 449 838 512 monimum,
860 448 925 499 an.
950 435 1042 512 1232,
1064 451 1127 500 aa
1153 437 1288 504 1u—17.

398 635 590 702 carucatam,
611 623 689 710 quia
710 621 870 686 Radulfus
892 643 1028 707 persona
1050 621 1082 686 S.
1103 621 1231 686 Juliani
1252 630 1342 686 tenet
1361 621 1434 688 inde
1453 623 1491 687 xl.

396 833 497 898 nichil
512 832 619 910 habet,
635 853 694 896 nec
709 830 743 894 iu
758 829 894 894 seruicio
909 851 968 894 nec
983 829 1201 908 indominica
1216 838 1251 895 et
1271 830 1394 895 desicut
1413 830 1494 916 petit

395 943 499 1000 totam
530 935 620 999 illam
649 938 832 998 carucatam
856 931 992 1018 integre,
1017 939 1051 996 et
1077 931 1164 996 unde
1191 933 1291 998 frater
1315 955 1392 996 suus
1417 930 1494 996 obiit

394 1037 533 1113 seisitus,
548 1044 582 1100 et
597 1035 666 1121 ipse
681 1034 771 1098 illam
787 1034 914 1120 integre
929 1056 994 1098 non
1010 1043 1111 1110 tenet,
1126 1057 1186 1098 nec
1204 1036 1303 1099 frater
1321 1057 1398 1099 suus
1418 1034 1494 1098 obiit

394 1140 524 1204 seisitus
538 1139 665 1226 integre
680 1159 745 1200 non
760 1136 834 1200 uult
849 1135 1041 1221 respondere
1056 1136 1119 1200 nisi
1134 1136 1224 1202 curia
1241 1135 1494 1212 considerauerit,

395 1253 430 1310 ct
445 1244 532 1310 unde
547 1243 628 1309 dicit
643 1241 730 1328 quod
744 1263 809 1306 non
824 1249 916 1304 tenet
932 1239 994 1304 nisi
1009 1239 1090 1306 duas
1105 1249 1213 1326 partes
1235 1240 1324 1305 illius
1343 1247 1495 1316 cernente,

393 1355 428 1411 et
450 1346 530 1411 dicit
552 1344 638 1433 quod
662 1343 757 1428 longe
783 1350 860 1406 ante
889 1350 1027 1406 mortem
1051 1341 1153 1427 ipsius
1179 1341 1309 1432 Ricardi
1334 1341 1411 1406 data
1434 1343 1495 1406 fuit

393 1456 480 1514 terra
494 1449 559 1528 ills,
574 1457 609 1513 et
623 1447 704 1512 dicit
718 1445 805 1532 quod
822 1445 857 1510 in
872 1445 1060 1533 Wenrugge
1080 1468 1145 1510 non
1165 1454 1215 1511 est
1236 1446 1300 1512 nisi
1323 1469 1389 1512 una
1409 1469 1495 1511 cmu-

393 1561 704 1722 cataliterhiidulfus²
724 1651 811 1740 quod
831 1652 989 1718 Ricardus
1010 1653 1110 1716 frater
1123 1674 1202 1717 suus
1216 1652 1298 1718 obiit
1312 1653 1441 1718 scisitus
1454 1652 1493 1718 de

393 1781 460 1824 una
473 1767 631 1835 carucata,
646 1765 681 1822 et
695 1756 765 1842 ipse
785 1757 876 1821 illam
896 1757 981 1842 petit
1000 1756 1049 1820 ita
1071 1756 1197 1842 integre
1219 1757 1304 1821 sicut
1328 1757 1396 1842 ipse
1418 1757 1495 1822 obiit

393 1861 523 1927 scisitus
544 1870 579 1926 et
601 1882 665 1925 non
687 1860 790 1935 aliter,
811 1868 845 1924 et
867 1859 950 1924 bene
976 1859 1057 1925 dicit
1083 1860 1169 1946 quod
1194 1860 1295 1926 nichil
1323 1861 1440 1926 clamat
1462 1860 1495 1925 in

393 1967 547 2054 predictis
572 1967 613 2031 xl.
638 1989 699 2031 scr.
725 1989 806 2052 quas
831 1965 978 2051 predicta
1002 1987 1139 2052 persona
1164 1973 1264 2039 tenet,
1289 1987 1352 2030 nec
1377 1967 1411 2030 in
1435 1965 1496 2031 illis

392 2069 546 2156 predictis
566 2069 622 2154 iiij.
638 2091 699 2133 acr.
715 2089 795 2154 quas
814 2068 981 2154 predictus
1002 2077 1111 2132 custos
1132 2075 1233 2145 tenet,
1254 2077 1289 2134 et
1311 2067 1494 2154 dicitquod

393 2173 462 2238 sine
489 2181 575 2237 terra
596 2172 653 2236 illa
678 2179 729 2236 est
752 2171 799 2238 ibi
823 2170 964 2257 quedam
990 2169 1162 2258 carucata}
1183 2171 1278 2257 plene
1304 2181 1342 2236 et
1365 2171 1494 2258 integre.

393 2275 437 2340 Et
452 2277 610 2342 iuratores
629 2275 699 2340 sine
719 2283 919 2340 sacramenta
940 2273 1061 2360 quesiti
1079 2274 1109 2338 si
1127 2274 1292 2360 predictus
1314 2275 1495 2340 Randultus

391 2387 503 2444 teneat
525 2379 651 2465 integre
672 2401 770 2444 uuam
791 2385 973 2443 carucatam
989 2385 1074 2442 teme
1089 2386 1198 2464 preter
1212 2385 1334 2442 terram
1350 2378 1446 2456 illam,
1460 2387 1493 2444 et

390 2481 419 2546 si
440 2481 584 2568 predicte
604 2480 693 2566 xliiij.
717 2502 789 2546 acre
811 2479 878 2544 siut
899 2479 940 2544 de
963 2501 1093 2566 corpore
1117 2479 1205 2544 illius
1228 2490 1378 2546 carucate
1403 2489 1491 2556 terre,

390 2585 505 2650 dicunt
519 2586 605 2672 quod
625 2585 789 2672 predictus
809 2583 992 2650 Randulfus
1013 2592 1104 2650 tenet
1121 2583 1146 2670 j.
1161 2593 1347 2650 carucatam
1369 2585 1491 2672 integre

389 2699 499 2776 preter
512 2689 612 2770 illam,
628 2697 663 2756 et
678 2697 765 2754 terra
783 2688 841 2754 illa
860 2710 925 2752 non
947 2695 998 2753 est
1020 2688 1061 2754 de
1083 2711 1213 2775 corpore
1235 2688 1325 2755 illius
1346 2700 1491 2756 camcste

390 2803 481 2859 terre.

454 2897 532 2963 Post
546 2897 639 2962 uenit
653 2895 836 2960 Randulfus
851 2903 885 2960 et
900 2895 980 2960 dicit
995 2895 1082 2982 quod
1096 2895 1195 2962 assisa
1214 2919 1280 2961 non
1300 2897 1401 2963 debet
1418 2898 1491 2964 inde

389 3001 460 3066 fieri
475 3001 553 3088 quia
566 2999 730 3086 predictus
745 2997 903 3064 Ricardus
917 3021 982 3064 non
997 2998 1079 3064 obiit
1090 2997 1166 3064 inde
1180 2998 1312 3064 saisitus
1326 3000 1404 3086 quia
1418 3009 1491 3066 ante

389 3113 527 3170 mortem
551 3125 643 3169 suam
668 3102 760 3167 dedit
785 3101 855 3188 ipse
881 3101 1039 3168 Ricardus
1064 3101 1096 3167 ei
1121 3110 1240 3168 terram
1266 3103 1359 3168 illam
1384 3126 1442 3189 per
1463 3127 1491 3170 v.

388 3209 587 3294 septimanas
609 3214 687 3271 ante
710 3211 848 3270 mortem
872 3227 964 3270 suam
988 3211 1024 3269 et
1049 3227 1107 3290 per
1130 3213 1252 3270 cartam
1278 3229 1373 3274 suam
1397 3231 1491 3296 quam

388 3312 511 3397 profert
533 3319 592 3377 etc.
615 3309 664 3374 ita
685 3307 772 3394 quod
797 3315 875 3372 ante
898 3315 1036 3372 mortem
1062 3307 1164 3394 ipsius
1187 3309 1320 3376 Ricardi
1342 3312 1492 3398 apposuit

388 3413 458 3499 ipse
480 3435 627 3478 carucam
649 3433 750 3488 suam,
766 3417 801 3476 et
814 3432 921 3474 coram
942 3409 1035 3476 Dum
1056 3409 1199 3476 Mar-tino
1218 3411 1259 3476 de
1280 3412 1492 3480 Patheshulla

386 3517 503 3582 recita²
517 3517 581 3582 luit
602 3525 691 3582 carta
710 3515 767 3580 illa
786 3523 880 3580 extra
898 3515 1056 3602 capellam
1071 3515 1112 3580 de
1127 3515 1316 3594 Wautham,
1330 3527 1366 3583 et
1380 3527 1491 3605 postea

385 3621 506 3686 iterum
528 3621 665 3686 recitata
686 3618 749 3684 fuit
771 3619 858 3705 apud
880 3619 1126 3684 Herefordiam⁸
1141 3629 1176 3686 et
1191 3620 1238 3685 ibi
1252 3643 1286 3686 se
1302 3621 1429 3688 dimisit
1443 3623 1491 3688 ita

384 3725 471 3812 quod
497 3725 565 3812 ipse
592 3724 774 3790 Randulfus
797 3723 885 3810 cepit
911 3724 1063 3811 homagia
1083 3731 1118 3790 et
1140 3724 1316 3792 fidelitates
1336 3727 1386 3792 ita
1405 3728 1489 3814 quod

383 3827 548 3915 predictus
582 3827 739 3892 Ricardus
772 3825 872 3892 nichil
902 3826 1027 3914 legauit
1055 3828 1096 3894 de
1126 3829 1224 3894 rebus
1252 3829 1288 3894 in
1317 3839 1407 3896 terra
1435 3831 1490 3896 illa

383 3931 608 3998 existentibus
1162 3981 1175 4000 .

447 4037 492 4102 Et
514 4031 717 4100 Randullus‘
736 4032 796 4096 hoc
818 4039 926 4097 totum
951 4032 1099 4098 defendit
1125 4041 1160 4098 et
1186 4033 1267 4099 dicit
1292 4035 1380 4121 quod
1403 4035 1488 4100 idem

382 4139 540 4206 Ricardus
560 4159 727 4224 nunquam
749 4158 783 4201 se
806 4135 931 4202 dimisit
952 4146 1003 4202 set
1023 4137 1105 4203 obiit
1125 4136 1201 4202 inde
1216 4138 1347 4204 scisitus
1363 4147 1399 4206 et
1413 4139 1487 4204 inde

381 4242 474 4330 ponit
488 4264 523 4308 se
538 4262 635 4326 super
649 4239 797 4304 iuratam.

412 4411 422 4444 ¹
441 4407 539 4473 Sapply
548 4410 621 4466 dicit,
632 4407 664 4456 B.
989 4405 1000 4438 ⁸
1016 4405 1089 4456 (lorr.
1100 4407 1244 4471 Hertsord’‚
1260 4407 1291 4458 B.

412 4475 423 4510 ²
439 4475 510 4524 Gerr.
522 4477 639 4531 recitata,
651 4472 680 4525 B.
988 4472 999 4503 ⁴
1016 4471 1087 4521 Ocrr.
1100 4473 1243 4536 Rudulsuu
1261 4473 1335 4536 llud,
1349 4473 1382 4526 Β.
