3260 5218
335 449 378 512 38
455 519 457 522 ,
504 457 649 540 ¹rusum
670 457 744 508 uun
765 459 914 520 mrum,
937 458 1000 508 nn.
1026 445 1120 520 1219,
1141 459 1204 508 aa
1228 447 1256 508 3.

335 633 435 719 Regis
449 631 490 698 de
505 632 660 698 warentia
674 641 708 696 et
723 632 792 718 ipse
808 631 971 696 Otewicus
985 629 1066 694 illud
1087 631 1165 694 tulit
1185 631 1226 695 ad
1241 631 1464 705 comitatum,

334 743 369 800 et
390 735 425 800 in
447 735 543 820 pleno
564 734 721 798 comitatu
743 733 826 798 illud
847 732 984 797 tradidit
1005 733 1197 810 uicecomiti,
1212 741 1247 797 et
1264 733 1463 798 uiceeomes

334 839 417 904 illud
437 839 544 926 legere
564 839 642 903 fecit
662 839 696 902 in
717 837 855 923 publico,
869 845 903 900 et
919 837 1092 901 comitatus
1109 859 1174 900 non
1188 836 1297 900 omisit
1311 845 1463 922 propter

335 941 395 1007 hoc
409 942 488 1028 quin
503 963 600 1028 super
614 941 695 1006 illud
710 941 809 1005 breue
824 939 947 1004 domini
963 939 1062 1025 Regis
1080 939 1120 1004 de
1141 941 1295 1004 warentia
1314 940 1457 1005 adiudi-

334 1044 423 1108 cauit
437 1043 587 1108 saisinam
608 1043 752 1129 predicte
772 1051 857 1107 terre
878 1043 1004 1128 prefato
1024 1041 1199 1120 Gileberto,
1213 1043 1339 1108 desicut
1357 1051 1461 1108 terra

334 1148 441 1234 petita
454 1148 518 1212 fuit
538 1147 580 1212 ad
599 1147 711 1212 horam
733 1167 792 1232 per
810 1145 976 1231 plcuinam
991 1154 1026 1210 et
1041 1145 1110 1210 dies
1123 1145 1220 1210 datus
1234 1147 1298 1212 fuit
1312 1147 1457 1212 domino

334 1274 393 1316 suo
414 1273 473 1337 per
494 1249 705 1314 essoniatores
724 1271 807 1325 suos,
821 1256 856 1312 et
878 1247 965 1334 quod
987 1248 1035 1312 ita
1056 1249 1156 1334 peciit
1177 1258 1296 1314 terram
1318 1249 1455 1314 domini

335 1354 386 1420 sui
400 1376 459 1440 per
471 1354 638 1439 pleuinam
653 1353 738 1417 sicut
752 1351 935 1438 predictum
953 1361 1011 1428 est,
1029 1360 1064 1415 et
1082 1349 1168 1437 quod
1190 1351 1239 1418 ita
1258 1351 1355 1416 datus
1377 1352 1452 1415 fuit

335 1458 404 1522 dies
432 1457 563 1521 domino
591 1479 650 1520 suo
681 1478 740 1542 per
767 1456 978 1519 essoniatores
1008 1477 1091 1531 suos,
1116 1463 1151 1519 et
1180 1455 1266 1541 quod
1290 1455 1449 1521 dominus

334 1560 405 1624 Rex
434 1559 483 1624 ita
511 1558 735 1622 warantizauit
764 1557 894 1621 domino
920 1579 978 1621 suo
1007 1557 1190 1642 predictum
1220 1557 1316 1634 diem,
1345 1558 1447 1622 offert

334 1663 530 1728 diracionare
550 1683 663 1726 uersus
683 1661 875 1726 comitatum
894 1669 992 1746 prout
1006 1661 1096 1725 curia
1113 1661 1363 1725 considerauen't
1382 1684 1446 1746 per

334 1785 448 1850 corpus
470 1763 637 1828 cuiusdam
660 1763 753 1827 liberi
775 1761 914 1826 hominis
933 1762 985 1826 sui
1004 1762 1140 1826 Roberti
1154 1761 1194 1826 de
1209 1761 1369 1848 (lloptona
1383 1763 1442 1848 qui

334 1868 394 1932 hoo
417 1868 512 1932 offert
534 1865 669 1952 probare
692 1887 751 1951 per
773 1887 887 1950 corpus
910 1885 1006 1928 suum
1030 1865 1114 1929 sicut
1137 1865 1192 1929 ille
1213 1865 1271 1950 qui
1290 1865 1443 1930 interfuit

334 1971 376 2036 ad
404 1971 596 2036 comitatum
622 1979 657 2035 ot
682 1970 768 2034 uidit
793 1978 827 2034 et
852 1969 982 2034 audiuit
1007 1969 1066 2034 ubi
1091 1969 1256 2055 predictus
1278 1969 1442 2034 Otewicus

334 2073 495 2138 commisit
516 2073 700 2138 uioecomiti
722 2073 756 2137 in
778 2073 936 2137 comitatu
958 2073 1055 2156 pleno
1076 2072 1175 2136 breue
1198 2071 1321 2136 domini
1340 2071 1441 2158 Regis

333 2175 374 2240 de
404 2176 566 2252 warentia,
596 2183 631 2239 et
659 2175 718 2238 ubi
746 2174 843 2238 datus
873 2174 936 2238 fuit
965 2173 1035 2237 dies
1071 2173 1319 2238 essoniatoribus
1355 2173 1442 2237 sicut

333 2279 515 2365 predictum
539 2287 590 2344 est
615 2287 676 2343 etc.
702 2287 737 2342 et
762 2278 790 2342 si
814 2277 855 2342 do
880 2299 918 2342 eo
945 2277 1029 2341 male
1055 2277 1229 2364 contigerit
1256 2299 1314 2364 per
1338 2277 1441 2341 alium

334 2385 391 2470 qui
406 2383 466 2449 hoc
480 2385 583 2448 facere
598 2383 700 2469 possit
714 2391 749 2447 et
763 2382 888 2447 debeat.

398 2488 442 2552 Et
456 2488 594 2574 predicti
608 2487 664 2574 iiij.
681 2487 802 2552 milites
816 2507 874 2572 pro
888 2485 1046 2550 comitatu
1061 2483 1175 2548 dicunt
1196 2483 1282 2570 quod
1302 2483 1368 2548 tale
1389 2491 1441 2548 est

332 2589 498 2656 recordum
521 2591 606 2656 sicut
629 2589 692 2676 ipsi
715 2589 804 2676 prius
830 2588 987 2653 recordati
1012 2595 1098 2665 sunt,
1122 2595 1157 2652 et
1182 2587 1268 2674 quod
1294 2587 1360 2652 tale
1389 2597 1442 2652 est

332 2695 473 2758 offerunt
495 2693 691 2758 diracionare
717 2715 830 2757 uersus
855 2692 962 2777 ipsum
988 2689 1207 2777 Reginaldum
1232 2698 1329 2776 prout
1350 2690 1442 2754 curia

332 2796 583 2862 considerauerit
597 2819 783 2883 percorpus
802 2795 970 2860 cuiusdam
990 2793 1085 2858 liberi
1104 2793 1244 2857 hominis
1263 2793 1304 2857 de
1325 2793 1439 2857 eodem

332 2900 489 2965 comitatu
520 2899 679 2986 Stephani
707 2898 839 2985 Anglici
868 2897 924 2983 qui
953 2895 1013 2961 hoc
1039 2895 1134 2961 offert
1159 2895 1356 2960 diracionare
1380 2919 1441 2981 per

331 3025 447 3090 corpus
476 3027 572 3069 suum
600 3005 685 3069 deut
713 3003 769 3068 ille
798 3002 855 3087 qui
884 2999 1034 3065 interfuit
1062 2999 1104 3063 ad
1134 3021 1244 3063 omnes
1278 2997 1440 3083 predictos

331 3109 505 3172 comitatus
520 3117 554 3172 et
569 3108 654 3172 uidit
668 3116 702 3172 et
717 3107 847 3172 audiuit
861 3113 968 3170 totum
983 3103 1150 3168 recordum
1161 3103 1245 3166 siout
1256 3101 1439 3187 predictum

332 3219 391 3287 est,
413 3213 467 3275 uel
489 3211 531 3275 ad
552 3211 790 3275 defendendum
812 3231 1006 3296 percorpus
1028 3231 1124 3272 suum
1146 3207 1230 3271 sicut
1252 3205 1342 3270 curia
1362 3227 1439 3269 con-

331 3311 522 3377 siderauerit
537 3311 623 3396 quod
637 3312 686 3376 ita
699 3333 764 3375 non
783 3319 833 3375 est
853 3311 937 3374 sicut
955 3309 1119 3395 predictus
1139 3307 1338 3395 Reginaldus
1357 3306 1439 3370 dicit

331 3424 366 3479 et
381 3415 409 3479 si
423 3415 464 3480 de
480 3414 532 3479 eo¹
548 3415 631 3478 male
646 3414 819 3500 contigerit
834 3435 892 3500 per
906 3413 1007 3478 alium
1023 3411 1080 3498 qui
1094 3412 1154 3476 hoc
1169 3411 1271 3476 facere
1286 3412 1387 3497 possit
1402 3420 1438 3475 et

331 3515 456 3581 debeat.

397 3619 441 3684 Et
460 3617 660 3704 Reginnldus
681 3618 776 3682 offert
795 3617 929 3703 probare
949 3639 1007 3703 per
1021 3639 1136 3702 corpus
1150 3616 1287 3703 predicti
1302 3616 1438 3681 Roberti

330 3721 417 3808 quod
431 3721 479 3785 ita
493 3721 556 3785 fuit
570 3720 656 3784 sicut
670 3720 739 3806 ipse
754 3720 834 3784 dicit
848 3721 902 3784 uel
917 3719 1089 3784 defendere
1110 3719 1195 3804 quod
1215 3719 1264 3783 ita
1285 3741 1350 3782 non
1374 3719 1439 3782 fuit

330 3826 415 3890 sicut
436 3825 573 3911 predicti
595 3825 716 3889 milites
738 3824 953 3902 recordentur,
972 3824 1057 3889 sicut
1077 3824 1167 3888 curia
1185 3823 1437 3888 considerauerit

330 3929 416 4016 quod
430 3929 564 4014 probare
579 3929 633 3992 uel
647 3927 818 3992 defendere
833 3927 957 3992 debeat

395 4033 439 4097 Et
461 4032 538 4118 quia
559 4031 745 4096 conuictum
767 4039 817 4095 est
839 4031 926 4117 quod
946 4029 1136 4096 assederunt
1157 4028 1332 4094 comitatus
1353 4027 1438 4092 infra

329 4145 395 4201 tres
420 4135 617 4222 septimanas
638 4143 750 4199 contra
771 4133 1038 4199 consuetudinem
1064 4133 1164 4219 regni,
1187 4131 1436 4198 Consideratum

329 4247 380 4304 est
408 4239 494 4325 quod
523 4239 697 4303 comitatus
721 4239 757 4303 in
782 4238 999 4303 misericordia
1022 4261 1080 4324 pro
1103 4237 1160 4302 illa
1183 4233 1436 4322 transgressione

329 4351 363 4406 et
392 4341 592 4428 Reginaldus
621 4340 740 4405 habeat
769 4340 920 4405 eeiSinam
949 4363 1050 4414 suam,
1081 4347 1115 4402 et
1148 4337 1225 4424 quia
1257 4337 1435 4401 uicecomes

577 4469 586 4502 ¹
605 4468 719 4531 Stephon
730 4467 848 4530 English,
864 4468 908 4518 the
918 4471 1015 4530 oounty
1026 4451 1174 4530 cliampion.
