3308 5226
507 443 648 508 1111111,
670 443 736 494 sn.
760 429 941 505 113111,
965 431 1014 494 18.
1244 437 1306 499 651

201 619 265 683 suit
280 626 448 683 coronator
463 617 601 704 contigit
616 615 716 703 quod¹
732 616 947 682 infortunium
967 618 1008 683 de
1024 617 1164 704 quodam
1179 621 1309 687 homine

202 720 260 807 qui
289 720 406 786 cecidit
437 720 476 784 da
503 720 643 806 quadam
673 719 794 798 arbore,
818 728 853 784 ct
879 743 954 785 cum
983 722 1047 808 ipsi
1072 723 1251 789 uicecomes
1275 733 1309 790 et

201 833 370 889 coronator
384 831 418 888 et
433 822 512 888 alia*
527 822 754 888 conuenissent
769 824 812 889 ad
831 825 1091 890 attachiamento
1108 827 1255 893 facienda
1268 827 1310 893 ad

201 930 385 1016 predictum
399 927 591 1005 manerium,
602 927 696 992 uenit
710 927 798 991 idem
813 927 925 993 Abbas
940 951 1015 993 cum
1029 937 1128 1015 gente
1143 939 1310 1017 magnast

201 1033 327 1098 amouit
346 1033 433 1118 ipsos
455 1039 490 1097 et
511 1055 570 1118 per
591 1031 660 1096 uim
680 1031 826 1096 incuria
849 1054 908 1096 sua
930 1033 1007 1097 fecit
1028 1034 1309 1101 attachiamente⁸.

202 1135 294 1200 Dicit
320 1136 423 1200 eciam
447 1134 534 1221 quod
557 1135 626 1220 ipse
649 1156 709 1199 nec
734 1133 847 1199 uenire
869 1133 976 1212 debet,
991 1158 1051 1200 nec
1073 1137 1174 1202 alium
1195 1159 1254 1223 pro
1276 1159 1310 1203 se

202 1240 334 1304 mittere
364 1240 495 1305 nomine
525 1247 613 1304 secte
642 1239 821 1304 secundum
851 1239 937 1326 quod
962 1240 1145 1326 predictum
1176 1251 1234 1320 est,
1260 1251 1310 1308 set

202 1363 330 1428 semper
354 1342 418 1406 fuit
442 1341 573 1428 quietus
597 1363 654 1426 per
677 1341 782 1406 carta⁴
805 1342 982 1407 secundum
1007 1342 1093 1428 quod
1118 1343 1310 1428 predictum,

203 1453 238 1510 61
252 1445 328 1510 inde
343 1445 436 1530 ponit
451 1467 485 1510 se
500 1466 598 1530 super
612 1445 752 1530 patriam
767 1445 795 1510 si
810 1445 903 1510 Dom.
919 1447 990 1510 Rex
1005 1447 1066 1511 hoc
1081 1448 1281 1512 concesserit.

268 1548 313 1611 Et
328 1547 439 1611 Abbas
461 1545 612 1611 similitor
630 1546 723 1632 ponit
741 1569 775 1610 se
795 1569 893 1632 super
906 1547 1046 1632 patriam
1064 1549 1151 1633 quod
1168 1551 1261 1616 Dom.
1277 1551 1308 1616 J.

202 1651 274 1716 Rex
302 1651 431 1737 q'uendo
454 1651 546 1716 dedit
572 1651 778 1716 hundredum
801 1653 884 1718 illud
909 1652 1055 1718 Abbacie
1078 1653 1119 1718 de
1145 1654 1310 1742 Radinges

202 1756 267 1821 fuit
282 1756 317 1820 in
332 1756 451 1821 seisina
465 1764 499 1820 et
514 1756 583 1841 ipse
598 1763 719 1841 postea
735 1764 769 1821 ct
788 1757 875 1842 quod
894 1756 982 1821 idem
1003 1757 1166 1822 Robertus
1186 1759 1309 1824 nullam

202 1861 320 1926 habuit
342 1861 560 1947 quietantiam
582 1883 641 1947 per
662 1869 766 1926 cartas
793 1861 873 1926 illas.
918 1861 962 1926 Et
985 1861 1097 1927 Abbas
1122 1863 1215 1949 ponit
1241 1865 1310 1930 loco

202 1973 264 2030 etc.

145 2125 151 2137 .
267 2066 451 2134 Johannes⁵
465 2066 663 2133 Produmma
678 2067 895 2132 summonitus
915 2068 978 2132 fuit
993 2067 1035 2134 ad
1049 2071 1309 2156 respondendum
1419 2111 1424 2122 ·

204 2171 349 2237 Galsrido
364 2170 405 2235 de
421 2170 525 2236 Omcc
540 2191 639 2256 quare
654 2169 690 2234 ui
705 2178 740 2234 et
750 2179 862 2235 contra
873 2171 1037 2236 iusticiam
1047 2172 1155 2238 utitur
1169 2173 1309 2260 quadam

203 2277 260 2340 uia
274 2261 309 2340 et
329 2297 401 2340 eam
422 2282 514 2339 tenet
532 2275 620 2338 ultra
643 2281 763 2338 terram
783 2295 875 2339 suam
900 2275 940 2340 de
955 2275 1136 2354 Waletona,
1157 2299 1255 2364 quam
1274 2277 1309 2342 in

204 2401 244 2444 ea
258 2379 376 2443 habere
391 2401 456 2443 non
470 2379 569 2444 debet
581 2386 619 2442 ut
631 2377 751 2443 dicitur
765 2387 835 2457 etc,
851 2387 885 2444 et
896 2379 984 2445 unde
996 2381 1144 2466 queritur
1155 2382 1241 2468 quod
1252 2403 1310 2468 per

203 2505 300 2548 usum
315 2481 408 2547 illum
423 2481 638 2546 deterioratus
655 2489 705 2546 est
721 2489 755 2546 et
770 2480 948 2568 dampnum
964 2483 1064 2549 habet
1075 2483 1118 2550 ad
1128 2485 1309 2551 ualenciam

204 2587 246 2654 xl.
262 2587 317 2652 sol.

271 2693 315 2756 Et
329 2691 418 2756 Jord’
434 2691 526 2755 uenit
541 2698 576 2755 et
591 2691 737 2755 defendit
749 2691 818 2755 uim
839 2699 873 2756 61
893 2691 1054 2771 iniuriam,
1070 2701 1104 2758 61
1124 2693 1204 2758 dicit
1224 2694 1310 2780 quod

205 2817 315 2860 omnes
330 2803 546 2860 antecessores
561 2795 613 2860 sui
632 2817 653 2859 s
672 2802 851 2880 conquestu
867 2795 986 2881 Anglie
1002 2817 1129 2882 semper
1143 2797 1309 2882 hucusque

205 2909 239 2966 et
254 2901 407 2986 usquein
422 2899 613 2964 hodiernum
635 2899 722 2964 diem
742 2900 793 2963 usi
813 2908 891 2964 sunt
913 2899 969 2964 uia
989 2900 1047 2964 illa
1069 2908 1103 2964 et
1120 2899 1201 2965 dicit
1222 2900 1310 2986 quod

205 3004 363 3070 Ricardus
377 3011 472 3089 pater
491 3027 568 3068 suus
591 3005 654 3068 fuit
673 3003 750 3068 inde
770 3003 805 3067 in
825 3003 944 3068 seisina
964 3012 998 3067 et
1013 3027 1090 3068 usus
1105 3003 1169 3067 fuit
1183 3003 1240 3068 uia
1253 3004 1311 3070 illa

205 3115 350 3193 tempore
365 3106 466 3192 Regis
479 3107 503 3170 J
503 3157 520 3182 .,
535 3115 570 3171 et
585 3107 653 3191 ipse
668 3106 876 3192 postmodum
896 3129 1023 3192 semper
1046 3106 1110 3171 fuit
1129 3107 1165 3171 in
1183 3107 1309 3185 seisina,

205 3209 288 3274 sicut
304 3209 345 3274 de
360 3209 418 3272 illo
432 3231 495 3294 que
511 3208 655 3294 pertinet
669 3208 711 3273 ad
727 3217 952 3274 tenementum
973 3208 1060 3294 quod
1080 3208 1149 3295 ipse
1167 3216 1259 3276 tenet
1274 3211 1309 3275 in

204 3311 318 3376 eadem
333 3309 422 3388 uilla,
437 3319 471 3375 et
487 3310 572 3396 quod
588 3311 653 3374 tale
668 3311 712 3374 sit
727 3309 778 3374 ius
793 3333 888 3375 suum
904 3319 939 3375 et
954 3310 1040 3396 quod
1055 3310 1103 3375 ita
1117 3333 1195 3376 usus
1210 3325 1260 3378 cst
1275 3321 1310 3378 61

205 3415 275 3502 ipse
292 3423 326 3480 et
341 3423 435 3501 pater
450 3438 528 3480 suus
542 3415 636 3502 ponit
650 3438 684 3480 se
700 3437 797 3501 super
811 3415 961 3502 patriam.

270 3519 314 3584 Et
329 3519 494 3584 Galfridus
508 3520 602 3585 uenit
618 3527 652 3584 et
667 3519 747 3584 dicit
770 3519 856 3605 quod
871 3519 996 3583 nullam
1017 3517 1065 3583 ibi
1086 3517 1175 3583 uiam
1191 3519 1310 3586 habere
1407 3511 1413 3522 ’

204 3623 312 3702 debet,
326 3647 386 3688 nec
401 3632 495 3709 pater
509 3647 587 3688 suus
602 3623 666 3688 fuit
681 3623 757 3688 inde
773 3623 808 3688 in
823 3623 943 3688 seisina
956 3623 1065 3710 aliquo
1086 3632 1232 3712 tempore
1248 3625 1311 3690 nisi

204 3729 244 3794 de
259 3727 469 3814 permissione
489 3736 523 3793 et
537 3728 710 3792 uoluntate
726 3727 901 3814 Reginaldi
916 3727 956 3791 de
973 3727 1077 3794 Grues
1092 3729 1194 3814 patris
1209 3728 1261 3793 sui
1276 3737 1310 3793 et
1421 3761 1426 3770 ·

204 3831 334 3918 quando
359 3840 447 3896 terra
474 3832 532 3896 illa
560 3831 645 3895 iacet
673 3831 806 3906 inculta,
836 3837 871 3894 et
901 3830 981 3895 dicit
1011 3829 1097 3916 quod
1127 3831 1310 3916 antiquitus

203 3933 335 4002 redacta
349 3935 413 4002 fuit
429 3943 515 4002 terra
530 3933 587 4000 illa
601 3933 636 3999 in
651 3933 812 3998 culturam
825 3940 859 3996 et
874 3932 997 3997 fectum
1009 3933 1072 3997 fuit
1087 3931 1134 3997 ibi
1148 3933 1309 4019 quoddam

204 4047 364 4104 essartum
393 4065 452 4126 per
480 4050 695 4106 antecessores
725 4037 827 4124 ipsius
854 4036 1000 4115 Galiridi,
1026 4036 1084 4101 ubi
1113 4037 1223 4101 nullus
1252 4059 1309 4102 an·

205 4149 345 4207 teccssor
358 4142 459 4226 ipsius
479 4141 616 4206 Jordani
636 4141 724 4205 uiam
745 4139 864 4205 habuit
886 4161 946 4204 neo
969 4138 1087 4203 habere
1111 4137 1234 4216 debuit,
1249 4161 1309 4205 nec

241 4277 250 4310 ¹
267 4277 326 4325 Om.
338 4276 410 4354 quod.
786 4275 842 4326 The
853 4274 938 4324 Abbot
953 4272 1063 4322 insisted
1078 4273 1136 4323 that
1151 4263 1309 4350 1161111111·

239 4339 651 4455 Ξ1111111α11ὴ1111(11611(1611111111
702 4419 734 4454 ns
785 4335 1279 4455 minitdiiiuciirffiifflmhmm

208 4467 252 4519 the
263 4468 396 4519 witnessea
413 4469 494 4532 ought
511 4473 539 4520 to
555 4469 586 4519 bs
603 4473 673 4520 ottae
693 4467 733 4518 ed.
816 4469 827 4502 ⁸
843 4469 913 4520 (1011.
925 4471 1062 4520 Jordonm.
