3196 5226
470 477 608 540 eninr,
630 477 696 526 nn.
721 463 814 541 1224,
835 476 899 527 nn
921 465 949 527 8.
1197 459 1259 529 187

151 647 238 735 Regi
267 671 317 713 xx.
349 671 474 714 marces
499 673 557 736 pro
578 650 624 714 sic
648 649 733 736 quod
759 650 915 736 placitum
944 648 1027 714 illud
1051 647 1204 735 procedet
1227 655 1262 712 et

153 773 212 838 pro
237 752 284 816 sic
308 751 397 838 quod
427 752 514 817 idem
537 753 698 817 Robertus
719 761 820 837 ponet
841 773 875 817 sc
897 753 932 816 in
954 773 1107 838 magnam
1129 749 1261 815 assisam

153 856 239 920 sicut
254 856 333 921 fecit
348 865 494 942 tempore
508 857 539 921 J.
555 856 655 943 Regis
670 865 784 920 contra
797 864 924 942 petrem
939 877 1042 920 suum.

100 1013 107 1025 .
220 959 366 1025 Oristina
394 959 436 1024 de
461 959 598 1024 Bolebec
620 981 679 1044 per
699 967 901 1023 attornatum
923 981 1019 1023 suum
1041 957 1126 1044 petit
1149 979 1261 1042 uersus

155 1063 290 1127 Petrum
316 1063 357 1128 de
380 1063 476 1127 Wick
499 1071 534 1127 et
557 1063 732 1129 Cristinam
756 1086 889 1127 uxorem
915 1064 985 1128 eius
1009 1085 1111 1128 unum
1135 1085 1260 1126 mesua-

155 1165 246 1250 gium
276 1188 351 1230 cum
380 1174 462 1251 pert.
489 1165 524 1230 in
549 1165 717 1252 Wigornie
741 1174 781 1230 ut
803 1165 856 1230 ius
880 1189 976 1230 suum
1001 1174 1060 1231 etc.
1087 1173 1122 1230 ct
1146 1165 1261 1229 Petrus

156 1279 190 1332 et
216 1268 363 1334 Gristina
383 1277 584 1333 uocauerunt
605 1269 648 1334 ed
669 1278 849 1334 warantum
874 1270 1059 1334 Johennem
1083 1270 1123 1334 de
1145 1269 1260 1334 Wiche

156 1373 211 1459 qui
236 1373 334 1437 uenit
356 1381 391 1436 et
417 1373 464 1437 cis
489 1373 711 1437 warentizauit
735 1381 794 1438 etc.
840 1373 885 1437 Et
911 1373 1055 1440 (ir-istinc
1076 1395 1135 1460 per
1159 1381 1284 1456 ottor-¹

156 1486 270 1541 natum
301 1499 399 1541 suum
421 1477 507 1563 petit
530 1499 644 1542 uersus
668 1477 852 1542 Johennem
875 1478 959 1543 illud
982 1479 1162 1566 mesegium
1186 1501 1260 1543 cum

156 1589 236 1666 pert.
268 1590 307 1645 ut
337 1581 389 1645 ius
418 1603 514 1645 suum
543 1581 629 1646 unde
658 1582 730 1667 ipse
755 1582 819 1646 fuit
848 1583 960 1646 scisite
982 1591 1021 1646 ut
1045 1583 1085 1647 de
1109 1583 1202 1647 feodo
1225 1591 1260 1646 et

156 1685 224 1748 iure
239 1694 276 1748 et
291 1685 328 1748 in
341 1685 502 1750 dominico
522 1693 666 1772 tempore
687 1686 718 1750 J.
738 1686 838 1773 Regis
858 1685 1013 1772 capiendo
1033 1687 1108 1752 inde
1131 1687 1261 1772 expleta

156 1787 197 1852 ed
211 1788 393 1853 ualenciem
410 1811 437 1853 v.
454 1789 507 1854 eoi
524 1797 583 1854 etc.
600 1797 634 1854 ct
649 1789 683 1853 in
697 1789 784 1876 quod
799 1789 868 1876 ipsc
883 1812 948 1854 non
964 1790 1063 1855 hebet
1078 1789 1260 1876 ingressum

157 1890 218 1954 nisi
248 1913 310 1976 per
338 1891 445 1955 Adam
469 1891 574 1956 filium
603 1891 730 1956 Edwini
754 1891 807 1956 cui
832 1891 994 1956 Robertus
1017 1891 1058 1956 de
1083 1891 1261 1956 Mauuerne

157 1993 322 2078 quondam
351 1993 404 2057 uir
426 1994 528 2079 ipsius
551 1993 691 2060 Oristine
714 1993 796 2058 illud
817 1993 942 2058 dimisit
964 1993 1018 2058 cui
1043 1993 1115 2080 ipsc
1135 2001 1261 2058 contra-

156 2096 262 2161 dicere
277 2119 344 2160 non
359 2097 468 2182 potuit
483 2106 541 2162 etc.
558 2105 593 2162 et
607 2097 683 2162 inde
698 2097 847 2184 producit
861 2105 992 2162 sectam.

220 2203 267 2267 Et
296 2203 463 2268 Jchannee
492 2205 585 2270 uenit
614 2214 649 2270 ct
678 2205 824 2270 defendit
852 2207 904 2270 ius
929 2228 1026 2270 suum
1053 2213 1087 2270 et
1111 2206 1261 2270 seisinem

157 2327 248 2370 suam
273 2315 310 2370 et
340 2306 420 2370 dicit
450 2307 536 2393 quod
562 2307 726 2372 Walterus
756 2308 797 2373 de
826 2307 965 2373 Bolebec
995 2309 1094 2372 freter
1117 2307 1262 2394 predicte

154 2409 300 2474 Cristine
324 2411 416 2476 cuius
436 2412 530 2476 heres
548 2411 618 2498 ipsc
638 2419 688 2476 est
705 2412 885 2498 menagium
902 2412 985 2476 illud
1007 2412 1099 2477 dedit
1118 2411 1261 2476 Roberto

156 2511 196 2576 dc
225 2513 408 2596 Meuuerne
438 2515 600 2599 quondam
626 2515 696 2578 uiro
727 2536 785 2578 suo
814 2536 872 2599 per
901 2523 1023 2578 curtem
1046 2537 1139 2579 suem
1162 2537 1260 2600 quem
1295 2590 1299 2600 Ι

156 2617 278 2699 profert
293 2625 329 2680 ct
344 2639 407 2702 qne
422 2617 543 2680 donum
558 2615 640 2681 illud
654 2625 796 2681 testetur
810 2625 845 2681 et
864 2617 1026 2682 Robertue
1047 2618 1128 2682 illud
1146 2617 1260 2682 uendi-

156 2720 205 2784 dit
226 2720 376 2806 predicto
390 2720 463 2784 Ade
484 2721 533 2784 ite
555 2721 641 2806 quod
662 2721 733 2806 ipsc
754 2721 898 2788 Gristine
918 2745 1087 2807 nunquam
1109 2723 1260 2787 seicinam

157 2823 231 2888 inde
247 2823 368 2888 hebuit
382 2825 445 2888 nisi
458 2823 586 2888 racione
601 2825 665 2888 uiri
679 2825 730 2889 sui
746 2847 821 2889 cum
836 2825 905 2911 ipso
920 2826 991 2890 uiro
1006 2849 1072 2892 suc.

220 2927 266 2990 Et
287 2925 432 2990 Cristine
450 2947 510 3012 per
528 2933 730 2991 ettcmetum
750 2949 845 2991 suurn
865 2927 1011 2992 defendit
1029 2936 1150 2992 cartam
1171 2928 1260 2992 illem

156 3036 190 3092 et
211 3029 361 3115 sigillum
383 3036 418 3092 et
439 3028 561 3093 donum
583 3037 618 3094 et
639 3029 720 3094 dicit
742 3029 828 3115 quod
849 3030 921 3114 ipsa
944 3029 1086 3094 Oristine
1109 3029 1262 3094 successit

156 3131 263 3196 eidem
278 3132 425 3196 Waltero
439 3131 475 3196 in
490 3133 671 3198 hereditate
686 3133 743 3197 ille
758 3133 836 3219 quia
848 3133 1013 3197 Wolterus
1029 3133 1111 3196 obiit
1132 3133 1262 3197 seieitus

158 3234 196 3299 dc
209 3235 269 3299 illo
283 3234 428 3322 mesagio
443 3243 477 3298 et
492 3233 576 3320 ipce¹
590 3243 664 3321 post
678 3242 815 3299 mortem
831 3234 901 3298 eius
916 3235 1032 3300 habuit
1053 3236 1205 3300 eeisincm
1220 3236 1261 3301 de

157 3338 211 3402 illo
225 3339 372 3425 mesagio
389 3347 428 3402 ut
448 3338 489 3403 de
506 3339 687 3404 hereditate
705 3361 765 3402 suc.
781 3359 841 3402 nec
859 3339 1023 3424 predictus
1038 3340 1145 3404 Adam
1161 3341 1261 3404 elium

156 3439 339 3528 ingressum
370 3441 486 3506 habuit
515 3441 577 3505 nisi
605 3464 664 3527 per
693 3442 873 3506 Robertum
904 3443 1011 3506 uirum
1044 3467 1140 3508 suum
1177 3445 1263 3509 sicut

157 3544 342 3628 predictum
366 3551 425 3620 est,
447 3552 482 3608 et
507 3543 583 3608 inde
606 3543 757 3629 producit
779 3553 901 3609 sectam
923 3545 1146 3624 sufficientem,
1169 3549 1259 3624 talen,

157 3647 281 3711 scilicet
302 3654 362 3710 etc.
386 3646 443 3731 qui
465 3645 525 3710 hoc
547 3646 686 3710 offerunt
708 3646 842 3732 probare
865 3647 950 3711 sicut
972 3648 1061 3712 curie
1083 3649 1261 3713 considero

157 3749 252 3814 uerit
299 3749 344 3812 Et
368 3749 536 3814 Johannes
557 3749 650 3813 uenit
672 3758 707 3813 ct
732 3749 878 3814 defendit
902 3751 987 3836 quod
1010 3751 1174 3816 Waltcrus
1197 3775 1262 3816 non

156 3853 240 3918 obiit
270 3851 346 3917 inde
369 3852 499 3916 scisitus
521 3853 598 3938 quie
619 3874 677 3937 per
697 3861 763 3917 tres
785 3875 885 3918 annos
908 3863 984 3918 ante
1008 3863 1146 3919 mortem
1169 3877 1261 3920 suam

155 3956 280 4020 donum
310 3953 394 4018 illud
420 3954 501 4018 fecit
528 3955 670 4040 predicto
696 3954 768 4019 Ade
798 3963 979 4020 etcertum
1009 3979 1101 4020 cunm
1128 3957 1204 4022 inde
1230 3960 1262 4024 ei

155 4061 241 4126 fecit
288 4059 333 4124 Et
354 4059 501 4144 quesitus
518 4059 550 4124 ei
571 4059 647 4123 inde
669 4066 790 4123 sectam
813 4059 972 4137 habuerit,
987 4060 1067 4124 dicit
1089 4059 1175 4146 quod
1197 4084 1261 4127 non

154 4171 206 4228 set
221 4161 318 4226 offert
336 4182 455 4246 ponere
476 4182 510 4226 se
531 4183 627 4247 super
644 4160 784 4224 iuratam
804 4160 882 4225 uille
897 4161 1063 4248 Wigornie
1083 4163 1260 4228 secundum

153 4265 426 4332 consuetudinem
438 4266 524 4343 uilio,
541 4274 574 4329 et
588 4265 682 4329 offert
697 4265 790 4329 Dom.
807 4263 906 4350 Regi'
920 4287 977 4352 pro
993 4265 1141 4330 habenda
1155 4266 1262 4331 iurata

153 4378 189 4434 et
218 4368 378 4454 recipitur
407 4367 484 4454 quie
514 4367 656 4434 Cristine
679 4390 737 4453 per
760 4375 961 4432 attornetum
987 4391 1082 4432 suum
1109 4369 1201 4454 ponit
1227 4393 1261 4435 so

253 4488 355 4538 ¹Corr.
368 4491 432 4552 ipso.
597 4487 696 4539 ²Whut
710 4503 769 4538 sum
780 4487 812 4539 he
825 4487 992 4538 odereddocc
1004 4489 1050 4538 not
1062 4503 1164 4550 appear.
