3196 5226
417 417 555 478 unsrun,
578 415 642 464 nn.
667 401 760 477 1222,
783 416 846 464 aa.
870 405 897 466 6.
1145 407 1207 468 143

126 609 193 650 nam
214 593 246 650 et
267 583 333 648 ideo
353 583 447 669 ponit
469 605 503 646 sa
524 583 558 646 in
579 581 828 646 misericordiam
844 590 877 646 et
893 583 970 668 quia
984 571 1036 670 iij.
1053 585 1209 652 iuratores
1251 665 1252 670 ἵ

123 689 269 754 dederunt
284 688 310 752 ei
324 688 474 752 seisinam
489 687 530 752 de
546 687 647 750 libero
662 695 848 752 tenemento
864 695 898 751 et
912 689 1013 753 nichil
1034 691 1153 754 clamat
1168 691 1208 756 de

122 794 211 858 libero
232 800 422 868 tenemento,
439 791 685 856 Consideratum
705 799 755 854 est
770 791 856 876 quod
871 791 925 878 xij.
942 793 976 856 in
991 794 1209 860 misericordia

122 898 196 960 sicut
211 895 352 960 conuicti

121 1111 276 1167 contentus
300 1102 381 1165 infra
403 1101 564 1186 predictas
586 1109 689 1164 metas
712 1123 776 1163 non
799 1107 849 1164 est
864 1099 904 1164 de
922 1101 1065 1166 manerio
1080 1102 1120 1167 de
1141 1104 1207 1168 Bil-

121 1205 265 1292 lingeheie
281 1205 357 1290 quia
371 1205 510 1290 quedam
525 1226 599 1289 pars
613 1203 701 1266 illius
722 1202 849 1266 marisci
871 1211 921 1266 est
942 1203 981 1268 de
1003 1205 1207 1272 Northkime.

122 1311 229 1373 Dicunt
244 1309 346 1372 eciam
367 1307 453 1393 quod
475 1307 510 1371 in
532 1307 675 1370 manerio
697 1307 736 1370 de
760 1307 975 1393 Billingeheie
997 1308 1081 1372 sicut
1103 1309 1208 1394 inqui-

122 1436 179 1478 rere
193 1422 333 1499 possunt‚
349 1419 426 1476 sunt
441 1411 494 1496 xij.
511 1419 659 1476 caruccte
675 1419 758 1474 terre
774 1419 841 1474 tam
857 1411 892 1474 in
908 1420 996 1476 certa
1011 1422 1097 1476 terra
1111 1435 1208 1498 quem

122 1517 149 1578 in
163 1517 289 1580 marisco
304 1517 456 1602 predicto,
471 1516 593 1580 scilicet
608 1538 664 1579 sex
680 1523 827 1579 carucete
843 1515 884 1579 de
900 1525 988 1580 certa
1003 1524 1089 1582 terra
1103 1526 1137 1581 et
1152 1541 1208 1582 sex

123 1627 251 1683 cernente
265 1619 301 1682 in
316 1619 450 1682 marisco
465 1626 499 1682 et
514 1617 549 1681 in
564 1618 596 1680 N
599 1617 760 1682 orthkime
781 1626 859 1682 sunt
879 1641 935 1682 sex
956 1627 1104 1683 carucate
1125 1628 1209 1684 terre

123 1733 149 1785 et
161 1731 294 1808 quatuor
307 1724 426 1788 bouate
442 1731 510 1786 tam
531 1721 566 1784 in
586 1729 674 1785 certa
694 1729 780 1784 terra
801 1743 899 1805 quam
923 1721 958 1784 in
981 1722 1114 1787 marisco
1137 1746 1210 1809 pre·

122 1825 201 1902 dicto,
226 1835 275 1890 set
304 1824 453 1888 nesciunt
476 1824 618 1910 aliquam
648 1823 888 1888 distinctionem
919 1832 1078 1909 quantum
1105 1825 1148 1890 sit
1174 1827 1209 1891 in

121 1939 194 1994 certa
216 1939 304 1994 terra
332 1939 366 1994 et
399 1939 557 2016 quantum
586 1929 621 1992 in
651 1929 785 1992 marisco
811 1950 870 1992 nec
896 1929 1019 2016 aliquid
1047 1930 1208 2016 inquirere

122 2041 281 2116 potuerunt
305 2033 346 2098 de
368 2035 465 2098 metis
487 2034 571 2098 infra
590 2033 740 2097 mariscos
754 2031 826 2095 illos
841 2039 874 2095 et
890 2032 1036 2097 homines
1052 2034 1092 2098 de
1109 2035 1209 2100 Kima

122 2138 342 2202 communicant
364 2160 438 2202 cum
459 2137 523 2201 illis
541 2137 581 2200 de
597 2135 811 2222 Billingeheie
827 2135 861 2200 in
873 2143 964 2221 parte
979 2159 1039 2200 sua
1053 2145 1087 2200 et
1102 2137 1151 2201 illi
1167 2138 1208 2202 de
1271 2141 1274 2148 '

122 2240 318 2327 Billingeheie
340 2263 414 2304 cum
438 2239 502 2304 illis
524 2239 564 2304 de
585 2239 684 2303 Kima
699 2239 733 2304 in
753 2247 845 2324 parte
864 2261 923 2302 sua
937 2239 977 2304 de
993 2239 1126 2303 marisco
1141 2262 1207 2306 suo.

123 2343 156 2406 Et
168 2345 233 2408 ideo
249 2345 498 2411 Consideratum
515 2352 565 2408 est
580 2343 666 2429 qnod
680 2343 733 2429 xij.
750 2343 906 2408 iuratores
921 2343 1062 2408 conuicti
1077 2351 1154 2406 sunt
1170 2366 1207 2408 eo

123 2448 192 2530 quod
216 2449 368 2513 dixerunt
391 2447 476 2534 quod
500 2455 588 2512 totus
613 2447 767 2512 mariscus
793 2446 877 2510 infra
901 2447 1061 2534 predictas
1087 2447 1207 2512 diuisas

122 2551 171 2614 fuit
183 2552 220 2616 de
235 2553 453 2640 Billingcheie
474 2561 508 2616 et
531 2552 617 2638 quod
638 2552 809 2638 Philippus
831 2552 1034 2638 recuperauit
1056 2553 1206 2618 saisinam

121 2675 196 2719 suam
215 2656 254 2720 de
278 2680 451 2722 commune
471 2665 603 2744 pesture
620 2657 705 2722 sicut
719 2656 809 2742 prius
823 2656 938 2720 habuit
953 2656 987 2722 in
1002 2657 1136 2722 marisco
1151 2658 1207 2722 illo

122 2756 158 2820 ita
170 2761 248 2844 quod
263 2761 413 2825 homines
428 2761 468 2825 de
486 2760 684 2825 Northkime
705 2769 739 2825 ct
761 2760 906 2824 homines
928 2760 969 2824 de
991 2761 1206 2847 Billingeheie

121 2859 241 2928 habeant
263 2888 472 2929 communem
494 2865 528 2928 in
551 2865 684 2928 marisco
702 2863 742 2928 de
758 2863 954 2928 Northkime
970 2877 1004 2930 et
1019 2865 1104 2951 quod
1120 2865 1205 2930 uice-

122 2987 207 3032 cones
219 2970 329 3056 capiat
345 2992 456 3034 omnes
470 2969 665 3056 subscriptos
679 2969 836 3034 iuratores
851 2977 884 3034 et
896 2970 930 3034 in
941 2969 1070 3056 prisona
1084 2969 1207 3034 domini

121 3068 201 3156 Regis
220 3074 312 3137 saluo
327 3072 490 3136 custodiat
505 3095 670 3158 quousque
686 3072 775 3136 aliud
791 3082 979 3159 preceptum
995 3081 1053 3137 etc.
1071 3081 1104 3136 et
1120 3073 1206 3158 quod

122 3171 195 3238 Prior
206 3184 238 3240 et
253 3176 433 3241 Gaufn'dus
447 3177 513 3240 sint
533 3177 568 3240 in
588 3175 805 3242 misericordia
826 3197 882 3262 pro
904 3176 984 3240 falso
1005 3176 1142 3240 clamore
1164 3177 1205 3242 de

122 3278 214 3360 primis
227 3282 345 3346 assisis.
366 3281 371 3368 Ι

57 3382 88 3450 '-'.
171 3383 349 3452 Willelmus
376 3387 416 3452 de
442 3387 618 3452 Burdeleis’
644 3386 730 3474 petit
752 3409 864 3451 uersus
886 3387 1048 3473 Rogemm
1072 3389 1203 3454 Giffard'

121 3507 202 3552 unam
222 3499 407 3556 carucatam
423 3500 508 3556 terre
523 3515 598 3557 cum
613 3490 822 3578 pertinenciis
836 3490 871 3554 in
885 3491 1085 3578 Hokyntona
1100 3501 1137 3556 ut
1152 3493 1204 3558 ius

121 3609 199 3656 suum
216 3594 262 3660 ita
284 3595 372 3682 quod
394 3596 539 3682 Rogems
562 3617 596 3659 se
618 3593 793 3658 essoniauit
815 3593 855 3658 de
879 3594 964 3658 mulo
990 3595 1066 3660 lecti
1091 3619 1204 3662 uersus

121 3713 181 3758 eum
200 3707 232 3761 et
255 3708 399 3786 quatuor
424 3697 544 3762 milites
570 3697 752 3762 debuerunt
778 3697 819 3762 ad
845 3721 920 3762 eum
946 3699 1036 3764 mitti
1061 3701 1102 3766 ad
1128 3723 1203 3764 eum

121 3797 276 3866 uidendum
300 3801 389 3866 unde
405 3801 587 3866 Willelmus
609 3800 689 3866 dicit
704 3801 789 3888 quod
804 3825 869 3866 non
886 3802 948 3866 fuit
964 3803 1053 3868 uisus
1068 3811 1102 3868 et
1117 3803 1203 3890 quod

120 3903 237 3967 surrexit
256 3904 327 3968 sine
349 3913 490 3969 warranto
512 3913 546 3970 et
568 3905 656 3990 capit
678 3928 712 3969 se
734 3905 775 3970 cd
796 3905 959 3982 defaltum,
976 3907 1052 3993 quia
1073 3915 1203 3972 tantum
1217 3929 1324 3977 namqu

1216 3977 1306 4015 rur-rexit
1314 3976 1359 4016 alne

121 4001 172 4068 duo
185 4006 326 4074 homines
343 4018 504 4074 uenerunt
519 4009 560 4074 ad
581 4031 657 4074 eum
679 4018 714 4073 et
737 4010 883 4096 Rogatus
905 4010 984 4075 dicit
1006 4010 1092 4098 quod
1113 4011 1203 4076 uisus
1216 4023 1332 4110 3¹3„qu

121 4104 171 4170 fuit
190 4132 243 4195 per
263 4121 404 4200 quatuor
426 4113 546 4178 milites
561 4123 619 4178 etc
666 4113 709 4176 Et
724 4113 796 4178 ideo
811 4123 999 4202 preceptum
1015 4123 1065 4178 est
1080 4114 1202 4180 uiceco
1216 4117 1347 4204 3:1⁰3ng

121 4209 181 4274 niti
202 4215 284 4312 quod
308 4215 420 4279 uenire
444 4215 541 4280 faciat
565 4216 637 4281 illos
659 4226 798 4303 quatuor
819 4219 940 4284 milites
961 4243 982 4284 a
1003 4219 1055 4284 die
1079 4228 1137 4284 etc
1161 4219 1203 4286 ad

122 4313 342 4382 testificandum
357 4317 385 4382 si
401 4319 508 4384 uisum
524 4319 670 4384 fecemnt
685 4329 719 4385 et
735 4321 762 4386 si
778 4321 937 4388 dederunt
953 4331 1011 4388 etc.

540 4441 548 4474 ²
567 4441 613 4492 See
623 4443 666 4490 ΒΥ.
679 4442 696 4492 f.
711 4445 767 4492 355.
