3360 5236
520 447 656 508 nisrnn,
679 447 744 495 an.
768 433 862 508 1232,
883 445 945 494 in.
970 433 1020 494 16.
1257 431 1320 498 527

214 621 259 684 tis
273 620 313 684 de
333 621 459 684 catallis
482 643 544 706 que
568 642 630 684 non
655 628 733 683 sunt
755 627 814 682 etc.
838 627 950 682 contra
972 625 1041 694 etc,
1064 625 1098 680 et
1122 615 1209 680 unde
1233 615 1320 682 idem

216 725 314 809 Hugo
336 724 484 809 queritur
505 721 590 807 quod
610 721 697 786 idem
713 721 890 785 Nicholaus
905 719 1077 806 inplacitat
1092 741 1166 783 eum
1183 719 1321 783 incuria

214 825 439 890 cristianitatis
460 824 620 910 exigendo
640 824 682 887 ab
697 845 736 888 eo
751 846 779 887 x.
796 846 918 888 marcas
933 823 974 886 de
989 821 1132 886 exitibus
1152 823 1319 886 cuiusdam

213 937 297 994 terre
323 952 422 1014 quam
449 927 654 1014 recuperauit
680 951 786 992 coram
816 927 1001 992 iusticiariis
1027 927 1258 991 itinerantibus
1285 927 1336 990 in¹

212 1055 290 1096 com.
307 1031 473 1096 Lincolnie
490 1031 575 1094 unde
591 1030 805 1094 deterioratos
820 1039 870 1093 est
886 1039 945 1094 etc.

277 1137 322 1199 Et
338 1136 368 1198 N
373 1135 516 1200 icbolaus
531 1135 624 1198 uenit
640 1143 674 1198 et
689 1135 835 1198 defendit
852 1135 939 1220 quod
959 1157 1126 1220 nunquam
1149 1134 1318 1219 inplacita·
1333 1149 1453 1234 ffigssmtssgg

213 1239 263 1302 uit
278 1261 354 1303 eum
370 1238 411 1302 de
426 1237 552 1302 catallis
566 1259 629 1322 que
646 1259 710 1300 non
725 1245 802 1300 sunt
817 1245 887 1314 etc,
897 1237 974 1322 quia
985 1259 1100 1300 uerum
1116 1239 1190 1301 uult
1205 1239 1309 1302 dicere
1332 1243 1471 1290 ¹¹²¹‘⁰‘⁹¹⁰¹³¹·

1313 1291 1319 1316 ⁹
1332 1289 1381 1327 bitin
1388 1289 1408 1327 ln
1416 1289 1483 1328 causta

213 1343 378 1429 predictus
401 1343 501 1428 Hugo
521 1342 689 1406 maritauit
709 1341 740 1405 ei
755 1341 855 1405 filiam
871 1364 963 1405 suam
979 1350 1013 1406 et
1028 1341 1175 1426 promisit
1190 1365 1265 1407 cum
1281 1365 1319 1406 ea
1332 1337 1483 1420 ffilffil‘

217 1474 245 1515 x.
261 1471 385 1514 marcas
400 1457 434 1512 et
450 1470 553 1512 unum
568 1445 761 1531 palefridum
777 1446 818 1508 xl.
833 1445 1007 1510 solidorum
1024 1455 1057 1509 et
1079 1447 1165 1532 quod
1185 1448 1318 1512 deberet
1332 1429 1469 1522 iiidideld?

213 1555 317 1618 facere
342 1553 372 1618 ei
396 1575 495 1616 unam
517 1550 685 1637 grangiam
708 1551 762 1614 uel
784 1550 861 1614 dare
882 1551 912 1614 ei
929 1573 954 1614 v.
972 1573 1103 1628 marcas,
1118 1561 1152 1615 et
1172 1563 1318 1637 preterea
1332 1525 1484 1654 {Editiiffif‘

213 1657 299 1742 quod
321 1657 421 1721 debet
442 1655 519 1719 dare
539 1655 570 1718 ei
589 1655 629 1718 lx.
644 1645 803 1732 bidentes,
819 1664 853 1718 et
873 1655 959 1719 unde
982 1655 1062 1719 dicit
1085 1657 1169 1741 quod
1193 1657 1321 1742 loquela
1360 1625 1472 1656 momum'

213 1760 269 1824 illa
284 1767 334 1823 est
350 1756 597 1822 matrimonialis
612 1765 646 1819 et
661 1756 794 1819 uidetur
811 1757 841 1820 ei
863 1757 949 1842 quod
968 1757 1112 1842 pertinet
1134 1757 1175 1821 ad
1198 1759 1320 1822 curiam

214 1853 439 1928 cristianitatis
454 1861 692 1926 terminandam
701 1861 719 1926 ².

278 1969 322 2032 Et
352 1967 451 2052 Hugo
482 1966 574 2030 uenit
605 1973 639 2029 et
667 1965 830 2050 cognoscit
857 1965 943 2050 quod
969 1966 1137 2030 maritauit
1163 1967 1193 2030 ei
1219 1967 1319 2031 filiam

213 2093 304 2136 suam
335 2079 369 2134 ct
395 2068 482 2154 quod
508 2069 591 2132 facte
619 2068 752 2132 fuerunt
778 2067 1003 2152 promissiones
1030 2069 1207 2133 secundum
1234 2069 1320 2154 quod

213 2173 394 2262 predictum
417 2181 467 2237 est
490 2181 540 2236 set
562 2172 602 2236 de
625 2173 775 2237 omnibus
798 2173 828 2236 ei
849 2174 1007 2238 satisfecit
1028 2183 1062 2238 et
1081 2174 1156 2239 inde
1172 2175 1320 2260 producit

213 2288 334 2344 sectam
356 2286 406 2342 set
428 2277 527 2341 nichil
548 2277 691 2341 ostendit
712 2300 771 2342 nec
786 2278 880 2342 acta⁸
895 2301 954 2342 nec
969 2279 1058 2342 aliud
1073 2301 1132 2363 per
1145 2278 1231 2365 quod
1246 2301 1320 2342 con·

215 2381 302 2446 uinci
324 2381 425 2466 possit
445 2381 532 2466 quod
550 2403 647 2444 causa
661 2380 784 2444 nonsit
800 2380 1054 2457 matrimonialis
1070 2389 1104 2444 et
1119 2381 1192 2445 ideo
1208 2381 1319 2446 Consi-

214 2485 362 2549 deratum
393 2491 444 2547 est
473 2482 559 2568 quod
590 2483 768 2546 Nicholaus
803 2483 879 2546 inde
911 2483 980 2546 sine
1010 2483 1062 2547 die
1093 2491 1127 2547 et
1157 2485 1256 2569 Hugo
1286 2484 1319 2548 in

214 2587 437 2662 misericordia,
456 2594 490 2650 et
513 2586 637 2650 dictum
659 2593 708 2649 est
729 2587 760 2649 N
764 2586 888 2650 icholao
910 2587 996 2672 quod
1018 2609 1083 2651 non
1107 2595 1262 2672 sequatur
1285 2586 1319 2650 in

213 2693 303 2757 curia
317 2690 541 2756 cristianitatis
556 2690 596 2753 de
612 2689 737 2754 catallis
752 2713 815 2775 que
830 2713 895 2754 non
910 2700 994 2755 sunt.

279 2795 414 2858 Mabilia
427 2815 490 2879 que
503 2793 566 2856 fuit
578 2815 658 2857 uxor
672 2793 695 2857 J
696 2793 831 2857 ohannis
846 2795 984 2858 Trocard
999 2793 1186 2858 athachiata
1200 2794 1263 2858 fuit
1278 2793 1320 2858 ad
1364 2800 1452 2841 ⁸⁰¹²⁸¹¹2

214 2897 473 2984 respondendum
504 2897 686 2982 Engelardo
716 2897 756 2962 de
787 2896 969 2983 Cigoingny
999 2895 1039 2959 de
1069 2897 1188 2982 placito
1221 2919 1319 2982 quare
1333 2921 1473 3006 ppfflpgpm

213 3009 326 3066 secuta
345 3009 395 3064 est
414 2999 571 3086 placitum
587 2999 622 3062 in
637 2997 726 3063 curia
741 2999 965 3062 cristianitatis
980 2997 1023 3062 de·
1036 2999 1161 3062 catallis
1176 3021 1239 3084 que
1255 3023 1319 3064 non
1333 3015 1477 3108 gfflppppoge

213 3116 291 3171 sunt
306 3115 365 3172 ete.
381 3111 493 3170 contra
508 3113 577 3180 eta,
593 3113 627 3168 et
642 3091 728 3168 unde
744 3105 831 3169 idem
848 3103 1048 3190 Engelardus
1068 3105 1216 3190 queritur
1234 3107 1319 3190 quod
1332 3118 1485 3201 gggnn‘fflffi

213 3211 284 3296 ipsa
297 3209 383 3296 petit
399 3209 440 3272 ab
456 3231 493 3272 eo
505 3207 558 3293 xij.
571 3209 664 3273 dolea
678 3209 749 3272 uini
764 3231 826 3294 que
843 3209 929 3293 cepit
945 3218 1089 3294 tempore
1104 3231 1225 3296 gwerre
1241 3209 1319 3274 dum
1333 3200 1477 3295 {mm

214 3315 277 3379 fuit
292 3313 548 3379 constabularius
563 3313 752 3378 Windesore
768 3313 854 3377 unde
870 3321 930 3378 etc.
1333 3297 1464 3388 {illidi-a

280 3418 323 3481 Et
338 3417 410 3502 ipsa
423 3416 516 3480 uenit
532 3425 566 3480 et
581 3415 661 3480 dicit
681 3415 768 3501 quod
790 3416 904 3480 uinum
928 3415 1010 3481 illud
1033 3417 1096 3480 fuit
1119 3417 1150 3482 ei
1170 3417 1320 3483 relictum
1333 3388 1444 3426 mmm

215 3523 250 3586 in
265 3528 463 3586 testamento
474 3528 524 3584 set
535 3520 698 3606 cognoscit
712 3520 799 3605 quod
814 3529 945 3605 captum
962 3521 1025 3584 fuit
1041 3529 1185 3606 tempore
1200 3543 1321 3607 gwerre
1404 3523 1406 3526 ’

214 3633 249 3689 et
272 3623 357 3710 quod
383 3622 533 3687 debitum
557 3621 639 3686 illud
662 3643 830 3706 nunquam
857 3621 920 3686 fuit
944 3623 1145 3707 recognitum
1170 3624 1240 3687 uiro
1263 3646 1322 3688 suo

214 3728 292 3792 dum
309 3727 402 3791 uixit.
449 3727 492 3790 Et
507 3726 580 3791 ideo
596 3725 843 3791 Consideratum
859 3733 909 3789 est
925 3725 1010 3811 quod
1029 3727 1230 3812 Engelardus
1246 3727 1321 3790 inde

213 3833 284 3896 sine
299 3831 351 3895 die
367 3837 401 3894 et
417 3829 551 3894 Mabilia
566 3829 768 3894 custodiatur
782 3837 816 3893 et
836 3830 984 3894 inueniat
1006 3830 1213 3894 securitatem
1236 3829 1323 3916 quod

214 3935 255 4000 de
278 3943 384 3999 cetero
406 3955 471 3997 non
494 3941 648 4018 sequetur
669 3941 729 3998 etc.
753 3943 787 3998 et
810 3934 896 4020 quod
919 3935 1123 3999 conseruabit
1145 3935 1253 4020 ipsum
1274 3935 1322 3998 in·

215 4040 389 4124 dempnem
405 4037 440 4100 in
455 4037 568 4101 eadem
584 4037 680 4104 curia

248 4167 256 4199 ¹
274 4167 318 4215 Br.
331 4167 348 4217 f.
363 4167 411 4218 407
419 4165 444 4215 b.
795 4181 840 4216 uec
862 4174 1001 4216 executores
1021 4175 1104 4230 petere
1127 4169 1237 4217 debitum
1256 4169 1322 4230 qaod

247 4234 258 4266 ²
276 4232 327 4281 Sic.
723 4243 728 4253 ·
796 4233 824 4279 fn
836 4234 891 4280 vita
904 4235 1030 4281 testatoris
1042 4248 1092 4281 non
1108 4239 1144 4281 eat
1160 4235 1321 4294 recoquitum.

246 4297 257 4330 ³
274 4297 329 4346 The
340 4301 396 4345 aots
407 4294 436 4344 of
446 4294 490 4344 the
501 4299 575 4344 court
586 4294 730 4344 Christian.
796 4295 927 4356 Engelard
943 4295 971 4345 of
992 4297 1104 4358 Gigogne
1120 4297 1181 4345 held
1200 4296 1323 4345 Windsor

246 4363 257 4394 ⁴
275 4363 342 4410 Iam
354 4375 415 4422 very
427 4361 561 4409 uncertain
579 4375 608 4409 as
625 4365 653 4410 to
670 4362 745 4422 quod.
797 4361 837 4408 for
854 4360 924 4408 John
941 4359 993 4410 and
1009 4361 1159 4410 afterwards
1176 4362 1216 4410 for
1232 4361 1323 4423 Henry

214 4429 337 4484 Bracton,
355 4425 373 4473 f.
386 4427 434 4476 407
452 4425 476 4482 b,
493 4425 556 4474 cites
574 4425 628 4474 thia
644 4439 703 4473 case
719 4429 746 4473 to
798 4423 826 4472 in
838 4425 882 4474 the
893 4439 945 4474 war
956 4425 985 4474 of
996 4427 1116 4476 1215-7.
1150 4426 1278 4488 Probably
1290 4426 1322 4475 ho

213 4507 291 4557 prove
301 4491 367 4555 quod
375 4493 485 4540 (teriones
495 4505 543 4540 non
551 4497 656 4553 possunt
667 4492 747 4550 lepori
799 4489 1008 4550 ‘requisitioned'
1021 4490 1074 4539 this
1086 4491 1160 4539 wine.
