3314 5238
476 437 625 500 rammi,
646 438 710 488 an.
735 426 828 502 1231,
850 439 912 490 Are.
938 429 987 492 15.
1215 429 1278 490 445

171 617 354 675 warantum
370 633 468 675 suum
484 621 517 676 et
532 611 604 676 ideo
620 611 739 676 hebeat
755 621 934 678 warantum
949 637 1045 678 suum
1060 623 1236 701 antequam
1252 617 1282 680 ei

169 711 414 798 respondeatur.

45 833 58 846 '
84 867 115 891 .,
237 813 391 880 ¹Mabilia
410 838 473 902 que
495 815 559 880 fuit
580 839 661 880 uxor
681 816 826 882 Eudonis
847 818 1028 885 Deneband
1049 820 1146 906 petiit
1168 843 1281 886 uersus
1340 841 1398 880 sun

170 919 355 985 Robertum
369 920 410 985 de
426 921 459 985 la
473 921 562 984 More
578 921 711 985 terciam
732 930 859 1006 partem
882 923 1020 988 duarum
1040 924 1120 1012 uirg.
1137 932 1223 989 terre
1243 933 1278 989 et

171 1023 283 1088 dimid
304 1045 380 1088 cum
403 1032 483 1109 pert.
506 1023 541 1088 in
563 1023 792 1088 Wrockeshale
814 1031 854 1088 ut
875 1025 985 1091 dotem
1008 1049 1101 1091 suam
1123 1027 1172 1092 ita
1193 1029 1280 1114 quod

171 1126 338 1212 predictus
350 1127 513 1192 Robertus
524 1126 601 1191 fecit
615 1126 771 1192 defaltam
783 1150 803 1192 a
817 1127 870 1192 die
886 1136 945 1193 etc.
960 1136 1134 1214 postquam
1149 1131 1281 1196 uocauit

171 1233 249 1297 inde
264 1232 307 1297 ad
321 1241 502 1297 warantum
522 1232 711 1319 Philippum
730 1233 919 1311 Deneband‚
934 1243 969 1298 et
991 1241 1078 1298 terra
1099 1244 1195 1320 capta
1216 1236 1280 1301 fuit

171 1337 208 1400 in
223 1359 357 1402 manum
373 1337 466 1403 Dom.
482 1337 582 1425 Regis
597 1360 655 1424 per
669 1337 833 1416 defaltem,
849 1347 883 1402 et
900 1338 970 1424 ipse
985 1339 1201 1404 summonitus
1216 1340 1280 1404 fuit

171 1440 260 1525 quod
289 1449 375 1506 esset
404 1440 576 1506 auditurus
606 1441 763 1506 iudicium
793 1465 888 1507 suum
914 1443 1066 1509 adhunc
1095 1444 1190 1512 diem.
1236 1445 1280 1509 Et

171 1543 337 1608 Robertus
351 1567 438 1608 nunc
457 1543 551 1608 uenit
571 1553 688 1608 einen
708 1553 817 1630 potest
839 1568 951 1610 sanare
973 1547 1129 1612 defaitam
1151 1557 1185 1612 et
1206 1548 1279 1613 ideo

172 1647 422 1713 Consideratum
437 1655 487 1712 est
502 1648 588 1734 quod
603 1648 739 1714 Mabilia
752 1651 956 1736 recuperauit
971 1651 1122 1716 seisinam
1137 1675 1229 1717 suam
1245 1661 1280 1716 et

170 1751 336 1816 Robertus
351 1752 385 1816 in
403 1752 626 1817 misericordia

112 1911 120 1926 ,
237 1852 415 1938 'Margeria
433 1852 475 1918 de
495 1853 641 1918 Feritete
661 1854 850 1920 athachiata
871 1856 934 1920 fuit
956 1855 997 1921 ad
1019 1857 1277 1942 respondendum
1354 1883 1398 1912 urr-

171 1957 300 2044 Rogero
322 1957 363 2021 de
387 1957 482 2023 Clare
506 1967 540 2022 et
567 1957 672 2023 Alicie
697 1959 791 2023 uxori
817 1959 887 2024 eius
916 1982 1014 2046 quere
1041 1961 1118 2026 fecit
1147 1969 1277 2026 uastum

170 2062 398 2127 uendioionem
414 2071 448 2126 et
463 2063 597 2127 exilium
612 2062 652 2128 de
668 2061 762 2126 terris
773 2062 922 2128 domibus
933 2064 1036 2128 boscis
1047 2072 1081 2129 et
1093 2065 1277 2130 hominibus

170 2189 253 2252 quos
267 2166 368 2231 habet
383 2167 418 2230 in
432 2165 542 2230 dotem
557 2165 597 2230 de
611 2165 792 2230 hereditate
803 2165 904 2252 ipsius
915 2167 1019 2232 Alicie
1034 2168 1069 2232 in
1085 2169 1277 2256 Essingham

169 2271 214 2336 ad
235 2269 548 2336 exhereditaeionem
571 2270 673 2355 ipsius
695 2269 808 2346 Alioie,
824 2278 857 2334 et
880 2271 966 2336 unde
989 2271 1051 2358 ipsi
1074 2272 1220 2360 Rogerus
1242 2282 1277 2338 et

169 2375 278 2441 Atinia
295 2385 477 2462 queruntur
494 2373 580 2461 quod
602 2396 661 2460 per
682 2383 812 2438 uastum
836 2374 1062 2440 uendicionem
1084 2386 1119 2441 et
1142 2378 1276 2442 exilium

169 2478 253 2543 illud
268 2487 356 2543 terra
374 2477 431 2542 illa
450 2477 616 2542 destructa
634 2484 683 2541 est
706 2477 784 2562 quie
805 2477 875 2562 ipsa
897 2477 1030 2542 boscum
1053 2480 1203 2546 uendidit
1225 2479 1277 2546 ⁸et

169 2581 318 2646 homines
347 2589 529 2645 trecentum
559 2601 738 2644 marearum
769 2587 804 2643 et
830 2579 1012 2645 hermniam
1034 2583 1197 2668 quandam
1221 2585 1275 2650 de-

169 2684 384 2750 struxerunt⁸.
582 2751 584 2756 .

236 2791 280 2854 Et
297 2789 459 2875 Mergens
472 2788 565 2853 uenit
580 2795 614 2852 et
629 2786 775 2852 defendit
790 2787 876 2872 quod
891 2789 1013 2853 nullam
1034 2791 1112 2854 fecit
1131 2791 1275 2858 destruc-

169 2895 295 2958 cionem
311 2915 371 2956 nec
386 2900 517 2956 uastum
531 2891 709 2956 secundum
725 2891 812 2977 quod
830 2893 1012 2978 predictum
1033 2902 1083 2958 est
1098 2904 1148 2959 set
1163 2919 1276 2962 reuera
1338 2941 1340 2948 ›

169 2997 302 3084 quando
317 2997 389 3082 ipsa
403 2995 467 3060 fuit
482 2995 544 3060 sub
558 3003 720 3080 potestate
737 2995 874 3060 Galfridi
895 2997 936 3061 de
960 2997 1026 3085 Say
1046 3000 1110 3064 uiri
1130 2999 1181 3064 sui
1195 3001 1273 3065 dum

167 3103 256 3168 idem
272 3099 439 3167 Galfridus
453 3100 517 3164 fuit
531 3099 583 3163 uir
597 3121 675 3163 suus
690 3098 758 3184 ipse
774 3099 849 3164 inde
870 3101 1018 3166 uendidit
1039 3111 1073 3166 et
1093 3103 1184 3167 dedit
1205 3103 1274 3168 sine

168 3207 302 3294 querela
323 3227 421 3292 quam
444 3204 525 3290 ipsi⁴
548 3203 623 3268 inde
647 3203 806 3281 fecissent,
822 3205 948 3290 etipsa
969 3229 1083 3272 reuera
1103 3217 1274 3294 postquam

168 3313 370 3378 celebratum
394 3309 456 3374 fuit
478 3307 658 3373 diuorcium
681 3316 716 3371 et
738 3308 980 3373 matrimonium
1003 3310 1161 3375 solutum⁵
1189 3312 1275 3376 inter

167 3417 273 3502 ipsam
289 3421 324 3478 et
338 3411 523 3499 predictum
540 3409 721 3476 Gelfridum
737 3411 814 3474 feeit
829 3410 899 3496 ipse
914 3410 1024 3476 domos
1046 3422 1080 3477 et
1101 3413 1226 3479 edificia
1239 3415 1274 3478 in

168 3529 256 3583 terre
270 3519 328 3582 ille
338 3539 397 3603 per
411 3539 474 3602 que
494 3523 582 3580 terra
596 3515 653 3579 illa
666 3516 808 3580 multum
824 3515 992 3581 meliorata
1006 3525 1064 3594 est,
1080 3526 1114 3582 et
1128 3529 1276 3604 preterea

168 3621 254 3706 petit
268 3619 427 3684 iudicium
443 3641 483 3683 ex
499 3641 562 3704 quo
577 3617 700 3681 nullam
717 3641 871 3704 umquem
887 3619 1002 3684 habuit
1022 3621 1275 3708 prohibicionem

167 3725 261 3790 inde⁸
283 3733 318 3790 et
341 3724 527 3789 continetur
548 3723 582 3787 in
605 3722 698 3786 breui
721 3723 807 3808 quod
830 3724 945 3789 habuit
964 3726 1225 3810 prohibicionem,
1241 3737 1275 3793 et

168 3830 252 3894 bene
282 3827 428 3893 defendit
455 3827 541 3914 quod
559 3848 737 3912 nunquam
763 3826 798 3890 in
821 3827 983 3893 uiduitate
1009 3853 1068 3894 sua
1097 3831 1174 3895 fecit
1199 3832 1274 3896 inde

168 3941 301 3998 nestum
331 3932 466 3997 exilium
496 3931 747 3997 uendicionem⁷.
795 3932 837 3996 Et
860 3932 922 4018 ipsi
944 3934 1089 4020 Rogerus
1114 3945 1147 4000 et
1169 3937 1275 4001 Alicia

202 4084 211 4115 ¹
229 4083 259 4132 B.
271 4099 307 4132 m.
319 4085 343 4130 2.
372 4081 423 4131 For
431 4081 522 4132 earlier
529 4082 697 4145 proceedings
747 4081 799 4133 and
810 4081 944 4145 destroyed
955 4083 999 4134 the
1010 4085 1129 4149 heromy.

168 4163 211 4198 see
223 4149 287 4198 cnse
299 4149 357 4198 560.
779 4147 791 4180 ⁴
807 4147 861 4197 The
871 4148 1006 4212 pleintifls.

201 4215 212 4245 ²
228 4214 257 4264 B.
272 4227 308 4262 m.
320 4215 345 4261 2.
779 4213 790 4244 ³
807 4213 865 4262 Om.
878 4222 902 4263 et
913 4218 1097 4265 matrimonium
1107 4219 1221 4276 rolatum,
1233 4219 1263 4269 Β.

202 4278 241 4311 Η
256 4287 280 4328 et
292 4279 401 4327 homiues
412 4277 536 4326 destruxit
546 4278 581 4326 cci
596 4280 692 4329 caleno.
779 4277 790 4311 ⁸
805 4281 841 4326 As
852 4283 879 4328 to
893 4278 938 4328 the
954 4280 1081 4344 necessity
1097 4281 1137 4331 for
1153 4297 1169 4332 e
1184 4283 1270 4345 prohi-

168 4359 219 4393 ccc.
230 4358 306 4393 marc.
318 4349 343 4392 et
356 4349 471 4404 pretereo
489 4343 553 4406 qood
569 4345 695 4406 ormisdam
745 4342 828 4392 bition
840 4359 881 4393 see
891 4343 935 4393 Br.
947 4344 965 4394 f.
976 4347 1032 4397 315.

170 4412 313 4458 inensam
335 4409 468 4464 dectmrit,
491 4407 522 4456 B.
567 4408 619 4456 She
646 4407 695 4458 hes
777 4408 903 4458 inactum
914 4412 1086 4461 ueridicionem
1101 4413 1142 4462 uei
1157 4415 1270 4472 exitium,

168 4473 250 4525 exiled
266 4489 296 4525 or
317 4471 506 4536 imporedshed
528 4471 572 4522 the
594 4473 694 4523 villeine
745 4474 776 4524 B.
