3212 5230
308 413 371 476 310
610 423 751 486 mirer,
773 423 837 490 nn.
863 411 955 488 1230,
978 423 1041 474 nn
1066 412 1116 476 142

308 595 494 682 Denntesye
515 603 550 662 et
570 594 705 660 Metillis
724 617 806 660 uxor
825 595 914 662 eius¹
935 595 1050 662 dicunt
1070 595 1159 683 quod
1180 595 1345 682 predictus
1358 595 1410 664 W.

307 699 423 765 Comes
442 719 609 785 nunquem
623 697 688 763 fnit
707 697 742 762 in
760 697 878 764 seisine
891 697 932 764 de
952 698 1099 784 predicte
1117 707 1206 764 terre
1218 707 1254 764 et
1267 698 1412 764 menenio

306 802 347 868 de
363 801 509 880 Dittone,
524 824 584 868 nee
599 811 719 867 terrem
734 802 825 866 illem
840 801 872 867 ei
886 801 979 867 dedit
998 823 1058 866 nee
1077 809 1199 866 certem
1221 823 1313 866 suem
1334 801 1412 867 inde

306 905 353 972 eis
367 905 452 972 feeit.
497 906 564 987 Qui
579 928 690 972 omnes
705 906 819 972 dieunt
840 928 938 992 super
956 914 1194 972 sacramentum
1214 928 1310 972 snum
1325 905 1412 993 quod

305 1011 469 1097 predictus
485 1011 601 1078 Comes
616 1011 673 1076 diu
688 1011 752 1076 fuit
772 1011 807 1076 in
827 1011 946 1076 seisine
960 1009 1001 1076 de
1021 1009 1136 1075 eedem
1156 1018 1243 1075 terre
1263 1018 1299 1076 et
1320 1009 1413 1075 andi·

306 1123 425 1180 uerunt
447 1115 511 1180 diei
536 1115 623 1201 quod
646 1115 811 1201 predictus
840 1115 958 1182 Comes
986 1115 1034 1180 eis
1063 1115 1141 1181 feeit
1169 1123 1291 1181 eortem
1320 1115 1412 1181 illem

305 1228 341 1286 et
358 1227 477 1285 terrem
499 1219 589 1284 illem
608 1218 656 1284 eis
675 1217 767 1284 dedit
788 1225 839 1283 set
860 1217 970 1282 nullus
988 1239 1100 1283 eorum
1119 1239 1250 1304 presens
1270 1217 1334 1283 fnit
1353 1219 1413 1284 ubi

305 1331 395 1388 eerta
421 1321 479 1387 ille
502 1322 566 1386 fnit
595 1323 741 1387 coniecta
763 1345 823 1387 nee
848 1321 907 1387 ubi
931 1321 1053 1387 donum
1077 1322 1160 1387 illud
1189 1323 1312 1388 fectum
1338 1323 1411 1400 fuit,

305 1433 356 1490 eet
376 1424 490 1490 dieunt
513 1423 562 1488 iili
582 1423 623 1488 de
645 1423 803 1488 comitatu
825 1423 955 1490 Suneie
978 1423 1065 1510 quod
1087 1434 1255 1510 presentes
1276 1427 1411 1491 fuerunt

304 1528 339 1592 in
360 1525 538 1592 comitetu'
558 1527 688 1592 Surneie
710 1527 768 1591 ubi
787 1527 920 1612 quidem
942 1527 1128 1593 Gilebertns
1149 1528 1181 1594 le
1201 1529 1283 1594 Gros
1303 1551 1411 1595 senes·

305 1631 406 1698 callus
427 1630 528 1717 ipsius
550 1630 688 1696 Comitis
705 1630 783 1695 fecit
805 1630 911 1696 eidem
934 1631 1037 1696 Priori
1058 1631 1209 1698 seisinem
1232 1633 1272 1698 de
1294 1633 1411 1698 eedem

305 1744 392 1800 terre
405 1735 466 1800 sub
481 1733 610 1800 nomine
631 1733 732 1820 ipsius
748 1734 885 1800 Comitis
905 1743 940 1800 et
954 1735 1037 1801 bene
1057 1736 1194 1802 eredunt
1215 1737 1276 1802 hoo
1295 1759 1411 1803 nerum

305 1835 475 1923 essequod
488 1836 606 1903 Comes
626 1835 672 1900 eis
694 1835 816 1902 donum
837 1837 920 1902 illud
934 1837 1021 1916 fecit,
1035 1845 1070 1903 et
1089 1851 1148 1924 per
1167 1847 1290 1904 eertum
1307 1862 1411 1918 suem,

305 1947 340 2004 et
355 1962 393 2004 eo
406 1937 547 2004 menime
562 1937 640 2024 quia
654 1937 717 2024 ipsi
732 1939 865 2004 fuerunt
884 1939 919 2004 in
941 1939 1075 2026 pacifice
1094 1941 1213 2006 seisine
1231 1941 1272 2008 de
1294 1942 1409 2008 eedem

306 2051 392 2108 terre
405 2041 488 2107 bene
504 2063 562 2127 per
576 2049 642 2106 tres
661 2063 762 2106 annos
781 2041 817 2106 in
835 2042 908 2107 uite
928 2041 1031 2128 ipsius
1051 2043 1189 2109 Comitis
1209 2045 1279 2110 sine
1300 2045 1413 2133 alique

305 2143 559 2211 contradioeione
580 2143 634 2209 uel
656 2143 765 2230 aliquo
794 2144 1018 2230 inpedimento
1043 2146 1145 2233 ipsius
1175 2147 1320 2215 Comitis
1365 2149 1410 2216 Et

305 2248 378 2315 ideo
399 2248 636 2314 consideratum
665 2249 825 2334 estquod
855 2249 1001 2337 Rogems
1030 2260 1065 2316 et
1095 2251 1231 2318 Metillis
1261 2254 1409 2320 warenti-

305 2350 409 2417 zent⁸.

370 2456 487 2521 Postea
508 2453 690 2521 concordati
712 2467 789 2520 sunt
809 2455 956 2542 Rogerus
975 2465 1010 2521 et
1030 2457 1167 2523 Metiliis
1188 2468 1223 2524 et
1243 2459 1409 2545 predictus

304 2559 491 2624 Johennes⁴
517 2567 585 2623 tem
607 2557 648 2623 de
671 2566 757 2622 terre
778 2557 843 2622 iste
863 2580 961 2644 qnnm
984 2559 1024 2624 de
1047 2561 1197 2626 omnibns
1217 2562 1290 2627 eliis
1313 2563 1410 2629 terris

305 2670 340 2728 et
362 2661 558 2728 tenementis
583 2683 647 2747 que
673 2659 811 2747 predicti
836 2660 983 2748 Rogerns
1008 2670 1044 2726 et
1070 2662 1207 2729 Metillis
1231 2664 1409 2753 exigebant

305 2787 417 2830 uersus
437 2763 576 2830 eundem
598 2763 781 2829 Johennem
801 2771 837 2828 et
858 2771 909 2828 est
933 2765 1101 2831 eoncordia
1121 2765 1197 2832 telis
1211 2768 1298 2854 qnod
1319 2767 1407 2834 idem

305 2868 471 2934 Johennes
493 2865 680 2954 recognonit
702 2865 884 2952 predictum
907 2868 1087 2934 manerium
1110 2869 1150 2935 de
1172 2870 1313 2936 Dictone
1333 2893 1408 2937 oum

305 2981 386 3058 pert
409 2979 444 3037 et
473 2981 580 3037 totum
609 2971 789 3036 manerium
811 2970 853 3036 de
875 2971 1055 3057 Depedena
1075 2995 1150 3039 oum
1171 2983 1252 3060 pert
1275 2983 1408 3041 etcum

304 3073 455 3138 omnibus
480 3073 581 3139 feodis
606 3073 748 3138 militnm
778 3073 820 3139 ed
849 3075 1029 3140 manerium
1059 3075 1140 3142 illud
1169 3079 1409 3165 pertinentibus

304 3184 340 3241 et
369 3185 476 3241 totum
497 3176 677 3241 manerium
700 3176 740 3242 de
764 3177 918 3242 Gemith⁸
939 3201 1014 3243 cum
1036 3188 1115 3265 pert.
1139 3189 1174 3245 et
1196 3181 1306 3247 domos
1327 3204 1408 3270 ques

304 3278 391 3344 idem
406 3278 429 3343 J
430 3279 572 3344 ohennes
587 3278 696 3345 tenuit
710 3279 745 3344 in
756 3279 836 3345 uilla
849 3279 1004 3347 Wintone
1019 3303 1093 3347 oum
1110 3283 1261 3349 omnibns
1274 3293 1356 3371 pert.
1371 3295 1408 3352 et

304 3391 452 3470 preterea
466 3405 492 3448 e.
507 3383 562 3448 sol.
578 3389 662 3448 terre
683 3383 718 3448 in
732 3382 902 3450 dominicis
923 3393 958 3450 et
980 3386 1125 3452 seruieiis
1145 3387 1180 3452 in
1201 3390 1345 3456 manerio
1365 3391 1408 3458 de

304 3485 447 3552 Thiriel⁶
461 3510 520 3573 per
533 3487 760 3553 racionabilem
778 3489 1000 3555 extensionem
1020 3512 1089 3555 esse
1109 3490 1160 3556 ius
1179 3491 1281 3579 ipsius
1296 3493 1406 3560 Metil-

304 3589 378 3656 lidie
396 3600 432 3656 et
451 3613 561 3656 omnes
581 3599 683 3657 terres
701 3591 774 3657 illes
793 3591 918 3656 remisit
937 3600 973 3657 et
992 3592 1120 3679 quietes
1139 3594 1293 3662 clamauit
1308 3597 1348 3663 de
1370 3621 1406 3664 se

303 3704 338 3761 et
360 3695 532 3762 heredibus
553 3694 620 3760 suis
641 3695 704 3781 ipsi
726 3695 880 3760 Metillidi
905 3705 940 3761 et
969 3695 1143 3763 heredibus
1171 3697 1239 3764 suis
1268 3701 1303 3765 in
1331 3725 1407 3789 per·

302 3806 440 3883 potuum
463 3807 497 3864 et
518 3806 667 3884 preterea
687 3797 775 3864 idem
796 3798 962 3864 Johennes
984 3799 1172 3888 recognouit
1193 3811 1229 3867 et
1250 3807 1408 3872 concessit

303 3901 389 3987 qnod
411 3901 438 3966 si
459 3901 528 3988 ipse
554 3901 623 3966 sine
653 3901 771 3968 herede
800 3901 840 3967 de
869 3923 999 3988 eor-pore
1028 3923 1087 3969 suo
1115 3903 1156 3970 de
1185 3927 1285 3971 uxore
1313 3907 1376 3973 sibi
1399 3908 1405 3996 Ι

336 4111 673 4164 ¹Gonntensofflereferd.
879 4112 1188 4176 f.898‚oitesthiroue.

336 4177 347 4208 ²
364 4176 418 4227 The
429 4181 526 4242 oonnty
535 4181 617 4229 oonrt.
911 4181 922 4212 ⁴
938 4178 1008 4228 John
1025 4183 1097 4230 must
1112 4180 1144 4231 be
1159 4181 1204 4234 the
1220 4181 1337 4247 preintin
1348 4184 1406 4238 who

335 4243 346 4275 ⁸
363 4242 419 4292 The
438 4245 558 4304 question
575 4243 599 4294 ie
616 4243 729 4294 whether
745 4243 828 4307 Boger
878 4243 929 4294 hes
940 4243 1002 4294 sned
1013 4243 1058 4294 the
1069 4245 1151 4296 Prior.

303 4307 356 4360 end
373 4307 481 4358 Metilde
499 4307 605 4372 (heiresn
622 4309 651 4360 ol
665 4308 711 4359 the
723 4308 785 4358 Euri
800 4309 829 4360 of
909 4309 920 4340 ⁸
938 4310 1049 4370 Genich,
1064 4310 1094 4362 A.

302 4371 394 4436 Essex)
417 4387 461 4423 ere
481 4373 570 4424 bound
597 4378 625 4424 to
638 4378 764 4425 ¹wer-rent
790 4389 825 4426 nn
909 4372 920 4406 ⁸
939 4375 1044 4436 Ohin'el,
1058 4376 1087 4426 Δ.

302 4437 400 4500 alleged
422 4438 470 4501 gin
490 4439 518 4488 oi
537 4439 582 4490 the
599 4439 671 4490 Eerl.
704 4440 824 4498 Bronton,
