3196 5226
312 493 439 543 ιιιιιιιι
462 493 536 542 ιιι)
558 491 695 552 msrsn,
716 493 781 542 an.
805 479 899 556 1220,
921 491 986 540 aa
1009 479 1038 540 4.
1156 468 1222 540 Ι103

142 664 187 729 nri
209 675 241 729 et
261 654 330 729 dum
352 665 417 730 fuit
440 665 476 730 in
497 665 615 729 seisina
638 663 679 730 de
702 665 796 730 terris
820 665 886 730 suis
910 673 945 730 et
968 663 1114 730 defendit
1138 664 1224 752 q'uod

142 789 292 853 nunquam
317 776 430 854 postea
457 767 660 854 presentauit
689 767 783 854 sog*
809 768 961 832 clericum
991 767 1033 832 ad
1057 767 1223 832 ecclesiam

141 870 221 934 illam
248 871 339 934 immo
367 871 399 936 J.
423 871 600 956 Episcopus
631 869 785 935 Oicestrie
816 871 1018 956 presentauit
1041 869 1223 956 predictum

141 973 294 1037 Wcrinum
318 982 352 1039 et
374 973 569 1060 spreciauit⁸
594 974 761 1039 ecclesiam
790 975 881 1039 illam
911 983 945 1040 et
967 975 1120 1040 Warinus
1143 975 1224 1040 obiit

141 1076 294 1140 canonicus
307 1084 341 1140 et
355 1077 433 1141 inde
447 1085 581 1162 poneret
596 1097 630 1141 se
646 1099 742 1162 super
759 1085 859 1142 testes
878 1077 1061 1142 nominatos
1080 1077 1115 1142 in
1135 1087 1225 1143 carta

139 1181 163 1244 si
176 1181 240 1244 uiui
254 1189 357 1245 essent
373 1190 407 1245 et
422 1181 513 1267 ponit
529 1203 563 1246 se
578 1203 675 1266 super
688 1181 828 1267 patriam
844 1190 879 1246 et
894 1181 1051 1248 Ricardus
1065 1183 1222 1248 similiter.

195 1284 268 1348 Post
281 1285 372 1348 uenit
386 1285 565 1371 Episcopus
579 1307 636 1370 per
650 1292 852 1350 attornatum
867 1309 962 1351 suum
978 1295 1012 1350 et
1026 1288 1119 1373 ponit
1133 1309 1167 1352 se
1188 1289 1223 1352 in

140 1408 274 1472 magnam
295 1387 427 1452 assisam
449 1385 571 1452 domini
593 1387 693 1474 Regis
716 1397 750 1452 et
770 1389 857 1474 petit
879 1389 1131 1475 recognicionem
1153 1389 1223 1455 fieri
1234 1389 1385 1476 ffiffl

140 1501 236 1581 utrum
257 1492 323 1578 ipse
347 1492 453 1557 maius
474 1493 526 1557 ius
547 1492 666 1557 habeat
695 1492 730 1557 in
759 1493 972 1557 aduocacione
1002 1502 1041 1558 ut
1070 1515 1110 1558 ex
1139 1493 1222 1559 dono
1235 1483 1328 1524 “⁰⁰¹⁸

139 1595 260 1680 predicti
274 1596 404 1660 Ricardi
418 1595 459 1661 de
475 1596 628 1662 Cahaum’
643 1597 698 1661 uel
712 1595 877 1683 predictus
892 1597 1054 1662 Ricardus.

81 1710 100 1767 Γ.
191 1701 310 1766 'Maria
323 1702 365 1768 de
380 1703 577 1767 Tallewurth
599 1704 796 1768 summonita
816 1703 880 1768 fuit
902 1703 942 1768 ed
963 1703 1221 1790 respondendum
1280 1719 1338 1758 sun.

138 1805 245 1872 Thome
275 1808 388 1893 Kyriel
418 1829 517 1894 quare
546 1809 617 1894 ipsa
645 1808 722 1872 fecit
751 1815 882 1872 uastum
909 1815 943 1872 et
969 1807 1222 1874 destruccionem

138 1901 171 1976 de
195 1912 325 1998 gardino
355 1911 458 1997 ipsius
487 1911 610 1975 Thome
646 1911 682 1976 in
711 1909 909 1975 Tallewurth
946 1919 1117 1997 postquam
1153 1912 1223 1998 ipse

138 2014 293 2099 gardinum
330 2014 412 2079 illud
449 2015 654 2100 recuperauit
686 2037 799 2078 uersus
829 2036 901 2078 eam
931 2021 989 2078 etc.
1021 2013 1107 2078 unde
1136 2014 1223 2080 idem

138 2119 260 2184 Thomas
278 2120 427 2206 queritur
442 2119 528 2206 quod
547 2119 618 2204 ipsa
632 2117 727 2184 scidit
750 2127 784 2183 et
799 2118 962 2183 destruxit
984 2119 1079 2205 xxvij.
1096 2119 1224 2184 arbores

139 2221 172 2286 de
190 2224 327 2310 gardino,
343 2223 465 2288 scilicet
487 2217 630 2310 pomeria
652 2231 685 2288 et
707 2223 826 2309 pinaria
848 2230 882 2286 ct
898 2245 1033 2308 quercus
1055 2231 1089 2287 et
1111 2222 1223 2309 damp-

138 2347 205 2390 num
228 2336 261 2392 et
290 2336 422 2391 uastum
449 2327 526 2391 fecit
554 2326 596 2392 ed
624 2327 805 2392 ualenciam
835 2335 967 2391 centum
993 2325 1166 2392 solidorum
1190 2335 1224 2392 et

138 2427 200 2493 inde
214 2429 361 2516 producit
375 2437 497 2495 sectam
512 2439 570 2494 etc.

192 2533 232 2598 Et
246 2535 353 2599 Maria
369 2535 462 2599 uenit
483 2543 517 2599 et
531 2533 676 2599 defendit
694 2541 806 2598 contra
823 2555 898 2597 eum
920 2539 954 2596 et
974 2541 1086 2597 contra
1103 2543 1223 2598 sectam

139 2654 224 2714 suam,
243 2637 331 2724 quod
353 2659 532 2722 numquam
553 2644 724 2722 postquam
746 2634 886 2699 Thomas
907 2634 1071 2720 predictus
1093 2657 1224 2722 recupe-

138 2739 211 2804 rauit
224 2741 376 2806 seisinam
391 2763 483 2805 suam
499 2761 610 2804 uersus
625 2761 697 2804 eam
712 2745 816 2803 coram
839 2737 1023 2802 iusticiariis
1043 2737 1225 2803 itineranti·

139 2841 190 2907 bus
201 2843 274 2908 fecit
291 2851 424 2908 uastum
439 2843 493 2908 uel
508 2843 761 2908 destruccionem
782 2863 842 2906 nec
856 2841 983 2906 arbores
1004 2849 1042 2906 ut
1062 2841 1130 2927 ipse
1145 2839 1226 2906 dicit

139 2946 218 3011 scidit
231 2956 264 3012 et
280 2947 343 3012 hoc
358 2947 452 3011 offert
467 2946 637 3011 defendere
652 2945 736 3011 sicut
751 2945 840 3011 curia
854 2945 1110 3011 considerauerit.
1237 2931 1345 3020 iiiii&

193 3052 231 3115 Et
250 3052 394 3117 Thomas
414 3051 563 3136 producit
584 3059 705 3115 sectam
720 3049 807 3136 quod
828 3059 1000 3135 postquam
1022 3026 1378 3135 recupercuit¹””‘⁸'¹‘¹⁰'

141 3151 203 3218 fecit
225 3155 482 3220 destruccionem
506 3162 540 3218 et
563 3154 590 3219 si
610 3162 699 3220 secta
721 3177 786 3219 non
811 3153 929 3219 sufficit
951 3153 1044 3240 ponit
1066 3175 1100 3218 se
1115 3173 1227 3240 ‘super

142 3258 260 3339 patriam
293 3269 352 3324 etc
399 3258 646 3324 Consideratum
676 3267 726 3324 est
755 3257 841 3344 quod
870 3259 977 3323 iurata
1005 3257 1081 3322 inde
1107 3257 1166 3323 fiat
1192 3266 1227 3323 et

141 3359 235 3425 ueniat
254 3362 293 3426 in
312 3361 453 3426 crastino
478 3361 509 3426 S.
531 3361 715 3426 Trinitatis⁴
738 3369 796 3425 etc.
820 3359 862 3425 ed
885 3359 1175 3446 recognoscendum
1199 3359 1227 3424 si

140 3461 198 3547 ipsa
209 3475 381 3551 postquam
396 3464 484 3529 idem
499 3464 637 3529 Thomas
652 3465 876 3530 terramillam
891 3462 1095 3549 recuperauit
1114 3485 1227 3528 uersus

142 3587 200 3630 cam
213 3575 244 3632 et
258 3577 442 3632 warantum
457 3589 562 3644 suum,
577 3567 653 3632 fecit
668 3575 799 3631 uastum
815 3573 874 3630 etc
891 3573 925 3629 et
939 3563 1067 3630 arbores
1081 3565 1178 3629 scidit
1193 3573 1227 3628 et

140 3667 379 3737 destruccionem
395 3671 437 3736 ad
451 3671 631 3736 ualenciam
647 3693 671 3736 c.
688 3671 743 3735 sol.
759 3679 819 3735 etc.

97 3823 102 3836 .
193 3775 368 3841 'Henricus
394 3775 434 3840 de
458 3775 622 3862 Braybrok
648 3775 734 3861 petit
755 3797 869 3839 uersus
891 3773 1061 3839 Edelinem
1084 3773 1124 3838 de
1147 3773 1228 3838 Broc
1301 3805 1330 3832 ιι

141 3877 212 3960 quod
232 3880 421 3944 warentizet
443 3879 474 3943 ei
499 3878 523 3965 j.
547 3887 729 3942 carucatam
757 3886 842 3942 terre
867 3900 941 3942 cum
964 3876 1172 3963 pertinenciis
1194 3877 1229 3942 in

141 3977 334 4068 Piperhargh'
349 4003 448 4066 quam
463 3979 622 4045 Redulfus
637 3979 723 4044 filius
742 3979 899 4044 Bernerdi
919 3987 953 4043 et
975 3979 1129 4043 Alienora
1148 4001 1230 4043 uxor

141 4081 199 4148 eius
211 4086 433 4150 clamauerunt
448 4107 561 4150 uersus
575 4085 683 4170 ipsum
702 4084 882 4149 Henricum
897 4107 955 4170 per
970 4084 1101 4148 assisam
1116 4083 1229 4148 mortis

142 4189 335 4254 antecessoris
349 4197 384 4254 et
398 4189 486 4254 unde
500 4189 588 4254 idem
604 4189 766 4254 Henricus
780 4189 912 4254 uocauit
923 4211 1030 4253 coram
1045 4187 1231 4254 iusticiariis

170 4387 178 4419 ¹
193 4391 251 4454 Rr'c'‚
262 4392 293 4441 Δ.
735 4389 746 4422 ⁴
761 4405 779 4439 a
789 4391 831 4439 die
843 4391 870 4440 S.
885 4391 955 4439 Trio.
967 4391 996 4438 in
1006 4404 1047 4438 xv.
1060 4389 1112 4438 dies
1124 4387 1153 4447 Α,
1166 4387 1195 4439 B.

169 4453 179 4486 ²
192 4459 374 4518 aprehenderat,
383 4456 414 4518 Δ,
424 4455 471 4506 but
480 4455 653 4520 indistinctly.
736 4455 747 4489 ⁸
763 4456 793 4506 A.
808 4469 844 4505 ιιι.
857 4457 888 4505 25
900 4453 932 4514 ἀς
951 4458 980 4505 fl.
993 4469 1028 4504 m.
1041 4455 1073 4504 20
1084 4453 1109 4503 d.

170 4517 499 4579 ’tamennon
1029 4527 1031 4534 ’
