3314 5238
293 412 358 475 492
503 421 824 484 meminisse.
851 407 945 480 1231,
967 419 1030 469 aa
1056 405 1192 468 15-16.

359 599 402 663 Et
423 598 607 663 Willelmus
631 591 712 662 dicit
741 594 828 683 quod
853 595 940 659 idem
972 593 1151 658 Nicholaus
1180 592 1281 657 habet
1310 591 1402 655 illam

293 703 426 768 terciam
456 711 582 788 partem
609 711 643 766 et
673 701 761 766 ultra
789 699 879 763 illam
909 697 1044 762 terciam
1073 705 1201 783 partem
1229 695 1403 782 occupauit

293 805 379 870 idem
407 805 585 869 Nicholaus
610 803 707 868 aliam
734 801 867 866 terciam
890 807 1018 886 partem
1040 799 1105 864 scil.
1129 798 1344 875 tantumdem,
1367 807 1402 862 et

293 909 387 973 offert
409 909 503 973 Dcm.
526 907 610 994 Regi
630 908 655 993 j.
683 927 778 970 marc.
797 927 855 990 pro
879 901 1029 968 habenda
1052 902 1265 988 inquisicione
1291 909 1326 966 et
1351 924 1401 966 re-

293 1013 419 1098 cipitur.
466 1012 509 1076 Et
524 1011 597 1076 ideo
612 1019 802 1096 preceptum
819 1016 868 1072 est
883 1007 1067 1072 uicecomiti
1082 1006 1169 1094 quod
1184 1029 1290 1071 coram
1305 1028 1343 1070 eo
1366 1015 1402 1070 et

293 1137 399 1180 coram
429 1114 617 1179 custodibus
646 1113 838 1199 placitorum
869 1133 982 1176 corone
1012 1111 1125 1174 uenire
1152 1111 1249 1175 faciat
1279 1111 1331 1196 xij.
1360 1109 1401 1174 de

293 1221 421 1286 uisneto
444 1219 484 1283 de
509 1219 685 1284 Mendham
709 1226 743 1282 et
767 1218 922 1281 Prestona
940 1237 999 1301 per
1022 1237 1101 1301 quos
1125 1215 1172 1278 rei
1196 1213 1318 1278 ueritas
1340 1221 1401 1279 etc.

293 1333 327 1390 et
342 1347 399 1410 per
414 1346 524 1388 eorum
539 1329 776 1387 sacramentum
792 1329 851 1386 ete.
868 1320 895 1385 si
913 1319 1078 1406 predictus
1094 1318 1272 1382 Nicbolaus
1290 1326 1403 1382 contra

293 1429 391 1493 finem
406 1429 499 1492 illum
520 1427 692 1513 occupauit
716 1426 850 1490 terciam
874 1431 1000 1510 partem
1022 1421 1241 1508 predictarum
1257 1421 1321 1506 viij.
1338 1443 1401 1486 scr.

293 1534 378 1620 prati
403 1541 437 1598 et
457 1534 519 1618 xvj.
536 1555 596 1596 acr.
616 1531 743 1596 marisci
764 1530 817 1594 uel
838 1529 980 1615 aliquam
1001 1535 1128 1613 partem
1148 1527 1189 1591 de
1209 1527 1343 1590 marisco
1367 1533 1402 1590 et

293 1647 386 1722 prato
416 1661 478 1724 que
509 1637 614 1702 eidem
642 1635 806 1700 Willelmo
830 1640 1063 1710 remanserunt,
1090 1641 1124 1696 et
1153 1631 1401 1717 inquisicionem

294 1741 405 1805 uenire
426 1741 522 1805 faciat
542 1763 562 1805 a
581 1739 634 1804 die
655 1748 715 1804 etc.
735 1761 794 1824 per
817 1738 927 1802 literas
950 1744 984 1801 61
1007 1759 1066 1822 per
1085 1735 1172 1799 dnos
1219 1735 1262 1798 Et
1284 1733 1404 1797 Anicia

293 1843 362 1908 filia
383 1843 492 1907 Dauid
513 1842 675 1928 particeps
696 1841 838 1927 ipsorum
854 1839 1013 1904 Willelmi
1033 1847 1066 1902 61
1088 1837 1239 1903 Nicholai
1259 1857 1401 1900 summo·

293 1957 411 2012 neatur
435 1948 477 2012 ad
501 1947 736 2012 ostendendum
762 1945 789 2010 si
815 1945 895 2031 quid
922 1945 1040 2008 clamat
1070 1942 1105 2006 in
1130 1941 1276 2028 predicta
1302 1939 1403 2003 tercia

294 2059 386 2137 parte
401 2052 487 2138 prati
502 2060 536 2116 et
551 2049 679 2116 marisci
694 2059 753 2115 etc.

359 2154 543 2220 Willelmus
557 2154 597 2218 de
609 2153 816 2218 Wintertona
831 2161 865 2215 et
877 2151 1038 2215 Beatricia
1049 2171 1130 2214 uxor
1141 2149 1211 2214 eius
1222 2147 1403 2212 athachiati

200 2277 242 2306 ⁸0²
294 2259 426 2324 fuerunt
446 2258 487 2323 ad
507 2257 765 2343 respondendum
788 2257 861 2321 Ade
885 2256 925 2321 de
951 2256 982 2320 S.
1007 2256 1109 2319 Elena
1132 2277 1231 2341 quare
1255 2255 1403 2317 fecerunt

294 2373 426 2428 uastum
442 2373 476 2428 et
492 2363 626 2429 exilium
642 2362 866 2428 uendicionem
883 2369 917 2425 61
932 2359 1188 2433 destruccionem
1199 2358 1240 2422 de
1252 2357 1403 2422 domibus

294 2467 437 2552 gardinis
452 2467 587 2532 uiuariis
602 2474 636 2531 et
651 2466 755 2530 boscis
770 2488 833 2552 que
849 2473 964 2529 tenent
979 2464 1014 2528 in
1032 2463 1143 2528 dotem
1158 2461 1198 2526 de
1219 2461 1402 2526 hereditate

295 2569 396 2654 ipsius
412 2569 483 2634 Ade
499 2569 533 2633 in
549 2569 687 2634 Leitona
701 2569 742 2634 ad
758 2567 1071 2633 exhereditacionem
1087 2566 1188 2652 ipsius
1203 2565 1275 2629 Ade
1290 2573 1404 2628 contra

295 2672 547 2758 prohibicionem
571 2682 639 2750 etc,
655 2681 690 2738 61
712 2673 799 2738 unde
821 2673 890 2758 ipse
906 2672 980 2736 Ada
994 2671 1143 2757 queritur
1158 2669 1244 2756 quod
1263 2669 1402 2754 predicti

296 2777 479 2842 Willelmus
501 2787 535 2842 et
558 2779 721 2842 Beatricia
743 2783 989 2863 prostrauerunt
1015 2775 1097 2839 dues
1125 2773 1237 2838 domos
1266 2781 1300 2837 et
1329 2773 1403 2836 illas

295 2880 515 2946 uendiderunt
544 2890 579 2946 et
608 2882 855 2946 combusserunt
881 2889 915 2944 et
938 2889 1088 2966 preterea
1113 2878 1264 2965 gardinos
1287 2877 1402 2942 exstir-

295 2994 457 3070 pauerunt
478 2994 512 3049 et
533 2985 673 3050 fraxinos
692 2992 938 3071 prostrauerunt
959 2991 993 3048 et
1015 2983 1235 3048 uendiderunt
1259 2991 1293 3046 61
1316 3003 1402 3046 com-

295 3089 477 3167 busserunt,
493 3097 526 3154 et
541 3099 688 3176 preterea
703 3089 789 3176 quod
804 3085 1224 3174 11111611111111611111111111111111ι
1245 3095 1279 3150 et
1299 3085 1402 3172 pisces

295 3200 460 3276 ceperunt,
471 3192 519 3256 ita
528 3192 613 3278 quod
623 3192 838 3258 deterioratus
849 3199 899 3256 cst
912 3199 971 3256 etc.
982 3199 1017 3256 et
1025 3190 1101 3255 inde
1111 3189 1261 3275 producit
1272 3197 1402 3253 sectam.

362 3296 405 3360 Et
422 3297 605 3362 Willelmus
620 3307 654 3360 61
670 3296 832 3361 Beatricia
851 3296 991 3361 ueniunt
1013 3303 1047 3359 et
1067 3295 1248 3360 defendunt
1270 3303 1402 3358 uastum

296 3408 330 3463 et
353 3400 486 3464 exilium
511 3411 544 3465 61
568 3409 675 3466 totum
702 3409 736 3466 et
759 3401 845 3487 quod
867 3402 993 3466 nullum
1017 3409 1147 3466 uastum
1174 3399 1321 3465 fecerunt
1347 3421 1403 3484 pc-

296 3512 381 3568 nunt
395 3526 429 3568 se
445 3527 542 3590 super
556 3505 703 3590 patriam.
735 3505 778 3569 Et
791 3505 865 3569 Ada
879 3504 1037 3568 similiter.
1068 3505 1113 3568 Et
1127 3503 1201 3568 ideo
1212 3511 1402 3590 preceptum

296 3614 346 3670 est
366 3607 550 3671 uicecomiti
566 3607 652 3693 quod
669 3607 844 3693 assumptis
866 3629 975 3671 secum
998 3606 1052 3692 xij.
1068 3606 1103 3670 in
1121 3606 1251 3692 propria
1267 3627 1405 3692 persona

296 3731 355 3774 sua
370 3709 502 3774 accedat
522 3709 609 3796 apud
625 3711 795 3776 Leitonam
816 3719 850 3774 et
870 3733 929 3796 per
949 3733 1059 3774 eorum
1081 3719 1318 3775 sacramentum
1341 3719 1402 3775 etc

296 3814 382 3900 quod
398 3823 528 3879 uastum
544 3823 578 3880 et
594 3816 678 3902 quod
694 3817 828 3880 exilium
844 3815 982 3902 predicti
995 3815 1177 3880 Willelmus
1192 3823 1227 3879 et
1243 3815 1405 3880 Beatricia

296 3920 443 3983 fecerunt
465 3919 500 3982 in
522 3919 671 3984 domibus
694 3919 839 4006 gardinis
861 3919 964 3984 boscis
988 3927 1022 3983 et
1046 3919 1182 3984 uiuariis
1203 3919 1237 3983 in
1258 3919 1406 4006 predicta

297 4031 383 4087 terra
397 4030 432 4086 et
447 4021 691 4107 inquisicionem
707 4022 787 4087 scire
802 4022 900 4087 faciat
920 4021 1115 4087 iusticiarios
1137 4029 1196 4087 etc.
1214 4045 1272 4108 per
1293 4021 1405 4086 literas

295 4133 331 4212 et
346 4147 404 4211 per
418 4124 498 4188 duos
514 4124 598 4209 etcl

175 4221 242 4351 223¹
362 4229 385 4294 1
387 4228 529 4292 ohannes
544 4228 630 4292 filius
646 4228 765 4293 Eruisii
786 4229 871 4315 petit
891 4251 1004 4294 uersus
1025 4227 1201 4294 Ricardum
1221 4229 1261 4295 de
1277 4229 1405 4296 Waude

174 4337 246 4429 m:
293 4331 318 4415 j.
334 4330 415 4416 uirg.
433 4338 517 4393 terre
532 4352 605 4394 cum
622 4339 702 4416 pert.
718 4331 752 4395 in
769 4331 958 4418 Haueringe
974 4339 1013 4396 ut
1028 4332 1080 4396 ius
1095 4355 1189 4396 suum
1206 4341 1240 4397 et
1256 4333 1404 4417 inquam

349 4459 358 4494 ¹
376 4457 448 4522 They
460 4457 567 4508 draincd
579 4459 623 4510 the
634 4459 796 4526 bsh-pondu
813 4463 954 4526 nequiore,
967 4475 1106 4520 exsuccare,
1118 4459 1200 4511 hence
1211 4475 1258 4510 our
1269 4475 1352 4512 sacer.
