3212 5230
422 401 563 460 armar,
587 401 651 450 an.
675 387 769 462 1231,
790 401 854 450 aa.
879 390 927 450 15.
1159 391 1222 454 389

121 593 182 636 uon
196 569 339 635 reddidit
354 569 467 634 eiiam
482 591 537 634 sex
552 568 646 633 annis
661 568 778 654 elapsis
792 568 974 655 predictum
995 569 1157 636 redditum
1176 572 1224 636 ita

121 676 203 764 quod
217 676 249 742 ei
265 699 287 740 a
300 682 385 741 retro
400 684 478 740 sunt
492 675 594 761 xxiiij.
609 697 706 740 marc.

181 781 226 844 Et
242 780 396 844 Warinus
411 779 504 844 uenit
519 787 553 843 et
568 779 651 843 bene
666 778 829 866 cognoscit
844 778 931 865 quod
944 778 1089 864 predicte
1105 782 1144 846 xl
1161 805 1222 850 acr.

121 893 200 949 terre
222 907 299 949 cum
320 891 401 969 pert
424 882 456 946 ei
474 881 636 968 assignate
659 882 792 947 fuerunt
809 882 844 947 in
867 884 1063 950 escambium
1086 886 1224 972 predicti

120 985 294 1050 molendini
308 993 343 1049 et
360 986 386 1071 j.
401 984 483 1070 uirg.
498 991 532 1048 et
552 983 593 1068 xj.
609 1005 671 1048 acr.
691 983 831 1048 tenende
852 984 962 1070 quiete
982 993 1017 1050 et
1032 987 1100 1051 sine
1115 987 1224 1074 aliquo

121 1089 251 1154 cerdicio
267 1089 369 1154 donec
383 1088 566 1174 predictum
581 1086 802 1151 molendinum
815 1094 849 1152 et
860 1088 884 1174 j.
900 1087 980 1175 uirg.
993 1097 1076 1154 terre
1089 1099 1123 1155 et
1137 1091 1179 1177 xj.
1200 1089 1205 1176 Ι

121 1217 176 1258 aer.
202 1193 233 1258 ei
255 1193 523 1268 deliberarentur‚
545 1191 677 1256 atinde
699 1192 792 1276 ponit
814 1215 848 1258 se
870 1215 966 1278 super
987 1194 1134 1280 patriam.
1180 1195 1224 1258 Et
1301 1223 1305 1248 ι

122 1297 284 1361 lohannes
298 1295 458 1361 similiter.
504 1295 547 1359 Et
562 1293 635 1358 ideo
655 1301 845 1380 preceptum
864 1303 913 1360 est
933 1296 1116 1362 uicecomiti
1139 1297 1224 1383 quod

122 1424 219 1465 coram
235 1423 275 1465 eo
290 1409 326 1465 et
341 1423 449 1464 coram
464 1398 653 1464 custodibus
667 1397 766 1485 pleg'¹
782 1421 895 1464 corone
910 1399 945 1464 in
956 1400 1052 1486 pleno
1067 1400 1224 1466 comitatu

122 1505 287 1570 conuenire
313 1505 413 1570 faciat
439 1503 493 1590 xij.
519 1503 560 1568 de
586 1502 715 1567 uisneto
742 1502 956 1569 Oestrefordie
982 1527 1041 1590 per
1069 1528 1149 1592 quos
1176 1507 1225 1572 rei

123 1607 234 1672 ueritas
249 1606 374 1671 melius·
385 1605 459 1670 sciri
473 1605 594 1691 poterit
609 1612 644 1668 et
658 1627 717 1690 per
731 1626 842 1668 eorum
862 1619 1100 1672 sacramentum
1120 1615 1180 1674 etc.
1195 1609 1223 1673 si

123 1711 279 1796 predictus
301 1711 469 1776 Johannes
488 1709 579 1775 dedit
601 1708 709 1773 eidem
732 1708 865 1772 Warino
888 1709 1049 1795 predictas
1070 1711 1111 1776 xl.
1134 1733 1223 1776 acras

124 1825 198 1880 terre
219 1815 255 1880 in
278 1815 481 1880 escambium
508 1812 646 1900 predicti
664 1811 842 1876 molendini
865 1822 899 1877 et
918 1813 1064 1898 predicte
1084 1814 1165 1902 uirg.
1188 1825 1223 1880 et

123 1917 158 2003 xj.
182 1941 242 1985 aer.
270 1927 359 1984 terre
382 1917 545 1984 reddendo
566 1916 643 1982 inde
665 1939 725 2004 per
746 1939 868 1982 annum
890 1917 947 2004 iiij.
977 1941 1082 1996 marc,
1111 1919 1165 1984 uel
1195 1920 1223 1984 si

124 2021 203 2086 illam
229 2022 260 2086 ei
285 2021 380 2088 dedit
405 2022 440 2086 in
466 2021 663 2086 escambium
686 2021 797 2108 quiete
819 2029 854 2086 et
875 2021 944 2086 sine
966 2022 1101 2088 seruicio
1123 2023 1224 2090 donec

123 2125 296 2210 predictum
312 2125 536 2191 molendinum
552 2134 586 2190 et
604 2134 691 2190 terra
710 2125 857 2212 predicta
875 2125 906 2190 ei
927 2125 1167 2206 deliberaretur,
1189 2138 1224 2193 et

125 2229 363 2315 inquisicionem
379 2229 459 2294 scire
477 2229 575 2294 faciat
594 2251 614 2294 a
633 2229 685 2294 die
706 2238 766 2295 etc.
790 2229 960 2295 euidenter
978 2253 1037 2318 per
1058 2231 1167 2297 literas
1189 2241 1224 2296 ct

125 2332 268 2417 perduos
285 2342 348 2398 etc.

44 2433 88 2494 ild
181 2435 1221 2523 WillelmusfiliusRobertiathachiatusfuitadrespondendum
1320 2465 1338 2496 e·

126 2537 303 2604 ‘lburstano
329 2538 370 2604 dc
399 2538 548 2603 Bisshete
575 2561 674 2625 quare
704 2538 807 2603 trahit
832 2561 907 2604 eum
937 2539 972 2604 in
1001 2541 1157 2626 placitum
1187 2541 1222 2606 in

128 2644 273 2710 comitatu
290 2667 352 2732 per
365 2644 465 2709 breue
479 2643 520 2708 de
535 2651 622 2709 recto
637 2643 678 2708 de
698 2666 764 2708 una
783 2645 863 2730 uirg.
885 2653 969 2710 terre
990 2667 1063 2710 cum
1085 2654 1167 2732 pert.
1186 2646 1222 2710 in

130 2747 269 2835 Olstorpc
299 2771 367 2835 que
397 2769 502 2834 nuper
530 2746 686 2812 remansit
715 2747 746 2810 ei
775 2769 882 2811 coram
916 2747 1100 2812 iusticiariis
1136 2747 1223 2833 apud

130 2849 446 2916 westmonasterium
480 2873 539 2936 per
570 2849 860 2915 consideracionem
897 2850 1042 2914 eiusdem
1071 2850 1159 2914 curie
1189 2859 1224 2915 et

39 2965 43 2974 ⁴
131 2947 205 3013 unde
218 2949 351 3036 loquela
364 2949 429 3014 fuit
443 2949 490 3015 ibi
505 2949 680 3014 terminata
695 2957 754 3014 etc

184 3051 226 3114 Et
254 3051 443 3116 Willelmus
472 3051 565 3116 uenit
593 3059 628 3115 et
657 3051 810 3137 cognouit
839 3050 926 3138 quod
955 3049 1056 3114 traxit
1084 3072 1160 3115 eum
1188 3050 1224 3115 in

131 3150 272 3236 placitum
310 3153 347 3218 in
384 3153 542 3219 comitatu
580 3153 619 3218 de
656 3153 803 3238 predicta
838 3161 925 3218 terra
958 3161 993 3218 et
1023 3152 1109 3239 quod
1138 3161 1225 3218 terra

131 3257 271 3322 remansit
301 3257 410 3322 eidem
440 3257 633 3322 Thurstauo.
693 3257 737 3322 Et
765 3257 838 3322 ideo
873 3257 1076 3329 Thurstanus
1112 3263 1225 3321 teneat

131 3357 244 3445 inpace
258 3370 294 3425 et
310 3359 495 3425 Willelmus
510 3360 735 3426 committatur
747 3361 848 3447 gaola.

49 3466 94 3528 uo.
185 3463 353 3552 Ailwynus
382 3465 527 3531 Amisius
557 3465 718 3530 Martinus
743 3473 778 3530 et
800 3465 965 3530 Walterus
993 3465 1034 3530 de
1064 3465 1224 3531 Gecbam'
1305 3485 1331 3516 ⁶¹²

132 3573 236 3648 petunt
257 3591 373 3635 uersus
395 3569 589 3634 Mauricium
611 3569 651 3634 da
675 3569 708 3633 la
728 3568 842 3655 Legha
862 3567 919 3654 iiij.
943 3591 1002 3634 acr.
1033 3575 1119 3633 tene
1148 3591 1224 3634 cum

132 3677 201 3752 pert.
229 3671 264 3737 in
294 3673 441 3738 Yecham
471 3681 510 3738 ut
539 3673 590 3738 ius
618 3673 761 3760 ipsorum
791 3681 826 3737 et
854 3672 889 3736 in
919 3695 1000 3759 quas
1029 3695 1095 3738 non
1122 3672 1224 3738 habet

134 3771 297 3859 ingressum
337 3777 400 3842 nisi
439 3800 498 3864 per
534 3779 696 3863 quandam
733 3777 912 3842 Brictiuam
949 3776 1223 3843 antecessistrem⁸

133 3875 260 3961 ipsorum
281 3881 425 3968 Ailwyni
446 3890 481 3947 et
502 3881 639 3946 aliorum
661 3889 721 3947 eta

190 3983 230 4048 Et
257 3985 434 4051 Mauricius
463 3987 556 4051 uenit
585 3995 620 4051 et
645 3985 725 4052 dicit
751 3985 837 4072 quod
867 4009 931 4050 non
960 3986 1059 4052 debet
1088 3985 1119 4050 ei
1147 3984 1223 4052 inde

135 4087 310 4170 respondere
337 4089 414 4174 quia
442 4089 511 4174 ipse
542 4111 606 4154 non
637 4097 729 4154 tenet
758 4097 862 4154 totam
892 4098 1011 4155 terram
1041 4089 1131 4154 illam
1161 4089 1224 4154 nisi

137 4191 251 4253 tantum
279 4199 346 4254 tres
375 4211 434 4254 aar.
459 4199 494 4256 ct
519 4191 595 4257 dim.
622 4200 657 4256 et
682 4191 822 4278 quedam
851 4193 973 4258 femina
1000 4215 1063 4278 que
1088 4199 1225 4256 uocatur

140 4285 243 4372 Aylina
269 4299 362 4357 tenet
390 4292 466 4358 inde
496 4294 570 4361 dim.
602 4317 662 4361 acr.
722 4295 766 4360 Et
795 4297 963 4382 Aylwinus
998 4304 1032 4360 et
1065 4293 1123 4359 alii
1159 4317 1223 4360 non

222 4419 317 4471 ¹con.
326 4423 485 4484 pracerum.
671 4424 682 4457 ²
700 4425 729 4490 (r)
742 4425 858 4476 rounam.
1046 4426 1056 4458 ³
1074 4425 1124 4477 su.
