<?xml version="1.0" encoding="UTF-8"?>
<!DOCTYPE html PUBLIC "-//W3C//DTD XHTML 1.0 Transitional//EN"
    "http://www.w3.org/TR/xhtml1/DTD/xhtml1-transitional.dtd">
<html xmlns="http://www.w3.org/1999/xhtml" xml:lang="en" lang="en">
 <head>
  <title>
</title>
<meta http-equiv="Content-Type" content="text/html;charset=utf-8" />
  <meta name='ocr-system' content='tesseract 3.04.00' />
  <meta name='ocr-capabilities' content='ocr_page ocr_carea ocr_par ocr_line ocrx_word'/>
</head>
<body>
  <div class='ocr_page' id='page_1' title='image "./bractonsnoteboo04bracgoog_0713.png"; bbox 0 0 3308 5226; ppageno 0'>
   <div class='ocr_carea' id='block_1_1' title="bbox 416 415 1291 500">
    <p class='ocr_par' dir='ltr' id='par_1_1' title="bbox 416 415 1291 500">
     <span class='ocr_line' id='line_1_1' title="bbox 416 415 1291 500; baseline 0.008 -15"><span class='ocrx_word' id='word_1_1' title='bbox 416 415 738 498; x_wconf 64' lang='lat' dir='ltr'>merissimam.</span> <span class='ocrx_word' id='word_1_2' title='bbox 762 425 854 500; x_wconf 79' lang='lat'><strong>1224,</strong></span> <span class='ocrx_word' id='word_1_3' title='bbox 877 439 941 489; x_wconf 67' lang='grc'><strong>011.</strong></span> <span class='ocrx_word' id='word_1_4' title='bbox 963 427 1056 491; x_wconf 82' lang='grc'><strong>8-9.</strong></span> <span class='ocrx_word' id='word_1_5' title='bbox 1226 423 1291 498; x_wconf 79' lang='grc'><strong>105</strong></span> 
     </span>
    </p>
   </div>
   <div class='ocr_carea' id='block_1_2' title="bbox 144 605 1379 3880">
    <p class='ocr_par' dir='ltr' id='par_1_2' title="bbox 144 605 1379 3880">
     <span class='ocr_line' id='line_1_2' title="bbox 182 605 1347 679; baseline 0.007 -7"><span class='ocrx_word' id='word_1_6' title='bbox 182 606 266 674; x_wconf 91' lang='lat' dir='ltr'><strong>illud</strong></span> <span class='ocrx_word' id='word_1_7' title='bbox 294 605 441 672; x_wconf 87' lang='lat' dir='ltr'><strong>fecerunt</strong></span> <span class='ocrx_word' id='word_1_8' title='bbox 470 607 582 672; x_wconf 91' lang='lat' dir='ltr'><strong>uenire</strong></span> <span class='ocrx_word' id='word_1_9' title='bbox 612 629 718 672; x_wconf 89' lang='lat' dir='ltr'><strong>coram</strong></span> <span class='ocrx_word' id='word_1_10' title='bbox 744 608 791 673; x_wconf 88' lang='lat' dir='ltr'><strong>eis</strong></span> <span class='ocrx_word' id='word_1_11' title='bbox 816 609 949 675; x_wconf 79' lang='lat' dir='ltr'>assisam</span> <span class='ocrx_word' id='word_1_12' title='bbox 975 609 1073 678; x_wconf 90' lang='lat' dir='ltr'>illam.</span> <span class='ocrx_word' id='word_1_13' title='bbox 1119 611 1178 679; x_wconf 77' lang='lat' dir='ltr'><strong>1Et</strong></span> <span class='ocrx_word' id='word_1_14' title='bbox 1201 611 1288 679; x_wconf 92' lang='lat' dir='ltr'><strong>idem</strong></span> <span class='ocrx_word' id='word_1_15' title='bbox 1344 661 1347 668; x_wconf 68' lang='lat'>,</span> 
     </span>
     <span class='ocr_line' id='line_1_3' title="bbox 183 711 1291 803; baseline 0.005 -27"><span class='ocrx_word' id='word_1_16' title='bbox 183 711 344 776; x_wconf 83' lang='lat' dir='ltr'><strong>Martinus</strong></span> <span class='ocrx_word' id='word_1_17' title='bbox 369 712 463 778; x_wconf 91' lang='lat' dir='ltr'><strong>uenit</strong></span> <span class='ocrx_word' id='word_1_18' title='bbox 492 721 527 777; x_wconf 91' lang='lat' dir='ltr'><strong>et</strong></span> <span class='ocrx_word' id='word_1_19' title='bbox 556 712 696 800; x_wconf 80' lang='lat' dir='ltr'>predicti</span> <span class='ocrx_word' id='word_1_20' title='bbox 721 713 867 800; x_wconf 89' lang='lat' dir='ltr'><strong>Rogerus</strong></span> <span class='ocrx_word' id='word_1_21' title='bbox 893 721 928 780; x_wconf 93' lang='lat' dir='ltr'><strong>et</strong></span> <span class='ocrx_word' id='word_1_22' title='bbox 953 713 1053 803; x_wconf 88' lang='lat' dir='ltr'><strong>Hugo</strong></span> <span class='ocrx_word' id='word_1_23' title='bbox 1078 716 1229 784; x_wconf 90' lang='lat' dir='ltr'><strong>similiter</strong></span> <span class='ocrx_word' id='word_1_24' title='bbox 1253 727 1291 783; x_wconf 91' lang='lat' dir='ltr'><strong>et</strong></span> 
     </span>
     <span class='ocr_line' id='line_1_4' title="bbox 182 813 1288 902; baseline 0.006 -22"><span class='ocrx_word' id='word_1_25' title='bbox 182 814 303 900; x_wconf 78' lang='lat' dir='ltr'><strong>quesiti</strong></span> <span class='ocrx_word' id='word_1_26' title='bbox 324 814 352 880; x_wconf 93' lang='lat' dir='ltr'><strong>si</strong></span> <span class='ocrx_word' id='word_1_27' title='bbox 373 813 518 881; x_wconf 82' lang='lat' dir='ltr'><strong>dicerent</strong></span> <span class='ocrx_word' id='word_1_28' title='bbox 539 815 663 902; x_wconf 88' lang='lat' dir='ltr'>aliquid</span> <span class='ocrx_word' id='word_1_29' title='bbox 687 837 785 902; x_wconf 89' lang='lat' dir='ltr'><strong>quare</strong></span> <span class='ocrx_word' id='word_1_30' title='bbox 809 815 909 882; x_wconf 82' lang='lat' dir='ltr'>assisa</span> <span class='ocrx_word' id='word_1_31' title='bbox 930 828 1113 884; x_wconf 77' lang='lat' dir='ltr'><strong>remaneret</strong></span> <span class='ocrx_word' id='word_1_32' title='bbox 1135 819 1288 886; x_wconf 82' lang='lat' dir='ltr'><strong>dixerunt</strong></span> 
     </span>
     <span class='ocr_line' id='line_1_5' title="bbox 144 917 1290 1010; baseline 0.006 -28"><span class='ocrx_word' id='word_1_33' title='bbox 144 919 152 932; x_wconf 83' lang='lat'>&#39;</span> <span class='ocrx_word' id='word_1_34' title='bbox 182 917 269 1004; x_wconf 93' lang='lat' dir='ltr'><strong>quod</strong></span> <span class='ocrx_word' id='word_1_35' title='bbox 290 939 355 982; x_wconf 93' lang='grc'><strong>000</strong></span> <span class='ocrx_word' id='word_1_36' title='bbox 378 917 479 983; x_wconf 89' lang='grc'><strong>110100</strong></span> <span class='ocrx_word' id='word_1_37' title='bbox 501 917 584 984; x_wconf 90' lang='lat' dir='ltr'><strong>bene</strong></span> <span class='ocrx_word' id='word_1_38' title='bbox 608 927 834 984; x_wconf 89' lang='lat' dir='ltr'><strong>concesserunt</strong></span> <span class='ocrx_word' id='word_1_39' title='bbox 858 918 990 984; x_wconf 79' lang='lat' dir='ltr'>assisam</span> <span class='ocrx_word' id='word_1_40' title='bbox 1012 921 1102 986; x_wconf 89' lang='lat' dir='ltr'>illam</span> <span class='ocrx_word' id='word_1_41' title='bbox 1125 945 1183 1010; x_wconf 91' lang='lat' dir='ltr'><strong>per</strong></span> <span class='ocrx_word' id='word_1_42' title='bbox 1203 924 1290 1010; x_wconf 92' lang='lat' dir='ltr'><strong>quod</strong></span> 
     </span>
     <span class='ocr_line' id='line_1_6' title="bbox 182 1011 1379 1114; baseline 0.006 -26"><span class='ocrx_word' id='word_1_43' title='bbox 182 1022 419 1088; x_wconf 89' lang='lat' dir='ltr'><strong>consideratum</strong></span> <span class='ocrx_word' id='word_1_44' title='bbox 441 1021 505 1087; x_wconf 85' lang='lat' dir='ltr'><strong>fuit</strong></span> <span class='ocrx_word' id='word_1_45' title='bbox 527 1045 633 1088; x_wconf 88' lang='lat' dir='ltr'><strong>coram</strong></span> <span class='ocrx_word' id='word_1_46' title='bbox 656 1022 703 1088; x_wconf 91' lang='lat' dir='ltr'><strong>eis</strong></span> <span class='ocrx_word' id='word_1_47' title='bbox 723 1022 809 1109; x_wconf 93' lang='lat' dir='ltr'><strong>quod</strong></span> <span class='ocrx_word' id='word_1_48' title='bbox 830 1023 929 1088; x_wconf 78' lang='lat' dir='ltr'>assisa</span> <span class='ocrx_word' id='word_1_49' title='bbox 943 1025 1130 1110; x_wconf 87' lang='lat' dir='ltr'><strong>procederet</strong></span> <span class='ocrx_word' id='word_1_50' title='bbox 1145 1036 1179 1092; x_wconf 92' lang='lat' dir='ltr'><strong>et</strong></span> <span class='ocrx_word' id='word_1_51' title='bbox 1194 1037 1290 1114; x_wconf 89' lang='lat' dir='ltr'>capta</span> <span class='ocrx_word' id='word_1_52' title='bbox 1374 1011 1379 1018; x_wconf 40' lang='lat'><strong>¹</strong></span> 
     </span>
     <span class='ocr_line' id='line_1_7' title="bbox 182 1124 1290 1214; baseline 0.006 -25"><span class='ocrx_word' id='word_1_53' title='bbox 182 1124 246 1190; x_wconf 82' lang='lat' dir='ltr'><strong>fuit</strong></span> <span class='ocrx_word' id='word_1_54' title='bbox 260 1125 359 1192; x_wconf 82' lang='lat' dir='ltr'>assisa</span> <span class='ocrx_word' id='word_1_55' title='bbox 373 1149 480 1192; x_wconf 87' lang='lat' dir='ltr'><strong>coram</strong></span> <span class='ocrx_word' id='word_1_56' title='bbox 495 1125 542 1191; x_wconf 90' lang='lat' dir='ltr'><strong>eis</strong></span> <span class='ocrx_word' id='word_1_57' title='bbox 556 1149 615 1213; x_wconf 92' lang='lat' dir='ltr'><strong>per</strong></span> <span class='ocrx_word' id='word_1_58' title='bbox 631 1125 729 1192; x_wconf 73' lang='lat' dir='ltr'>tales*</span> <span class='ocrx_word' id='word_1_59' title='bbox 748 1125 914 1205; x_wconf 87' lang='lat' dir='ltr'><strong>iuratores,</strong></span> <span class='ocrx_word' id='word_1_60' title='bbox 928 1127 987 1214; x_wconf 92' lang='lat' dir='ltr'><strong>qui</strong></span> <span class='ocrx_word' id='word_1_61' title='bbox 1006 1150 1116 1196; x_wconf 91' lang='lat' dir='ltr'><strong>omnes</strong></span> <span class='ocrx_word' id='word_1_62' title='bbox 1136 1131 1290 1198; x_wconf 82' lang='lat' dir='ltr'><strong>dixerunt</strong></span> 
     </span>
     <span class='ocr_line' id='line_1_8' title="bbox 182 1228 1287 1320; baseline 0.004 -26"><span class='ocrx_word' id='word_1_63' title='bbox 182 1229 269 1315; x_wconf 91' lang='lat' dir='ltr'><strong>quod</strong></span> <span class='ocrx_word' id='word_1_64' title='bbox 292 1228 457 1320; x_wconf 89' lang='lat' dir='ltr'><strong>predictus</strong></span> <span class='ocrx_word' id='word_1_65' title='bbox 480 1229 580 1317; x_wconf 87' lang='lat' dir='ltr'><strong>Hugo</strong></span> <span class='ocrx_word' id='word_1_66' title='bbox 602 1237 637 1294; x_wconf 90' lang='lat' dir='ltr'><strong>et</strong></span> <span class='ocrx_word' id='word_1_67' title='bbox 659 1230 806 1318; x_wconf 86' lang='lat' dir='ltr'><strong>Rogerus</strong></span> <span class='ocrx_word' id='word_1_68' title='bbox 827 1252 892 1294; x_wconf 92' lang='grc'><strong>000</strong></span> <span class='ocrx_word' id='word_1_69' title='bbox 914 1229 1160 1297; x_wconf 89' lang='lat' dir='ltr'><strong>disseisiuerunt</strong></span> <span class='ocrx_word' id='word_1_70' title='bbox 1181 1232 1287 1320; x_wconf 91' lang='lat' dir='ltr'><strong>ipsum</strong></span> 
     </span>
     <span class='ocr_line' id='line_1_9' title="bbox 181 1333 1288 1422; baseline 0.005 -24"><span class='ocrx_word' id='word_1_71' title='bbox 181 1333 362 1400; x_wconf 84' lang='lat' dir='ltr'><strong>Martinum</strong></span> <span class='ocrx_word' id='word_1_72' title='bbox 391 1333 432 1398; x_wconf 90' lang='lat' dir='ltr'><strong>de</strong></span> <span class='ocrx_word' id='word_1_73' title='bbox 460 1333 569 1420; x_wconf 91' lang='lat' dir='ltr'>aliquo</span> <span class='ocrx_word' id='word_1_74' title='bbox 598 1333 700 1398; x_wconf 89' lang='lat' dir='ltr'><strong>libero</strong></span> <span class='ocrx_word' id='word_1_75' title='bbox 729 1340 918 1398; x_wconf 77' lang='lat' dir='ltr'><strong>tenemento</strong></span> <span class='ocrx_word' id='word_1_76' title='bbox 946 1355 1014 1412; x_wconf 91' lang='lat' dir='ltr'><strong>suo,</strong></span> <span class='ocrx_word' id='word_1_77' title='bbox 1043 1343 1078 1400; x_wconf 92' lang='lat' dir='ltr'><strong>et</strong></span> <span class='ocrx_word' id='word_1_78' title='bbox 1114 1335 1192 1422; x_wconf 87' lang='lat' dir='ltr'>quia</span> <span class='ocrx_word' id='word_1_79' title='bbox 1227 1336 1288 1404; x_wconf 92' lang='lat' dir='ltr'><strong>hoc</strong></span> 
     </span>
     <span class='ocr_line' id='line_1_10' title="bbox 181 1435 1288 1525; baseline 0.002 -23"><span class='ocrx_word' id='word_1_80' title='bbox 181 1438 303 1524; x_wconf 88' lang='lat' dir='ltr'><strong>precise</strong></span> <span class='ocrx_word' id='word_1_81' title='bbox 318 1437 471 1502; x_wconf 85' lang='lat' dir='ltr'><strong>dixerunt</strong></span> <span class='ocrx_word' id='word_1_82' title='bbox 485 1437 723 1502; x_wconf 90' lang='lat' dir='ltr'><strong>consideratum</strong></span> <span class='ocrx_word' id='word_1_83' title='bbox 739 1436 802 1502; x_wconf 88' lang='lat' dir='ltr'><strong>fuit</strong></span> <span class='ocrx_word' id='word_1_84' title='bbox 813 1435 900 1523; x_wconf 93' lang='lat' dir='ltr'><strong>quod</strong></span> <span class='ocrx_word' id='word_1_85' title='bbox 910 1436 974 1523; x_wconf 88' lang='lat' dir='ltr'>ipsi</span> <span class='ocrx_word' id='word_1_86' title='bbox 986 1438 1086 1525; x_wconf 87' lang='lat' dir='ltr'><strong>Hugo</strong></span> <span class='ocrx_word' id='word_1_87' title='bbox 1097 1446 1131 1504; x_wconf 93' lang='lat' dir='ltr'><strong>et</strong></span> <span class='ocrx_word' id='word_1_88' title='bbox 1142 1439 1288 1525; x_wconf 86' lang='lat' dir='ltr'><strong>Rogerus</strong></span> 
     </span>
     <span class='ocr_line' id='line_1_11' title="bbox 180 1539 1287 1628; baseline 0.003 -23"><span class='ocrx_word' id='word_1_89' title='bbox 180 1547 289 1605; x_wconf 87' lang='lat' dir='ltr'>essent</span> <span class='ocrx_word' id='word_1_90' title='bbox 303 1540 379 1607; x_wconf 92' lang='lat' dir='ltr'><strong>inde</strong></span> <span class='ocrx_word' id='word_1_91' title='bbox 394 1540 497 1627; x_wconf 93' lang='lat' dir='ltr'><strong>quieti</strong></span> <span class='ocrx_word' id='word_1_92' title='bbox 512 1549 547 1606; x_wconf 90' lang='lat' dir='ltr'><strong>et</strong></span> <span class='ocrx_word' id='word_1_93' title='bbox 562 1541 723 1605; x_wconf 84' lang='lat' dir='ltr'><strong>Martinus</strong></span> <span class='ocrx_word' id='word_1_94' title='bbox 738 1541 772 1604; x_wconf 94' lang='lat' dir='ltr'><strong>in</strong></span> <span class='ocrx_word' id='word_1_95' title='bbox 787 1539 1010 1606; x_wconf 80' lang='lat' dir='ltr'>misericordia</span> <span class='ocrx_word' id='word_1_96' title='bbox 1055 1543 1101 1606; x_wconf 89' lang='lat' dir='ltr'><strong>Et</strong></span> <span class='ocrx_word' id='word_1_97' title='bbox 1115 1564 1213 1628; x_wconf 88' lang='lat' dir='ltr'><strong>super</strong></span> <span class='ocrx_word' id='word_1_98' title='bbox 1226 1543 1287 1608; x_wconf 91' lang='lat' dir='ltr'><strong>hoc</strong></span> 
     </span>
     <span class='ocr_line' id='line_1_12' title="bbox 180 1643 1287 1713; baseline 0.005 -5"><span class='ocrx_word' id='word_1_99' title='bbox 180 1643 273 1708; x_wconf 89' lang='lat' dir='ltr'><strong>uenit</strong></span> <span class='ocrx_word' id='word_1_100' title='bbox 302 1644 463 1710; x_wconf 77' lang='lat' dir='ltr'>Martinus</span> <span class='ocrx_word' id='word_1_101' title='bbox 492 1653 527 1710; x_wconf 92' lang='grc'><strong>01</strong></span> <span class='ocrx_word' id='word_1_102' title='bbox 555 1645 639 1710; x_wconf 90' lang='lat' dir='ltr'><strong>benc</strong></span> <span class='ocrx_word' id='word_1_103' title='bbox 665 1643 812 1710; x_wconf 89' lang='lat' dir='ltr'><strong>concedit</strong></span> <span class='ocrx_word' id='word_1_104' title='bbox 837 1645 920 1710; x_wconf 91' lang='lat' dir='ltr'><strong>illud</strong></span> <span class='ocrx_word' id='word_1_105' title='bbox 942 1645 1110 1711; x_wconf 91' lang='lat' dir='ltr'><strong>recordum</strong></span> <span class='ocrx_word' id='word_1_106' title='bbox 1133 1655 1184 1712; x_wconf 88' lang='lat' dir='ltr'><strong>set</strong></span> <span class='ocrx_word' id='word_1_107' title='bbox 1206 1647 1287 1713; x_wconf 88' lang='lat' dir='ltr'><strong>dicit</strong></span> 
     </span>
     <span class='ocr_line' id='line_1_13' title="bbox 180 1745 1286 1833; baseline 0.005 -23"><span class='ocrx_word' id='word_1_108' title='bbox 180 1745 267 1832; x_wconf 94' lang='lat' dir='ltr'><strong>quod</strong></span> <span class='ocrx_word' id='word_1_109' title='bbox 291 1745 449 1812; x_wconf 88' lang='lat' dir='ltr'><strong>iuratores</strong></span> <span class='ocrx_word' id='word_1_110' title='bbox 473 1746 558 1812; x_wconf 85' lang='lat' dir='ltr'><strong>male</strong></span> <span class='ocrx_word' id='word_1_111' title='bbox 583 1746 776 1810; x_wconf 89' lang='lat' dir='ltr'><strong>iurauerunt</strong></span> <span class='ocrx_word' id='word_1_112' title='bbox 799 1746 878 1832; x_wconf 87' lang='lat' dir='ltr'>quia</span> <span class='ocrx_word' id='word_1_113' title='bbox 899 1746 969 1833; x_wconf 89' lang='lat' dir='ltr'><strong>ipse</strong></span> <span class='ocrx_word' id='word_1_114' title='bbox 992 1747 1155 1814; x_wconf 84' lang='lat' dir='ltr'><strong>Martinus</strong></span> <span class='ocrx_word' id='word_1_115' title='bbox 1178 1757 1286 1816; x_wconf 90' lang='lat' dir='ltr'><strong>totum</strong></span> 
     </span>
     <span class='ocr_line' id='line_1_14' title="bbox 180 1849 1286 1939; baseline 0.005 -25"><span class='ocrx_word' id='word_1_116' title='bbox 180 1857 406 1916; x_wconf 89' lang='lat' dir='ltr'><strong>tenementum</strong></span> <span class='ocrx_word' id='word_1_117' title='bbox 420 1849 502 1914; x_wconf 92' lang='lat' dir='ltr'><strong>illud</strong></span> <span class='ocrx_word' id='word_1_118' title='bbox 517 1849 626 1916; x_wconf 89' lang='lat' dir='ltr'><strong>tenuit</strong></span> <span class='ocrx_word' id='word_1_119' title='bbox 640 1872 715 1915; x_wconf 92' lang='lat' dir='ltr'><strong>cum</strong></span> <span class='ocrx_word' id='word_1_120' title='bbox 731 1849 815 1936; x_wconf 86' lang='lat' dir='ltr'>Gyla</span> <span class='ocrx_word' id='word_1_121' title='bbox 829 1871 928 1916; x_wconf 85' lang='lat' dir='ltr'><strong>uxore</strong></span> <span class='ocrx_word' id='word_1_122' title='bbox 943 1850 1014 1916; x_wconf 90' lang='lat' dir='ltr'><strong>eius</strong></span> <span class='ocrx_word' id='word_1_123' title='bbox 1027 1859 1132 1918; x_wconf 88' lang='lat' dir='ltr'><strong>matre</strong></span> <span class='ocrx_word' id='word_1_124' title='bbox 1149 1853 1286 1939; x_wconf 83' lang='lat' dir='ltr'>predicti</span> 
     </span>
     <span class='ocr_line' id='line_1_15' title="bbox 180 1953 1285 2042; baseline 0.005 -23"><span class='ocrx_word' id='word_1_125' title='bbox 180 1953 331 2042; x_wconf 90' lang='lat' dir='ltr'><strong>Hugonis</strong></span> <span class='ocrx_word' id='word_1_126' title='bbox 345 1962 384 2020; x_wconf 89' lang='lat' dir='ltr'><strong>ut</strong></span> <span class='ocrx_word' id='word_1_127' title='bbox 399 1953 615 2019; x_wconf 88' lang='lat' dir='ltr'><strong>hereditatem</strong></span> <span class='ocrx_word' id='word_1_128' title='bbox 629 1953 732 2040; x_wconf 89' lang='lat' dir='ltr'>ipsius</span> <span class='ocrx_word' id='word_1_129' title='bbox 747 1953 829 2039; x_wconf 88' lang='lat' dir='ltr'><strong>Gyle</strong></span> <span class='ocrx_word' id='word_1_130' title='bbox 844 1961 879 2018; x_wconf 93' lang='lat' dir='ltr'><strong>et</strong></span> <span class='ocrx_word' id='word_1_131' title='bbox 894 1975 957 2039; x_wconf 91' lang='lat' dir='ltr'><strong>que</strong></span> <span class='ocrx_word' id='word_1_132' title='bbox 977 1954 1094 2020; x_wconf 88' lang='lat' dir='ltr'>habuit</span> <span class='ocrx_word' id='word_1_133' title='bbox 1113 1978 1229 2042; x_wconf 89' lang='lat' dir='ltr'><strong>pueros</strong></span> <span class='ocrx_word' id='word_1_134' title='bbox 1244 1957 1285 2024; x_wconf 92' lang='lat' dir='ltr'><strong>de</strong></span> 
     </span>
     <span class='ocr_line' id='line_1_16' title="bbox 180 2055 1286 2144; baseline 0.005 -22"><span class='ocrx_word' id='word_1_135' title='bbox 180 2079 220 2122; x_wconf 91' lang='lat' dir='ltr'><strong>eo</strong></span> <span class='ocrx_word' id='word_1_136' title='bbox 247 2066 283 2122; x_wconf 92' lang='lat' dir='ltr'><strong>et</strong></span> <span class='ocrx_word' id='word_1_137' title='bbox 311 2057 385 2122; x_wconf 93' lang='lat' dir='ltr'><strong>ideo</strong></span> <span class='ocrx_word' id='word_1_138' title='bbox 413 2057 592 2122; x_wconf 90' lang='lat' dir='ltr'><strong>secundum</strong></span> <span class='ocrx_word' id='word_1_139' title='bbox 621 2055 889 2122; x_wconf 84' lang='lat' dir='ltr'><strong>consuetudinem</strong></span> <span class='ocrx_word' id='word_1_140' title='bbox 919 2057 1011 2144; x_wconf 91' lang='lat' dir='ltr'><strong>regni</strong></span> <span class='ocrx_word' id='word_1_141' title='bbox 1036 2067 1147 2124; x_wconf 90' lang='lat' dir='ltr'><strong>tenere</strong></span> <span class='ocrx_word' id='word_1_142' title='bbox 1170 2060 1286 2128; x_wconf 88' lang='lat' dir='ltr'><strong>debuit</strong></span> 
     </span>
     <span class='ocr_line' id='line_1_17' title="bbox 180 2160 1284 2248; baseline 0.003 -20"><span class='ocrx_word' id='word_1_143' title='bbox 180 2169 299 2228; x_wconf 80' lang='lat' dir='ltr'><strong>terram</strong></span> <span class='ocrx_word' id='word_1_144' title='bbox 311 2163 401 2228; x_wconf 87' lang='lat' dir='ltr'>illam</span> <span class='ocrx_word' id='word_1_145' title='bbox 412 2170 483 2227; x_wconf 89' lang='grc'><strong>1010</strong></span> <span class='ocrx_word' id='word_1_146' title='bbox 493 2161 565 2228; x_wconf 86' lang='grc'><strong>0110</strong></span> <span class='ocrx_word' id='word_1_147' title='bbox 575 2183 643 2240; x_wconf 87' lang='grc'><strong>000,</strong></span> <span class='ocrx_word' id='word_1_148' title='bbox 655 2170 690 2226; x_wconf 87' lang='grc'><strong>01</strong></span> <span class='ocrx_word' id='word_1_149' title='bbox 701 2161 774 2226; x_wconf 92' lang='lat' dir='ltr'><strong>ideo</strong></span> <span class='ocrx_word' id='word_1_150' title='bbox 785 2160 866 2226; x_wconf 92' lang='lat' dir='ltr'><strong>dicit</strong></span> <span class='ocrx_word' id='word_1_151' title='bbox 877 2161 963 2248; x_wconf 91' lang='lat' dir='ltr'><strong>quod</strong></span> <span class='ocrx_word' id='word_1_152' title='bbox 974 2162 1059 2226; x_wconf 90' lang='lat' dir='ltr'><strong>male</strong></span> <span class='ocrx_word' id='word_1_153' title='bbox 1070 2162 1284 2231; x_wconf 63' lang='lat' dir='ltr'><strong>iurauerunt!</strong></span> 
     </span>
     <span class='ocr_line' id='line_1_18' title="bbox 181 2263 1286 2352; baseline 0.003 -21"><span class='ocrx_word' id='word_1_154' title='bbox 181 2265 225 2331; x_wconf 87' lang='lat' dir='ltr'><strong>Et</strong></span> <span class='ocrx_word' id='word_1_155' title='bbox 253 2265 355 2352; x_wconf 92' lang='lat' dir='ltr'><strong>Hugo</strong></span> <span class='ocrx_word' id='word_1_156' title='bbox 383 2273 418 2332; x_wconf 90' lang='lat' dir='ltr'><strong>et</strong></span> <span class='ocrx_word' id='word_1_157' title='bbox 447 2266 594 2352; x_wconf 85' lang='lat' dir='ltr'><strong>Regerus</strong></span> <span class='ocrx_word' id='word_1_158' title='bbox 623 2272 821 2352; x_wconf 89' lang='lat' dir='ltr'><strong>cognoscunt</strong></span> <span class='ocrx_word' id='word_1_159' title='bbox 845 2263 929 2330; x_wconf 90' lang='lat' dir='ltr'><strong>bene</strong></span> <span class='ocrx_word' id='word_1_160' title='bbox 955 2265 1040 2351; x_wconf 94' lang='lat' dir='ltr'><strong>quod</strong></span> <span class='ocrx_word' id='word_1_161' title='bbox 1066 2265 1228 2333; x_wconf 86' lang='lat' dir='ltr'>Martinus</span> <span class='ocrx_word' id='word_1_162' title='bbox 1251 2277 1286 2334; x_wconf 91' lang='lat' dir='ltr'><strong>et</strong></span> 
     </span>
     <span class='ocr_line' id='line_1_19' title="bbox 180 2366 1285 2457; baseline -0.001 -21"><span class='ocrx_word' id='word_1_163' title='bbox 180 2369 265 2456; x_wconf 84' lang='lat' dir='ltr'>Gyla</span> <span class='ocrx_word' id='word_1_164' title='bbox 286 2369 472 2434; x_wconf 83' lang='lat' dir='ltr'><strong>habuerunt</strong></span> <span class='ocrx_word' id='word_1_165' title='bbox 493 2390 609 2454; x_wconf 90' lang='lat' dir='ltr'><strong>pueros</strong></span> <span class='ocrx_word' id='word_1_166' title='bbox 631 2367 728 2433; x_wconf 91' lang='lat' dir='ltr'>simul</span> <span class='ocrx_word' id='word_1_167' title='bbox 748 2367 833 2432; x_wconf 92' lang='lat' dir='ltr'><strong>sicut</strong></span> <span class='ocrx_word' id='word_1_168' title='bbox 854 2366 1015 2432; x_wconf 86' lang='lat' dir='ltr'><strong>Martinus</strong></span> <span class='ocrx_word' id='word_1_169' title='bbox 1034 2367 1114 2433; x_wconf 90' lang='lat' dir='ltr'><strong>dicit</strong></span> <span class='ocrx_word' id='word_1_170' title='bbox 1129 2377 1164 2434; x_wconf 90' lang='lat' dir='ltr'><strong>et</strong></span> <span class='ocrx_word' id='word_1_171' title='bbox 1177 2392 1285 2457; x_wconf 89' lang='lat' dir='ltr'><strong>recog-</strong></span> 
     </span>
     <span class='ocr_line' id='line_1_20' title="bbox 178 2470 1351 2539; baseline 0.001 -1"><span class='ocrx_word' id='word_1_172' title='bbox 178 2473 300 2538; x_wconf 89' lang='lat' dir='ltr'><strong>nitores</strong></span> <span class='ocrx_word' id='word_1_173' title='bbox 314 2473 439 2538; x_wconf 80' lang='lat' dir='ltr'><strong>omnes⁴</strong></span> <span class='ocrx_word' id='word_1_174' title='bbox 454 2471 594 2536; x_wconf 92' lang='lat' dir='ltr'><strong>ueniunt</strong></span> <span class='ocrx_word' id='word_1_175' title='bbox 613 2479 648 2537; x_wconf 92' lang='lat' dir='ltr'><strong>et</strong></span> <span class='ocrx_word' id='word_1_176' title='bbox 667 2471 751 2536; x_wconf 91' lang='lat' dir='ltr'><strong>bene</strong></span> <span class='ocrx_word' id='word_1_177' title='bbox 771 2470 952 2536; x_wconf 89' lang='lat' dir='ltr'><strong>concedunt</strong></span> <span class='ocrx_word' id='word_1_178' title='bbox 972 2472 1139 2537; x_wconf 88' lang='lat' dir='ltr'><strong>recordum</strong></span> <span class='ocrx_word' id='word_1_179' title='bbox 1159 2481 1194 2538; x_wconf 92' lang='lat' dir='ltr'><strong>et</strong></span> <span class='ocrx_word' id='word_1_180' title='bbox 1213 2473 1286 2538; x_wconf 90' lang='lat' dir='ltr'><strong>ideo</strong></span> <span class='ocrx_word' id='word_1_181' title='bbox 1347 2529 1351 2539; x_wconf 95' lang='lat'>.</span> 
     </span>
     <span class='ocr_line' id='line_1_21' title="bbox 179 2573 1286 2662; baseline 0.001 -22"><span class='ocrx_word' id='word_1_182' title='bbox 179 2597 290 2641; x_wconf 89' lang='lat' dir='ltr'><strong>omnes</strong></span> <span class='ocrx_word' id='word_1_183' title='bbox 317 2575 534 2662; x_wconf 81' lang='lat' dir='ltr'><strong>recognitores</strong></span> <span class='ocrx_word' id='word_1_184' title='bbox 562 2582 641 2640; x_wconf 86' lang='lat' dir='ltr'><strong>aunt</strong></span> <span class='ocrx_word' id='word_1_185' title='bbox 669 2573 811 2640; x_wconf 87' lang='lat' dir='ltr'><strong>conuicti</strong></span> <span class='ocrx_word' id='word_1_186' title='bbox 840 2573 881 2640; x_wconf 93' lang='lat' dir='ltr'><strong>de</strong></span> <span class='ocrx_word' id='word_1_187' title='bbox 910 2574 990 2640; x_wconf 90' lang='grc'><strong>10100</strong></span> <span class='ocrx_word' id='word_1_188' title='bbox 1019 2583 1219 2641; x_wconf 83' lang='grc' dir='ltr'><strong>00010111εο10</strong></span> <span class='ocrx_word' id='word_1_189' title='bbox 1248 2599 1286 2642; x_wconf 89' lang='grc'><strong>00</strong></span> 
     </span>
     <span class='ocr_line' id='line_1_22' title="bbox 179 2677 1285 2764; baseline 0.001 -21"><span class='ocrx_word' id='word_1_190' title='bbox 179 2677 265 2764; x_wconf 87' lang='lat' dir='ltr'><strong>quod</strong></span> <span class='ocrx_word' id='word_1_191' title='bbox 280 2679 442 2744; x_wconf 82' lang='lat' dir='ltr'><strong>Martinus</strong></span> <span class='ocrx_word' id='word_1_192' title='bbox 457 2677 635 2744; x_wconf 89' lang='lat' dir='ltr'><strong>secundum</strong></span> <span class='ocrx_word' id='word_1_193' title='bbox 650 2677 918 2743; x_wconf 82' lang='lat' dir='ltr'><strong>consuetudinem</strong></span> <span class='ocrx_word' id='word_1_194' title='bbox 932 2677 1025 2764; x_wconf 90' lang='lat' dir='ltr'><strong>regni</strong></span> <span class='ocrx_word' id='word_1_195' title='bbox 1039 2677 1155 2744; x_wconf 91' lang='lat' dir='ltr'><strong>debuit</strong></span> <span class='ocrx_word' id='word_1_196' title='bbox 1174 2688 1285 2745; x_wconf 89' lang='lat' dir='ltr'><strong>tenere</strong></span> 
     </span>
     <span class='ocr_line' id='line_1_23' title="bbox 178 2781 1285 2870; baseline 0.002 -23"><span class='ocrx_word' id='word_1_197' title='bbox 178 2789 368 2848; x_wconf 89' lang='lat' dir='ltr'><strong>tenementa</strong></span> <span class='ocrx_word' id='word_1_198' title='bbox 395 2783 453 2848; x_wconf 88' lang='lat' dir='ltr'>illa</span> <span class='ocrx_word' id='word_1_199' title='bbox 480 2789 552 2848; x_wconf 88' lang='grc'><strong>1010</strong></span> <span class='ocrx_word' id='word_1_200' title='bbox 579 2781 742 2849; x_wconf 82' lang='grc'><strong>0110000.</strong></span> <span class='ocrx_word' id='word_1_201' title='bbox 796 2782 840 2846; x_wconf 85' lang='lat' dir='ltr'><strong>Et</strong></span> <span class='ocrx_word' id='word_1_202' title='bbox 864 2781 1102 2847; x_wconf 88' lang='lat' dir='ltr'><strong>consideratum</strong></span> <span class='ocrx_word' id='word_1_203' title='bbox 1125 2784 1285 2870; x_wconf 88' lang='lat' dir='ltr'><strong>estquod</strong></span> 
     </span>
     <span class='ocr_line' id='line_1_24' title="bbox 177 2885 1284 2974; baseline 0.003 -24"><span class='ocrx_word' id='word_1_204' title='bbox 177 2885 340 2952; x_wconf 86' lang='lat' dir='ltr'><strong>Martinus</strong></span> <span class='ocrx_word' id='word_1_205' title='bbox 353 2893 521 2974; x_wconf 88' lang='lat' dir='ltr'><strong>recuperet</strong></span> <span class='ocrx_word' id='word_1_206' title='bbox 535 2886 687 2952; x_wconf 87' lang='lat' dir='ltr'><strong>seisinem</strong></span> <span class='ocrx_word' id='word_1_207' title='bbox 707 2909 800 2952; x_wconf 91' lang='lat' dir='ltr'>suam</span> <span class='ocrx_word' id='word_1_208' title='bbox 819 2886 861 2952; x_wconf 92' lang='lat' dir='ltr'><strong>de</strong></span> <span class='ocrx_word' id='word_1_209' title='bbox 884 2895 955 2952; x_wconf 91' lang='lat' dir='ltr'><strong>toto</strong></span> <span class='ocrx_word' id='word_1_210' title='bbox 975 2894 1162 2952; x_wconf 91' lang='lat' dir='ltr'><strong>tenemento</strong></span> <span class='ocrx_word' id='word_1_211' title='bbox 1179 2887 1235 2952; x_wconf 91' lang='grc'><strong>1110</strong></span> <span class='ocrx_word' id='word_1_212' title='bbox 1249 2888 1284 2953; x_wconf 88' lang='grc'><strong>10</strong></span> 
     </span>
     <span class='ocr_line' id='line_1_25' title="bbox 177 2987 1285 3076; baseline 0.003 -25"><span class='ocrx_word' id='word_1_213' title='bbox 177 3008 216 3052; x_wconf 91' lang='lat' dir='ltr'><strong>eo</strong></span> <span class='ocrx_word' id='word_1_214' title='bbox 237 2995 327 3053; x_wconf 87' lang='lat' dir='ltr'>statu</span> <span class='ocrx_word' id='word_1_215' title='bbox 349 2987 385 3054; x_wconf 92' lang='grc'><strong>10</strong></span> <span class='ocrx_word' id='word_1_216' title='bbox 406 3011 470 3074; x_wconf 92' lang='lat' dir='ltr'><strong>quo</strong></span> <span class='ocrx_word' id='word_1_217' title='bbox 491 2989 555 3053; x_wconf 88' lang='lat' dir='ltr'><strong>fuit</strong></span> <span class='ocrx_word' id='word_1_218' title='bbox 577 2987 630 3054; x_wconf 90' lang='lat' dir='ltr'><strong>die</strong></span> <span class='ocrx_word' id='word_1_219' title='bbox 652 3011 716 3074; x_wconf 94' lang='lat' dir='ltr'><strong>quo</strong></span> <span class='ocrx_word' id='word_1_220' title='bbox 738 2989 838 3054; x_wconf 86' lang='lat' dir='ltr'>assisa</span> <span class='ocrx_word' id='word_1_221' title='bbox 859 2997 955 3074; x_wconf 89' lang='lat' dir='ltr'>capta</span> <span class='ocrx_word' id='word_1_222' title='bbox 976 2987 1049 3066; x_wconf 88' lang='lat' dir='ltr'><strong>fuit,</strong></span> <span class='ocrx_word' id='word_1_223' title='bbox 1071 2995 1106 3052; x_wconf 93' lang='lat' dir='ltr'><strong>et</strong></span> <span class='ocrx_word' id='word_1_224' title='bbox 1128 2988 1227 3076; x_wconf 91' lang='lat' dir='ltr'><strong>Hugo</strong></span> <span class='ocrx_word' id='word_1_225' title='bbox 1250 2997 1285 3054; x_wconf 92' lang='lat' dir='ltr'><strong>et</strong></span> 
     </span>
     <span class='ocr_line' id='line_1_26' title="bbox 177 3089 1284 3178; baseline 0.004 -24"><span class='ocrx_word' id='word_1_226' title='bbox 177 3089 324 3178; x_wconf 89' lang='lat' dir='ltr'><strong>Regerus</strong></span> <span class='ocrx_word' id='word_1_227' title='bbox 337 3090 373 3155; x_wconf 91' lang='grc'><strong>10</strong></span> <span class='ocrx_word' id='word_1_228' title='bbox 388 3091 605 3157; x_wconf 86' lang='lat' dir='ltr'><strong>misericordia</strong></span> <span class='ocrx_word' id='word_1_229' title='bbox 617 3115 676 3178; x_wconf 90' lang='lat' dir='ltr'><strong>pro</strong></span> <span class='ocrx_word' id='word_1_230' title='bbox 690 3092 859 3158; x_wconf 90' lang='lat' dir='ltr'>disseisina</span> <span class='ocrx_word' id='word_1_231' title='bbox 870 3099 904 3157; x_wconf 94' lang='grc'><strong>01</strong></span> <span class='ocrx_word' id='word_1_232' title='bbox 915 3091 1130 3178; x_wconf 84' lang='lat' dir='ltr'><strong>respondeant</strong></span> <span class='ocrx_word' id='word_1_233' title='bbox 1142 3091 1284 3158; x_wconf 87' lang='lat' dir='ltr'><strong>Martino</strong></span> 
     </span>
     <span class='ocr_line' id='line_1_27' title="bbox 176 3191 1283 3281; baseline 0.003 -24"><span class='ocrx_word' id='word_1_234' title='bbox 176 3191 218 3257; x_wconf 92' lang='lat' dir='ltr'><strong>de</strong></span> <span class='ocrx_word' id='word_1_235' title='bbox 244 3192 393 3278; x_wconf 88' lang='lat' dir='ltr'>dampnis</span> <span class='ocrx_word' id='word_1_236' title='bbox 417 3193 485 3258; x_wconf 89' lang='lat' dir='ltr'>suis</span> <span class='ocrx_word' id='word_1_237' title='bbox 510 3201 545 3259; x_wconf 91' lang='lat' dir='ltr'><strong>et</strong></span> <span class='ocrx_word' id='word_1_238' title='bbox 570 3195 786 3281; x_wconf 81' lang='lat' dir='ltr'><strong>recognitores</strong></span> <span class='ocrx_word' id='word_1_239' title='bbox 810 3195 1062 3259; x_wconf 90' lang='lat' dir='ltr'><strong>committuntur</strong></span> <span class='ocrx_word' id='word_1_240' title='bbox 1085 3194 1185 3281; x_wconf 88' lang='lat' dir='ltr'><strong>gaole.</strong></span> <span class='ocrx_word' id='word_1_241' title='bbox 1240 3195 1283 3260; x_wconf 89' lang='lat' dir='ltr'><strong>Et</strong></span> 
     </span>
     <span class='ocr_line' id='line_1_28' title="bbox 177 3295 1283 3385; baseline 0.003 -23"><span class='ocrx_word' id='word_1_242' title='bbox 177 3295 277 3385; x_wconf 90' lang='lat' dir='ltr'><strong>Hugo</strong></span> <span class='ocrx_word' id='word_1_243' title='bbox 302 3297 382 3363; x_wconf 93' lang='lat' dir='ltr'><strong>dicit</strong></span> <span class='ocrx_word' id='word_1_244' title='bbox 408 3297 494 3384; x_wconf 91' lang='lat' dir='ltr'><strong>quod</strong></span> <span class='ocrx_word' id='word_1_245' title='bbox 519 3305 628 3364; x_wconf 91' lang='lat' dir='ltr'><strong>totum</strong></span> <span class='ocrx_word' id='word_1_246' title='bbox 651 3299 785 3364; x_wconf 84' lang='lat' dir='ltr'><strong>bladum</strong></span> <span class='ocrx_word' id='word_1_247' title='bbox 809 3298 851 3364; x_wconf 91' lang='lat' dir='ltr'><strong>de</strong></span> <span class='ocrx_word' id='word_1_248' title='bbox 877 3298 938 3364; x_wconf 92' lang='lat' dir='ltr'><strong>hoc</strong></span> <span class='ocrx_word' id='word_1_249' title='bbox 963 3306 1144 3384; x_wconf 86' lang='lat' dir='ltr'><strong>autumpno</strong></span> <span class='ocrx_word' id='word_1_250' title='bbox 1169 3307 1219 3364; x_wconf 91' lang='lat' dir='ltr'><strong>est</strong></span> <span class='ocrx_word' id='word_1_251' title='bbox 1247 3299 1283 3364; x_wconf 90' lang='lat' dir='ltr'><strong>in</strong></span> 
     </span>
     <span class='ocr_line' id='line_1_29' title="bbox 176 3399 1286 3488; baseline 0.001 -22"><span class='ocrx_word' id='word_1_252' title='bbox 176 3400 312 3488; x_wconf 84' lang='lat' dir='ltr'><strong>grangia</strong></span> <span class='ocrx_word' id='word_1_253' title='bbox 332 3408 367 3466; x_wconf 91' lang='lat' dir='ltr'><strong>et</strong></span> <span class='ocrx_word' id='word_1_254' title='bbox 389 3400 459 3486; x_wconf 89' lang='lat' dir='ltr'><strong>ipse</strong></span> <span class='ocrx_word' id='word_1_255' title='bbox 480 3399 556 3466; x_wconf 90' lang='lat' dir='ltr'><strong>inde</strong></span> <span class='ocrx_word' id='word_1_256' title='bbox 578 3400 754 3467; x_wconf 88' lang='lat' dir='ltr'><strong>seminauit</strong></span> <span class='ocrx_word' id='word_1_257' title='bbox 775 3401 874 3466; x_wconf 79' lang='lat' dir='ltr'><strong>bene⁶</strong></span> <span class='ocrx_word' id='word_1_258' title='bbox 893 3409 996 3466; x_wconf 88' lang='lat' dir='ltr'><strong>terras</strong></span> <span class='ocrx_word' id='word_1_259' title='bbox 1009 3401 1090 3479; x_wconf 79' lang='lat' dir='ltr'>illas,</span> <span class='ocrx_word' id='word_1_260' title='bbox 1105 3408 1156 3466; x_wconf 90' lang='lat' dir='ltr'><strong>set</strong></span> <span class='ocrx_word' id='word_1_261' title='bbox 1169 3423 1286 3467; x_wconf 92' lang='lat' dir='ltr'><strong>reuera</strong></span> 
     </span>
     <span class='ocr_line' id='line_1_30' title="bbox 177 3503 1281 3591; baseline 0.001 -22"><span class='ocrx_word' id='word_1_262' title='bbox 177 3504 265 3591; x_wconf 87' lang='lat' dir='ltr'><strong>cepit</strong></span> <span class='ocrx_word' id='word_1_263' title='bbox 279 3504 320 3570; x_wconf 93' lang='lat' dir='ltr'><strong>de</strong></span> <span class='ocrx_word' id='word_1_264' title='bbox 335 3503 522 3570; x_wconf 90' lang='lat' dir='ltr'><strong>hominibus</strong></span> <span class='ocrx_word' id='word_1_265' title='bbox 536 3503 579 3570; x_wconf 84' lang='lat' dir='ltr'><strong>xl.</strong></span> <span class='ocrx_word' id='word_1_266' title='bbox 594 3504 649 3570; x_wconf 91' lang='lat' dir='ltr'>sol.</span> <span class='ocrx_word' id='word_1_267' title='bbox 695 3505 738 3568; x_wconf 88' lang='lat' dir='ltr'><strong>Et</strong></span> <span class='ocrx_word' id='word_1_268' title='bbox 753 3503 951 3570; x_wconf 89' lang='lat' dir='ltr'><strong>inuenerunt</strong></span> <span class='ocrx_word' id='word_1_269' title='bbox 965 3503 1089 3590; x_wconf 78' lang='lat' dir='ltr'><strong>plegios</strong></span> <span class='ocrx_word' id='word_1_270' title='bbox 1103 3503 1144 3569; x_wconf 92' lang='lat' dir='ltr'><strong>de</strong></span> <span class='ocrx_word' id='word_1_271' title='bbox 1158 3504 1281 3570; x_wconf 87' lang='lat' dir='ltr'><strong>miseri-</strong></span> 
     </span>
     <span class='ocr_line' id='line_1_31' title="bbox 176 3605 1282 3694; baseline 0.002 -24"><span class='ocrx_word' id='word_1_272' title='bbox 176 3605 285 3671; x_wconf 88' lang='lat' dir='ltr'><strong>cordia</strong></span> <span class='ocrx_word' id='word_1_273' title='bbox 318 3615 353 3672; x_wconf 94' lang='lat' dir='ltr'><strong>et</strong></span> <span class='ocrx_word' id='word_1_274' title='bbox 389 3605 432 3671; x_wconf 90' lang='lat' dir='ltr'><strong>de</strong></span> <span class='ocrx_word' id='word_1_275' title='bbox 462 3605 611 3691; x_wconf 90' lang='lat' dir='ltr'><strong>dampno.</strong></span> <span class='ocrx_word' id='word_1_276' title='bbox 670 3606 731 3671; x_wconf 69' lang='grc' dir='ltr'><strong>Ε1ο</strong></span> <span class='ocrx_word' id='word_1_277' title='bbox 758 3605 974 3694; x_wconf 87' lang='lat' dir='ltr'><strong>recognitores</strong></span> <span class='ocrx_word' id='word_1_278' title='bbox 1003 3605 1102 3671; x_wconf 89' lang='lat' dir='ltr'><strong>finem</strong></span> <span class='ocrx_word' id='word_1_279' title='bbox 1136 3607 1282 3672; x_wconf 85' lang='lat' dir='ltr'><strong>fecerunt</strong></span> 
     </span>
     <span class='ocr_line' id='line_1_32' title="bbox 176 3709 1282 3796; baseline 0.001 -23"><span class='ocrx_word' id='word_1_280' title='bbox 176 3730 234 3794; x_wconf 91' lang='lat' dir='ltr'><strong>per</strong></span> <span class='ocrx_word' id='word_1_281' title='bbox 262 3709 284 3775; x_wconf 91' lang='grc'><strong>1.</strong></span> <span class='ocrx_word' id='word_1_282' title='bbox 312 3731 443 3786; x_wconf 79' lang='lat' dir='ltr'>mamas,</span> <span class='ocrx_word' id='word_1_283' title='bbox 473 3718 509 3773; x_wconf 91' lang='lat' dir='ltr'><strong>et</strong></span> <span class='ocrx_word' id='word_1_284' title='bbox 544 3709 589 3774; x_wconf 94' lang='lat' dir='ltr'>sic</span> <span class='ocrx_word' id='word_1_285' title='bbox 625 3710 664 3774; x_wconf 87' lang='lat' dir='ltr'><strong>fit</strong></span> <span class='ocrx_word' id='word_1_286' title='bbox 700 3709 920 3796; x_wconf 86' lang='lat' dir='ltr'><strong>compensaeio</strong></span> <span class='ocrx_word' id='word_1_287' title='bbox 956 3709 1172 3795; x_wconf 87' lang='lat' dir='ltr'><strong>dampnorum</strong></span> <span class='ocrx_word' id='word_1_288' title='bbox 1206 3732 1282 3776; x_wconf 90' lang='lat' dir='ltr'><strong>cum</strong></span> 
     </span>
     <span class='ocr_line' id='line_1_33' title="bbox 176 3813 407 3880; baseline -0.004 -2"><span class='ocrx_word' id='word_1_289' title='bbox 176 3813 407 3880; x_wconf 85' lang='lat' dir='ltr'><strong>melioracione.</strong></span> 
     </span>
    </p>
   </div>
   <div class='ocr_carea' id='block_1_3' title="bbox 174 3995 1279 4516">
    <p class='ocr_par' dir='ltr' id='par_1_3' title="bbox 176 3995 1279 4129">
     <span class='ocr_line' id='line_1_34' title="bbox 209 3995 1279 4064; baseline -0.004 -14"><span class='ocrx_word' id='word_1_290' title='bbox 209 3999 259 4051; x_wconf 74' lang='lat' dir='ltr'><strong>¹A</strong></span> <span class='ocrx_word' id='word_1_291' title='bbox 279 4013 335 4050; x_wconf 74' lang='grc'><strong>0011</strong></span> <span class='ocrx_word' id='word_1_292' title='bbox 356 3997 503 4062; x_wconf 70' lang='lat' dir='ltr'><strong>paragraph</strong></span> <span class='ocrx_word' id='word_1_293' title='bbox 525 3999 616 4062; x_wconf 75' lang='lat' dir='ltr'><strong>begins</strong></span> <span class='ocrx_word' id='word_1_294' title='bbox 642 3999 703 4050; x_wconf 87' lang='lat' dir='ltr'><strong>here</strong></span> <span class='ocrx_word' id='word_1_295' title='bbox 754 4000 799 4052; x_wconf 83' lang='lat' dir='ltr'><strong>the</strong></span> <span class='ocrx_word' id='word_1_296' title='bbox 813 4000 900 4064; x_wconf 78' lang='lat' dir='ltr'><strong>jurors</strong></span> <span class='ocrx_word' id='word_1_297' title='bbox 915 4014 959 4050; x_wconf 82' lang='lat' dir='ltr'><strong>are</strong></span> <span class='ocrx_word' id='word_1_298' title='bbox 975 3996 1109 4049; x_wconf 75' lang='lat' dir='ltr'><strong>consisted</strong></span> <span class='ocrx_word' id='word_1_299' title='bbox 1127 3997 1155 4047; x_wconf 89' lang='grc'><strong>01</strong></span> <span class='ocrx_word' id='word_1_300' title='bbox 1176 3995 1279 4059; x_wconf 78' lang='lat' dir='ltr'><strong>per-jury</strong></span> 
     </span>
     <span class='ocr_line' id='line_1_35' title="bbox 176 4063 1096 4129; baseline -0.003 -15"><span class='ocrx_word' id='word_1_301' title='bbox 176 4063 222 4114; x_wconf 90' lang='lat' dir='ltr'><strong>but</strong></span> <span class='ocrx_word' id='word_1_302' title='bbox 238 4064 283 4116; x_wconf 82' lang='lat' dir='ltr'><strong>the</strong></span> <span class='ocrx_word' id='word_1_303' title='bbox 298 4063 388 4115; x_wconf 88' lang='lat' dir='ltr'><strong>record</strong></span> <span class='ocrx_word' id='word_1_304' title='bbox 404 4065 433 4114; x_wconf 87' lang='grc'><strong>01</strong></span> <span class='ocrx_word' id='word_1_305' title='bbox 452 4065 498 4116; x_wconf 83' lang='lat' dir='ltr'><strong>the</strong></span> <span class='ocrx_word' id='word_1_306' title='bbox 515 4065 621 4129; x_wconf 81' lang='lat' dir='ltr'><strong>justices</strong></span> <span class='ocrx_word' id='word_1_307' title='bbox 642 4080 702 4116; x_wconf 89' lang='grc'><strong>000-</strong></span> <span class='ocrx_word' id='word_1_308' title='bbox 753 4065 860 4117; x_wconf 84' lang='lat' dir='ltr'><strong>because</strong></span> <span class='ocrx_word' id='word_1_309' title='bbox 870 4063 933 4128; x_wconf 79' lang='lat' dir='ltr'><strong>they</strong></span> <span class='ocrx_word' id='word_1_310' title='bbox 943 4063 1051 4126; x_wconf 79' lang='lat' dir='ltr'><strong>ignored</strong></span> <span class='ocrx_word' id='word_1_311' title='bbox 1062 4063 1096 4112; x_wconf 83' lang='lat' dir='ltr'><strong>it.</strong></span> 
     </span>
    </p>

    <p class='ocr_par' dir='ltr' id='par_1_4' title="bbox 176 4127 1278 4258">
     <span class='ocr_line' id='line_1_36' title="bbox 176 4127 1278 4194; baseline -0.005 -12"><span class='ocrx_word' id='word_1_312' title='bbox 176 4129 273 4182; x_wconf 79' lang='grc'><strong>110000.</strong></span> <span class='ocrx_word' id='word_1_313' title='bbox 587 4135 591 4142; x_wconf 88' lang='grc'><strong>“</strong></span> <span class='ocrx_word' id='word_1_314' title='bbox 784 4129 911 4194; x_wconf 77' lang='lat' dir='ltr'><strong>⁴supply</strong></span> <span class='ocrx_word' id='word_1_315' title='bbox 940 4137 1026 4192; x_wconf 80' lang='lat' dir='ltr'><strong>preter</strong></span> <span class='ocrx_word' id='word_1_316' title='bbox 1060 4127 1213 4191; x_wconf 78' lang='lat' dir='ltr'><strong>Guusridum</strong></span> <span class='ocrx_word' id='word_1_317' title='bbox 1248 4129 1278 4177; x_wconf 77' lang='lat' dir='ltr'><strong>de</strong></span> 
     </span>
     <span class='ocr_line' id='line_1_37' title="bbox 207 4193 962 4258; baseline -0.001 -14"><span class='ocrx_word' id='word_1_318' title='bbox 207 4193 219 4226; x_wconf 86' lang='lat'><strong>¹</strong></span> <span class='ocrx_word' id='word_1_319' title='bbox 235 4193 334 4245; x_wconf 78' lang='lat' dir='ltr'><strong>Twelve</strong></span> <span class='ocrx_word' id='word_1_320' title='bbox 343 4207 441 4256; x_wconf 82' lang='lat' dir='ltr'>names,</span> <span class='ocrx_word' id='word_1_321' title='bbox 454 4195 486 4258; x_wconf 77' lang='lat' dir='ltr'><strong>A,</strong></span> <span class='ocrx_word' id='word_1_322' title='bbox 499 4195 531 4245; x_wconf 91' lang='grc' dir='ltr'><strong>Β.</strong></span> <span class='ocrx_word' id='word_1_323' title='bbox 752 4197 877 4254; x_wconf 77' lang='lat' dir='ltr'><strong>Dmtona,</strong></span> <span class='ocrx_word' id='word_1_324' title='bbox 888 4196 920 4253; x_wconf 83' lang='grc' dir='ltr'><strong>Δ,</strong></span> <span class='ocrx_word' id='word_1_325' title='bbox 930 4193 962 4243; x_wconf 88' lang='grc' dir='ltr'><strong>Β.</strong></span> 
     </span>
    </p>

    <p class='ocr_par' dir='ltr' id='par_1_5' title="bbox 174 4257 1279 4516">
     <span class='ocr_line' id='line_1_38' title="bbox 207 4257 1077 4358; baseline -0.001 -49"><span class='ocrx_word' id='word_1_326' title='bbox 207 4257 290 4310; x_wconf 67' lang='lat' dir='ltr'><strong>&#39;The</strong></span> <span class='ocrx_word' id='word_1_327' title='bbox 311 4259 406 4310; x_wconf 86' lang='lat' dir='ltr'><strong>second</strong></span> <span class='ocrx_word' id='word_1_328' title='bbox 427 4259 570 4311; x_wconf 82' lang='lat' dir='ltr'>husband’s</span> <span class='ocrx_word' id='word_1_329' title='bbox 586 4259 656 4323; x_wconf 76' lang='lat' dir='ltr'><strong>right</strong></span> <span class='ocrx_word' id='word_1_330' title='bbox 673 4265 701 4312; x_wconf 89' lang='grc' dir='ltr'><strong>1ο</strong></span> <span class='ocrx_word' id='word_1_331' title='bbox 783 4259 795 4358; x_wconf 56' lang='lat' dir='ltr'><strong><em>z</em></strong></span> <span class='ocrx_word' id='word_1_332' title='bbox 806 4262 951 4336; x_wconf 76' lang='lat' dir='ltr'><strong>peroptime,</strong></span> <span class='ocrx_word' id='word_1_333' title='bbox 964 4258 996 4336; x_wconf 59' lang='grc'><strong>1,</strong></span> <span class='ocrx_word' id='word_1_334' title='bbox 1006 4259 1038 4308; x_wconf 89' lang='grc' dir='ltr'><strong>Β.</strong></span> <span class='ocrx_word' id='word_1_335' title='bbox 1071 4322 1077 4336; x_wconf 34' lang='grc' dir='ltr'><strong><em>ο</em></strong></span> 
     </span>
     <span class='ocr_line' id='line_1_39' title="bbox 174 4321 1279 4464; baseline -0.001 -26"><span class='ocrx_word' id='word_1_336' title='bbox 174 4324 701 4464; x_wconf 64' lang='lat' dir='ltr'>trssrsttt&#39;ssrss</span> <span class='ocrx_word' id='word_1_337' title='bbox 751 4323 1148 4452; x_wconf 48' lang='lat' dir='ltr'><strong>suffitibtfttittmd‘</strong></span> <span class='ocrx_word' id='word_1_338' title='bbox 1161 4321 1279 4450; x_wconf 68' lang='lat' dir='ltr'><strong>sss</strong></span> 
     </span>
     <span class='ocr_line' id='line_1_40' title="bbox 174 4453 1011 4516; baseline 0.001 -14"><span class='ocrx_word' id='word_1_339' title='bbox 174 4453 234 4504; x_wconf 88' lang='lat' dir='ltr'><strong>nied</strong></span> <span class='ocrx_word' id='word_1_340' title='bbox 250 4457 281 4504; x_wconf 84' lang='lat' dir='ltr'><strong>rt.</strong></span> <span class='ocrx_word' id='word_1_341' title='bbox 315 4454 362 4506; x_wconf 79' lang='lat' dir='ltr'><strong>See</strong></span> <span class='ocrx_word' id='word_1_342' title='bbox 378 4454 423 4504; x_wconf 89' lang='lat' dir='ltr'><strong>Br.</strong></span> <span class='ocrx_word' id='word_1_343' title='bbox 440 4455 459 4506; x_wconf 89' lang='grc'><strong>1.</strong></span> <span class='ocrx_word' id='word_1_344' title='bbox 476 4457 533 4506; x_wconf 78' lang='grc'><strong>418.</strong></span> <span class='ocrx_word' id='word_1_345' title='bbox 567 4456 620 4507; x_wconf 83' lang='grc' dir='ltr'><strong>Βο1</strong></span> <span class='ocrx_word' id='word_1_346' title='bbox 639 4455 700 4508; x_wconf 87' lang='lat' dir='ltr'><strong>here</strong></span> <span class='ocrx_word' id='word_1_347' title='bbox 751 4455 795 4506; x_wconf 83' lang='lat' dir='ltr'><strong>the</strong></span> <span class='ocrx_word' id='word_1_348' title='bbox 806 4457 930 4507; x_wconf 85' lang='grc'><strong>00100010</strong></span> <span class='ocrx_word' id='word_1_349' title='bbox 941 4469 1011 4516; x_wconf 82' lang='lat' dir='ltr'><strong>vary.</strong></span> 
     </span>
    </p>
   </div>
   <div class='ocr_carea' id='block_1_4' title="bbox 259 4557 1190 4620">
    <p class='ocr_par' dir='ltr' id='par_1_6' title="bbox 259 4557 1190 4620">
     <span class='ocr_line' id='line_1_41' title="bbox 259 4557 1190 4620; baseline -0.001 -2"><span class='ocrx_word' id='word_1_350' title='bbox 259 4571 295 4620; x_wconf 82' lang='grc'><strong>11.</strong></span> <span class='ocrx_word' id='word_1_351' title='bbox 878 4577 880 4582; x_wconf 96' lang='grc'><strong><em>·</em></strong></span> <span class='ocrx_word' id='word_1_352' title='bbox 1150 4557 1190 4617; x_wconf 83' lang='grc'><strong>45</strong></span> 
     </span>
    </p>
   </div>
   <div class='ocr_carea' id='block_1_5' title="bbox 0 0 1658 5226">
    <p class='ocr_par' dir='ltr' id='par_1_7' title="bbox 0 0 1658 5226">
     <span class='ocr_line' id='line_1_42' title="bbox 0 0 1658 5226; baseline 0 3"><span class='ocrx_word' id='word_1_353' title='bbox 0 0 1658 5226; x_wconf 95' lang='lat' dir='ltr'><strong> </strong></span> 
     </span>
    </p>
   </div>
  </div>
 </body>
</html>
