3260 5218
348 429 390 490 40
533 437 660 486 nissen
682 435 755 485 sun
777 435 926 496 rmum,
948 435 1013 484 nn.
1038 423 1131 498 1219,
1154 437 1217 484 nn.
1241 424 1268 485 3.

347 633 422 675 cum
451 609 659 696 pertinenciis
688 608 723 672 in
750 606 945 692 Wekerlege
973 605 1026 670 die
1057 615 1116 670 etc.
1144 615 1178 670 et
1204 607 1232 670 si
1261 617 1331 682 etc,
1357 628 1459 691 quem

348 723 468 778 tenum
498 713 633 777 Matillis
659 712 699 776 de
726 711 895 776 Lanmale¹
920 709 1036 786 tenuit,
1061 732 1124 795 que
1150 710 1242 774 uenit
1266 719 1300 774 et
1324 710 1461 774 uocauit

349 817 391 882 ed
419 824 598 880 warantum
628 814 703 880 inde
733 813 910 878 Hewisiem
937 812 1038 876 filiam
1065 821 1099 876 et
1122 812 1274 876 heredem
1298 813 1462 877 Willelmi

349 919 390 984 de
411 918 565 982 Ienmele
585 917 644 981 filii
662 915 826 982 Willelmi
874 915 918 978 Et
939 913 1110 978 Hubertus
1129 913 1170 978 de
1190 915 1298 1000 Burgo
1312 913 1460 978 iusticie-

350 1020 417 1084 rius
442 1028 551 1084 custos
576 1017 721 1082 eiusdem
748 1014 907 1080 Hewisie¹
930 1015 1024 1078 uenit
1045 1037 1119 1078 cum
1145 1037 1185 1079 66
1209 1023 1244 1079 et
1267 1015 1347 1080 dicit
1371 1014 1461 1101 quod

350 1122 534 1188 Willelmus
552 1120 592 1185 de
608 1119 783 1203 Lcnmsley
801 1141 883 1182 auus
902 1117 1003 1202 ipsius
1018 1116 1160 1181 Hewisie
1176 1117 1257 1182 obiit
1271 1118 1402 1182 seisitus
1417 1117 1461 1182 de

351 1234 437 1290 terra
456 1225 520 1300 illa,
535 1232 568 1288 et
589 1221 772 1288 Willelmus
792 1229 885 1306 pater
906 1242 984 1284 suus
1006 1228 1079 1305 post
1101 1242 1176 1284 eum
1199 1221 1315 1286 hebuit
1337 1230 1459 1287 terram

350 1329 440 1394 illam
455 1337 489 1392 et
503 1326 579 1390 inde
594 1325 675 1390 obiit
690 1324 820 1388 seisitus
835 1331 869 1386 et
883 1323 954 1408 ipse
968 1322 1053 1407 petit
1068 1331 1191 1386 etatem
1206 1345 1305 1388 snam.

416 1430 460 1494 Et
490 1429 652 1493 Robcrtus
680 1425 760 1490 dicit
786 1425 872 1510 quod
898 1447 963 1488 non
989 1424 1088 1488 debet
1114 1433 1237 1488 etatem
1263 1433 1460 1510 exspectare,

352 1535 429 1620 quio,
443 1535 605 1598 Robcrtus
619 1541 712 1618 pater
727 1555 804 1596 suus
824 1531 865 1594 (16
886 1531 978 1594 cuius
998 1540 1101 1594 morte
1122 1530 1201 1594 tulit
1220 1531 1361 1607 assisam,
1377 1531 1461 1594 obiit

351 1640 427 1706 inde
451 1639 580 1704 seisitus
605 1647 644 1702 ut
669 1636 710 1700 de
736 1645 822 1700 terra
847 1635 904 1720 illo
933 1657 1030 1720 quem
1057 1635 1240 1700 Willelmns
1269 1659 1351 1700 auus
1380 1659 1460 1700 suus

352 1743 382 1806 ei
405 1741 496 1806 dedit
519 1762 577 1825 pro
601 1738 750 1826 homagio
776 1747 811 1802 ct
834 1737 969 1802 seruicio
992 1759 1059 1812 suo,
1084 1737 1258 1802 tenendam
1286 1738 1327 1802 de
1357 1761 1395 1802 eo
1425 1747 1460 1803 et

351 1843 392 1912 de
414 1842 587 1906 heredibus
608 1841 681 1906 suis
727 1840 890 1912 Defuncto
910 1847 1022 1902 autem
1043 1839 1112 1924 ipso
1128 1840 1278 1916 Robcrto,
1294 1840 1460 1926 predictus

353 1946 536 2011 Willelmus
565 1953 684 2008 terrum
712 1945 802 2008 illam
836 1943 924 2028 cepit
961 1943 995 2006 in
1032 1966 1166 2008 menum
1202 1967 1295 2008 suem
1331 1945 1459 2010 racione

352 2047 505 2126 custodie,
528 2055 562 2111 et
584 2070 655 2112 enm
679 2047 714 2111 in
737 2045 884 2110 custodie
907 2045 1015 2110 tenuit
1039 2054 1073 2110 et
1097 2046 1179 2110 obiit
1202 2047 1331 2112 seisitus
1355 2057 1394 2112 ut
1417 2047 1458 2112 de

352 2153 506 2230 custodia,
518 2159 552 2216 et
567 2159 640 2236 post
654 2173 729 2214 eum
745 2149 882 2213 intrauit
897 2148 1081 2213 Willelmus
1096 2150 1182 2214 filius
1196 2173 1273 2214 suus
1288 2150 1323 2214 in
1338 2158 1458 2216 terrem

353 2259 441 2322 illam
471 2255 584 2320 eodem
613 2253 708 2317 modo
737 2252 862 2316 racione
892 2252 1045 2328 custodie,
1075 2261 1109 2316 et
1139 2254 1221 2318 obiit
1255 2255 1385 2322 seisitus
1419 2267 1459 2322 ut

352 2359 393 2424 de
422 2357 569 2423 custodis
598 2365 631 2419 et
661 2355 733 2418 ideo
762 2354 895 2418 uidetur
923 2354 955 2418 ei
984 2355 1069 2440 quod
1099 2379 1164 2420 non
1200 2356 1299 2422 debet
1334 2366 1458 2424 etatem

352 2469 537 2546 exspectare
553 2458 630 2544 quia
644 2457 762 2521 clamat
778 2466 888 2521 tenere
903 2457 944 2521 (16
959 2480 1006 2524 eu

296 2555 299 2561 ⁴
417 2565 460 2628 Et
476 2563 646 2628 Hubertus
661 2561 741 2626 dicit
756 2561 842 2646 quod
857 2561 925 2646 ipse
941 2561 1062 2626 iniuste
1077 2561 1157 2627 dicit
1172 2563 1258 2648 quod
1273 2564 1459 2632 Willelmus

351 2690 433 2733 auus
459 2665 575 2731 habuit
601 2674 720 2730 terram
746 2665 836 2728 illam
860 2665 986 2730 racione
1012 2667 1165 2743 custodie,
1190 2668 1267 2753 quia
1291 2671 1459 2736 termille

190 2792 252 2837 Nota,
261 2791 340 2864 urrugn
352 2771 476 2836 nullam
490 2769 589 2834 debet
603 2768 783 2832 custodiam
798 2791 836 2832 eo
851 2768 936 2854 quod
952 2769 1015 2832 fuit
1031 2769 1202 2855 socegium.
1241 2771 1284 2834 Et
1296 2771 1458 2838 Robertus

188 2845 335 2971 ffifflog
352 2873 432 2938 dicit
458 2872 543 2958 quod
569 2871 667 2936 debet
693 2879 804 2934 tencre
830 2880 948 2935 terram
975 2871 1064 2936 illam
1091 2873 1131 2936 de
1158 2873 1228 2958 ipsa
1254 2875 1399 2940 Hawisia
1424 2884 1458 2940 et

188 2980 325 3063 pgffigffl
352 2974 473 3059 profert
502 2972 664 3058 quandam
689 2981 811 3036 cartam
840 2971 977 3056 predicti
1003 2973 1160 3038 Willelmi
1189 2975 1244 3039 eui
1272 2998 1331 3061 per
1360 2999 1457 3063 quam

188 3072 263 3157 23¹1}ssss
271 3081 338 3156 231ἷέ9
353 3076 521 3141 iusticiarii
550 3075 771 3140 certificentur
800 3075 885 3160 quod
915 3084 1001 3140 terra
1026 3076 1083 3140 illa
1108 3077 1171 3140 fuit
1197 3078 1367 3164 socugiunn
1413 3081 1459 3144 Et

187 3165 330 3260 llldlhtl
347 3181 425 3246 'ideo
454 3181 690 3246 consideratum
720 3187 770 3243 est
796 3179 881 3264 quod
907 3179 1052 3245 Hawisia
1074 3181 1193 3246 habeat
1217 3191 1340 3248 etatem
1365 3207 1457 3249 suam

188 3258 308 3390 iigffidii
353 3293 387 3350 et
412 3285 485 3349 ideo
509 3284 670 3348 Robcrtus
693 3282 763 3346 sine
786 3281 839 3346 die
863 3304 965 3367 usque
991 3282 1033 3348 ed
1059 3291 1180 3348 etatem
1204 3307 1297 3349 suem
1319 3294 1354 3350 et
1380 3295 1458 3350 tunc

188 3362 337 3485 Ξῖίῗέιὲῑὲξῖζῑ·
353 3389 465 3453 ueniat
481 3389 508 3452 si
523 3387 663 3452 uoluerit
679 3395 737 3452 etc.

187 3493 335 3539 “wilm
417 3493 548 3558 ⁸Assise
583 3492 677 3556 uenit
713 3490 917 3576 recognitum
953 3489 981 3554 si
1017 3489 1176 3555 Radulfus
1210 3491 1251 3555 de
1283 3492 1315 3556 la
1349 3493 1457 3558 Roche

188 3541 238 3588 petit
246 3539 321 3577 lnlustc

188 3587 272 3672 {fflssffi
281 3630 341 3671 soe
352 3597 533 3662 auunculus
545 3595 664 3681 Rogeri
678 3593 719 3658 (16
731 3593 1032 3679 Kinelingeswrthe-
1040 3593 1103 3657 fuit
1114 3594 1243 3659 seisitus
1254 3595 1289 3660 in
1299 3595 1458 3662 dominico

187 3681 342 3823 ffilssffipm
353 3724 412 3766 suo
441 3709 479 3766 ut
508 3700 549 3764 (16
579 3698 670 3764 feodo
699 3698 740 3762 de
769 3697 810 3762 xl.
841 3697 922 3762 ocris
955 3705 1039 3762 terre
1076 3721 1150 3762 cum
1187 3701 1395 3785 pertinenciis
1424 3703 1457 3766 in

186 3831 278 3872 suorum
287 3826 342 3862 uter·
355 3805 550 3890 Obintinges
564 3812 598 3867 et
613 3802 654 3866 de
664 3801 687 3888 j.
705 3801 782 3866 hida
797 3810 881 3866 terre
896 3824 970 3866 curn
989 3801 1197 3886 pertinenciis
1216 3803 1251 3868 in
1266 3805 1406 3889 Eyltona
1425 3815 1457 3870 et

385 4053 394 4086 ¹
411 4053 436 4102 Il
448 4051 542 4102 should
553 4051 566 4099 I
577 4049 654 4100 think
665 4050 695 4100 be
705 4052 844 4115 Lonvalcy.
931 4047 975 4100 the
997 4051 1124 4110 daughter
1146 4055 1202 4112 (not
1225 4053 1282 4116 son)
1301 4052 1330 4101 of
1345 4067 1361 4101 c
1378 4052 1457 4102 whole

385 4117 395 4150 ²
411 4117 470 4167 Rot
484 4117 522 4166 cl.
535 4117 615 4165 3411).
932 4116 1008 4164 sister
1019 4117 1071 4165 end
1086 4117 1189 4166 theson
1205 4117 1232 4165 ol
1248 4133 1264 4167 e
1279 4117 1457 4168 hall-brother.

385 4181 488 4232 ³Citcd
510 4181 543 4243 by
561 4181 683 4239 Brscton,
703 4181 720 4230 1.
744 4179 784 4238 65,
804 4193 834 4228 os
853 4180 882 4229 ο1
930 4181 955 4229 It
982 4180 1005 4230 is
1032 4181 1088 4230 also
1110 4181 1248 4242 disfignred
1275 4182 1309 4246 by
1331 4197 1347 4232 a
1372 4184 1458 4246 stupid

352 4247 455 4310 Trinity
472 4251 538 4295 term
556 4246 622 4294 A.R.
645 4247 667 4304 3,
688 4245 740 4295 and
756 4243 833 4306 egeln
851 4249 879 4294 et
931 4245 1057 4296 blunder:
1075 4246 1103 4295 in
1120 4247 1180 4296 Bec.
1197 4247 1247 4295 Ed.
1260 4247 1310 4297 vol.
1325 4249 1349 4308 4,
1363 4263 1389 4310 p.
1401 4250 1455 4307 322,

352 4312 452 4372 length,
468 4312 486 4362 l.
506 4312 554 4360 279
563 4310 587 4368 b,
606 4312 662 4358 280.
696 4310 751 4359 The
768 4311 878 4360 citation
929 4311 982 4360 line
1000 4313 1038 4370 15,
1059 4315 1141 4375 neptia
1162 4311 1257 4362 should
1273 4314 1302 4362 ol
1320 4328 1410 4363 course
1429 4313 1457 4364 be

352 4379 375 4426 is
392 4381 439 4426 not
459 4391 519 4437 very
537 4379 634 4424 correct
653 4376 693 4424 lor
714 4375 736 4424 it
754 4389 878 4438 supposes
929 4378 1034 4439 nepotis.

352 4443 410 4492 thet
431 4441 475 4490 the
501 4445 664 4503 controversy
685 4455 737 4491 wes
765 4440 878 4491 between
