3276 5234
379 418 441 480 214
674 429 823 490 rn1u1rx,
845 427 909 476 nn.
934 411 1027 490 1227,
1050 429 1113 494 nn
1137 416 1186 476 11.

376 603 578 688 presentauit
594 603 795 668 Willelmum
810 601 851 668 de
867 601 955 668 Heia
969 601 1026 687 qui
1046 601 1163 666 ultimo
1183 601 1266 666 obiit
1285 623 1421 687 persona
1442 599 1485 666 de

376 708 490 774 eadem
505 707 647 785 ecclesia,
661 716 712 772 set
726 715 800 792 post
820 705 1095 792 presentationem
1118 705 1209 770 illam
1231 704 1317 770 idem
1338 705 1484 770 Randul-
1621 747 1622 804 5

376 813 462 898 phua
491 812 582 878 dedit
611 811 793 878 manerium
819 810 901 876 illud
931 833 1006 876 cum
1028 817 1108 895 pert
1132 810 1261 896 Rogero
1282 809 1324 874 de
1346 809 1485 874 Mohant

377 917 469 982 frat1i
479 939 538 982 suo
553 917 610 1003 qui
624 917 804 982 manerium
819 915 901 980 illud
916 938 991 980 cum
1009 923 1089 1000 pert.
1106 915 1214 980 tenuit
1234 921 1306 980 tota
1324 913 1396 979 uita
1416 937 1485 992 sua,

377 1028 412 1084 et
441 1027 514 1106 post
545 1027 681 1084 mortem
710 1019 781 1084 eius
809 1018 976 1084 descendit
998 1017 1179 1083 manerium
1201 1017 1283 1082 illud
1305 1039 1379 1082 cum
1401 1027 1485 1103 pert.
1622 1051 1623 1094 1

378 1123 484 1190 Leuce
507 1124 573 1190 filie
595 1147 663 1202 sue,
676 1131 711 1190 et
733 1122 774 1188 de
794 1123 903 1188 Leuca
921 1121 1046 1208 Agneti
1064 1121 1130 1186 filie
1145 1121 1247 1207 ipsius
1262 1121 1377 1198 leuce,
1392 1121 1485 1186 cuius

377 1227 557 1292 custodiam
582 1226 670 1292 idem
696 1225 867 1310 Philippus
896 1224 997 1290 habet
1025 1245 1084 1309 per
1112 1223 1220 1309 ipsum
1249 1223 1413 1311 Rogerum
1443 1223 1484 1290 de

379 1331 530 1396 Mohaut¹
546 1331 719 1417 capitalem
733 1329 902 1394 dominum
917 1337 952 1394 et
966 1329 1088 1414 profert
1102 1336 1225 1392 cartam
1239 1328 1341 1413 ipsius
1356 1329 1485 1416 Rogeri,

377 1456 441 1519 que
471 1442 612 1499 testatur
641 1433 727 1519 quod
756 1432 843 1498 idem
874 1431 1045 1516 Philippus
1066 1430 1159 1496 dabit
1181 1429 1287 1496 eidem
1309 1431 1436 1519 Rogcro
1458 1455 1484 1498 c

377 1560 500 1604 marcas
528 1538 657 1626 argenti
685 1559 744 1624 pro
773 1536 920 1602 custodia
941 1536 1081 1622 Agnetis
1103 1535 1170 1600 filis
1192 1535 1294 1622 ipsius
1320 1537 1426 1601 Leuce
1449 1545 1485 1600 et

377 1641 482 1706 tocius
493 1641 685 1707 hereditatis
699 1639 924 1706 descendentis
939 1640 980 1706 de
996 1639 1138 1726 Rogero'
1152 1648 1245 1725 patre
1259 1639 1362 1726 ipsius
1377 1640 1484 1706 Leuce

376 1743 411 1808 in
427 1745 601 1810 Ellefordia
621 1753 656 1810 et
670 1744 705 1809 in
722 1743 935 1829 Ucllinghrnd
950 1767 1025 1810 cum
1040 1752 1120 1831 pert.
1137 1752 1172 1809 et
1192 1744 1318 1809 desicut
1338 1743 1483 1810 Randul-

375 1847 461 1933 phus
489 1847 581 1913 dedit
610 1855 730 1912 terram
759 1847 849 1911 illam
879 1869 955 1912 cum
983 1855 1063 1932 pert.
1090 1855 1126 1912 et
1147 1869 1212 1911 non
1234 1847 1362 1933 excepit
1384 1846 1484 1912 aduo-

375 1951 538 2016 cacionem
553 1951 685 2017 ecclesie
700 1974 759 2016 nec
774 1951 909 2016 ecclesia
922 1951 1012 2037 prius
1027 1950 1159 2016 uacauit
1173 1951 1259 2036 petit
1278 1950 1435 2016 iudicium
1455 1951 1484 2016 si

374 2054 539 2138 predictus
554 2055 700 2142 Rogerus
714 2054 816 2140 possit
831 2053 1078 2118 aduocacionem
1093 2054 1183 2118 illam
1198 2054 1344 2132 clamare,
1356 2053 1483 2119 desicut

374 2157 547 2223 aduocacio
568 2159 712 2244 pertinet
732 2158 774 2222 ad
796 2157 986 2234 manerium,
1001 2166 1036 2222 et
1055 2157 1141 2243 petit
1161 2158 1223 2223 sibi
1246 2159 1376 2224 allocari
1396 2159 1483 2246 quod

374 2261 463 2326 idem
477 2263 624 2350 Rogatus
639 2261 696 2349 qui
711 2270 834 2328 cartam
849 2262 938 2326 illam
954 2261 1031 2326 fecit
1045 2261 1145 2326 nichil
1160 2261 1297 2346 excepit.

439 2365 484 2428 Et
508 2365 655 2452 Rogcrus
680 2386 739 2450 per
761 2371 963 2428 attornatum
992 2385 1088 2428 suum
1112 2363 1205 2427 uenit
1228 2372 1264 2428 et
1286 2362 1367 2428 dicit
1395 2361 1482 2448 quod

376 2467 610 2554 Randulphus⁸
624 2475 806 2532 antecessor
826 2487 905 2532 auus
924 2465 981 2551 qui
1000 2465 1117 2530 ultimo
1136 2466 1347 2552 presentauit,
1362 2463 1412 2530 et⁴
1426 2466 1484 2551 qui

374 2580 495 2636 terram
518 2571 608 2637 illam
630 2571 722 2637 dedit
741 2593 910 2656 nunquam
930 2569 994 2634 fuit
1014 2569 1049 2635 in
1069 2570 1187 2635 seisina
1206 2569 1247 2635 de
1267 2569 1482 2636 aduocacione

373 2673 431 2738 illa
446 2695 505 2738 nec
519 2674 628 2738 Leuca
642 2673 710 2738 filia
723 2696 790 2750 sua,
805 2695 865 2738 nec
879 2673 999 2759 Agnes,
1015 2681 1050 2737 et
1064 2671 1191 2738 desicut
1204 2672 1292 2738 idem
1310 2673 1481 2759 Philippus

374 2775 537 2861 cognoscit
566 2775 717 2840 aeisinam
742 2775 844 2860 ipsius
873 2773 1070 2860 Randnlphi,
1093 2774 1178 2860 petit
1207 2774 1359 2840 seisinam
1381 2797 1482 2842 susm.

376 2877 420 2942 Et
435 2878 581 2963 quesitus
601 2877 629 2944 si
649 2877 865 2963 Randulphus
884 2876 975 2942 dedit
997 2876 1177 2941 manerium
1199 2877 1280 2941 illud
1303 2899 1378 2942 cum
1400 2885 1481 2963 pert

375 2981 455 3046 dicit
470 2981 556 3067 quod
570 2981 682 3060 nescit,
697 2989 731 3046 et
745 2982 829 3046 bene
844 2980 1007 3067 cognoscit
1021 2989 1143 3044 cartam
1158 3003 1257 3066 quam
1277 2980 1355 3046 fecit
1374 2981 1481 3046 cidem

375 3085 526 3172 Philippo
556 3085 597 3151 de
626 3095 714 3152 terra
742 3109 817 3151 cum
846 3095 929 3171 pert.
951 3085 986 3149 in
1016 3107 1081 3170 qua
1108 3084 1209 3150 nichil
1238 3085 1408 3171 excipitur,
1431 3095 1482 3152 set

374 3197 505 3254 tantum
521 3189 600 3254 dicit
620 3189 707 3275 quod
726 3190 873 3276 Rogerus
892 3189 1044 3253 feoffatus
1063 3209 1230 3274 nunquam
1253 3187 1371 3254 habuit
1392 3188 1481 3254 scisi-

374 3314 450 3356 nam
465 3292 505 3357 de
520 3293 769 3378 presentatione,
785 3300 819 3357 et
834 3291 919 3378 petit
933 3291 1099 3356 iudicium.

439 3395 484 3459 Et
498 3395 669 3481 Philippus
683 3396 834 3461 similiter
846 3395 931 3481 petit
946 3394 1103 3460 iudicium
1114 3417 1210 3460 suum
1222 3394 1348 3460 desicut
1359 3396 1481 3482 Roger·

373 3519 413 3562 us
434 3498 598 3583 cognoscit
620 3507 743 3563 cartam
764 3522 857 3564 suam
879 3499 914 3563 in
934 3521 1000 3584 qua
1019 3498 1119 3564 nichil
1139 3499 1315 3584 excipitur⁵
1334 3499 1481 3564 defendit

374 3601 460 3687 quod
489 3603 635 3688 Rogerus
664 3611 846 3668 antecessor
870 3602 973 3688 ipsius
994 3602 1134 3688 Agnetis
1155 3602 1204 3668 ita
1225 3610 1310 3668 esset
1331 3603 1482 3670 feoffatus

373 3703 458 3768 sicut
472 3703 654 3788 predictum
670 3712 727 3768 est.

438 3806 483 3870 Et
497 3807 575 3892 quia
588 3807 684 3872 ambo
698 3815 895 3893 cognoscunt
909 3807 996 3893 qnod
1010 3807 1226 3894 Randulphus
1240 3815 1315 3893 post
1329 3807 1481 3874 ultimam

372 3909 646 3995 presentationem
662 3909 753 3974 dedit
771 3911 952 3976 manerium
972 3935 1047 3976 cum
1067 3919 1148 3996 pert.
1164 3910 1310 3996 predicto
1330 3909 1482 3998 Rogem⁸,

373 4013 551 4078 secundum
571 4013 657 4099 quod
676 4013 859 4100 predictum
878 4023 937 4092 est,
957 4023 992 4080 et
1012 4015 1177 4101 predictus
1199 4015 1360 4102 Rogerus'
1379 4015 1482 4081 nichil

373 4114 516 4180 ostendit
538 4115 623 4201 quod
643 4115 814 4183 aduocccio
834 4117 1015 4203 excipiatur
1034 4141 1094 4184 nec
1108 4125 1231 4184 sectam
1245 4117 1405 4205 producit,
1421 4141 1482 4185 nec

405 4259 415 4292 ²
432 4259 487 4310 The
498 4259 619 4322 plaintifl.
950 4265 1030 4316 aedit.

404 4326 415 4358 ²
431 4325 516 4388 Rogcr
524 4325 629 4376 brother
639 4327 669 4377 cl
678 4326 826 4390 Bandolph.
982 4329 993 4361 ⁸
1011 4329 1110 4394 supply
1122 4339 1153 4380 et.

405 4390 416 4422 ³
432 4391 531 4453 Supply
537 4391 602 4453 suit,
614 4391 645 4441 B.
982 4395 993 4426 ⁰
1010 4395 1122 4444 Brother
1132 4397 1161 4445 of
1170 4394 1319 4460 Randolph.

405 4454 415 4486 ⁴
432 4455 503 4506 Gorr.
517 4457 661 4519 ctRopcrnr
672 4461 715 4508 cai
727 4467 818 4509 terram
827 4461 899 4510 illam
981 4460 992 4494 ⁷
1009 4459 1133 4511 Plaintifl.
