3212 5230
360 373 423 436 360
569 385 801 447 urcurunrnis,
824 387 888 438 ru.
913 375 1006 452 1230,
1029 391 1092 440 un
1116 376 1252 439 14-15.

197 573 337 669 ffigtzffi
361 557 558 624 escambium
587 565 622 622 et
652 556 737 644 quod
767 557 854 623 idem
883 558 1001 626 Comes
1037 583 1205 647 nunquam
1234 560 1326 627 dedit
1359 560 1469 626 eidem

197 667 340 762 fflffl
362 663 526 728 Gileberto
542 663 697 726 fossatum
711 661 793 726 illud
814 663 890 749 quia
910 663 991 728 illud
1007 665 1163 730 fossatum
1178 667 1242 731 fuit
1258 665 1417 730 Willelmi
1437 665 1470 730 le

197 761 348 846 fflffl‘
363 766 452 830 Brun
478 765 585 830 fratris
607 764 708 850 ipsius
730 764 868 830 Isabelle
891 766 948 852 qui
974 767 1056 832 illud
1082 769 1173 834 dedit
1199 769 1233 833 in
1256 768 1470 856 maritagium

195 855 348 945 llfllllt'lt
362 869 467 934 eidem
484 868 645 933 Eborardo
661 891 734 933 cum
755 869 901 954 predicta
919 871 1060 936 Isabella
1081 879 1115 936 et
1136 871 1223 936 unde
1245 872 1360 937 dicunt
1380 871 1470 958 quod

198 949 278 987 nullam
287 949 326 988 nlsl

197 995 312 1081 ppppcgm
363 975 450 1039 idem
473 972 658 1038 Gilebertus
680 971 806 1036 nullum
829 971 880 1037 ius
901 995 961 1038 nec
983 973 1085 1038 alium
1106 974 1287 1060 ingressum
1310 975 1412 1040 habet
1433 975 1471 1038 in

198 1053 350 1176 ffitfflsffpe
363 1079 523 1166 predictas
545 1085 685 1163 quatuor
703 1099 791 1142 acras
814 1077 876 1142 nisi
896 1079 1073 1144 secundum
1095 1079 1181 1165 quod
1202 1079 1385 1166 predictum
1408 1087 1469 1144 est

198 1182 267 1222 ''W-
363 1184 407 1248 Et
437 1183 514 1269 quia
542 1181 605 1268 ipsi
641 1180 825 1246 Eborardus
862 1189 896 1245 et
934 1182 1075 1247 Isabella
1103 1189 1225 1247 sectam
1250 1182 1470 1248 sufficientem

362 1288 545 1375 producunt
560 1285 646 1373 quod
661 1286 761 1350 talem
777 1285 893 1351 habuit
908 1286 1088 1373 ingressum
1103 1286 1145 1352 ad
1160 1286 1335 1352 terminum
1352 1295 1386 1351 et
1401 1309 1469 1351 non

361 1391 396 1456 in
411 1390 608 1456 escambium
624 1397 663 1453 ut
678 1389 718 1454 de
734 1389 826 1454 feodo
841 1389 926 1454 sicut
947 1390 1133 1455 Gilebertus
1148 1389 1237 1466 dicit,
1252 1397 1286 1454 et
1300 1389 1471 1476 predictus

363 1495 548 1562 Gilebertus
563 1495 663 1560 nichil
679 1494 821 1560 ostendit
836 1496 922 1582 quod
943 1496 1039 1561 aliter
1058 1496 1137 1562 data
1156 1503 1241 1560 esset
1255 1495 1319 1560 nisi
1333 1503 1469 1560 tantum

361 1603 540 1690 simplicem
552 1623 663 1666 uocem
676 1623 778 1678 suam,
788 1599 1035 1666 Consideratum
1048 1609 1098 1666 est
1110 1600 1196 1688 quod
1207 1601 1270 1687 ipsi
1282 1599 1469 1666 Ebomrdus

361 1717 396 1774 et
419 1707 560 1773 Isobella
581 1714 856 1792 recuperauerunt
878 1704 1030 1771 seisinam
1052 1727 1144 1770 suam
1166 1713 1201 1770 et
1224 1704 1412 1770 Gilebertus
1431 1705 1469 1768 in

361 1810 586 1877 misericordia

428 1918 600 1982 lFararmus
615 1914 656 1979 de
671 1914 818 1978 Bononia
832 1915 917 2000 petit
932 1937 1045 1979 uersus
1060 1913 1235 1979 Ricardum
1249 1913 1290 1979 de
1301 1914 1471 2001 Wyauilla

361 2031 395 2088 et
419 2018 587 2088 Godehut'
611 2041 745 2083 uxorem
769 2019 839 2083 eius
863 2041 962 2083 unam
988 2019 1068 2106 uirg.
1100 2027 1185 2083 terre
1214 2041 1289 2084 cum
1318 2029 1400 2105 pert.
1431 2019 1468 2084 in

361 2123 683 2212 Ohepmanescumba
696 2131 735 2187 ut
749 2122 801 2187 ius
815 2145 911 2188 suum
926 2133 985 2188 etc

425 2231 469 2294 Et
484 2228 641 2294 Ricardus
656 2237 690 2292 et
711 2227 864 2293 Godehut
883 2251 942 2315 per
960 2236 1161 2293 attumatum
1185 2227 1288 2315 ipsius
1310 2227 1467 2294 Godehut

360 2334 499 2400 ueniunt
514 2341 549 2398 et
569 2331 683 2397 dicunt
704 2331 790 2418 quod
809 2354 874 2396 non
894 2331 1015 2397 debent
1037 2331 1069 2396 ei
1088 2331 1280 2417 respondere
1300 2331 1378 2418 quia
1399 2354 1467 2397 non

359 2448 474 2506 tenent
488 2440 523 2504 in
538 2439 631 2505 feodo
645 2437 708 2503 nisi
722 2437 934 2502 medietatem
955 2436 1100 2502 eiusdem
1119 2444 1203 2502 terre
1224 2458 1287 2523 que
1305 2437 1384 2502 data
1401 2437 1467 2502 fuit

359 2544 390 2609 ei
405 2543 440 2608 in
454 2541 662 2628 maritagium
678 2563 752 2606 cum
767 2539 914 2626 predicta
928 2539 1090 2618 Godehut,
1105 2548 1140 2604 et
1159 2539 1273 2605 dicunt
1293 2539 1379 2626 quod
1399 2563 1466 2606 non

359 2656 473 2713 tenent
488 2647 585 2712 aliam
600 2645 811 2710 medietatem
826 2643 889 2708 nisi
906 2643 947 2708 de
968 2665 1053 2708 anno
1072 2642 1109 2707 in
1128 2665 1250 2708 annum
1273 2641 1316 2707 ad
1336 2643 1465 2708 firmam

358 2752 398 2817 de
422 2759 526 2816 matre
550 2749 693 2836 predicte
717 2746 879 2813 Godehut.
927 2747 970 2810 Et
992 2745 1163 2810 Faramus⁴
1185 2768 1249 2810 non
1271 2753 1381 2831 potest
1403 2745 1466 2812 hoc

357 2856 504 2921 dedicere
535 2863 569 2919 et
598 2854 671 2919 ideo
695 2851 853 2918 Ricardus
882 2859 917 2916 et
947 2851 1116 2917 Godehut³
1145 2851 1222 2916 inde
1251 2851 1321 2916 sine
1343 2850 1398 2916 die
1430 2859 1465 2916 et

359 2957 530 3024 Faramus⁸
548 2967 608 3023 etc

422 3062 551 3128 'Simon
571 3083 707 3147 persona
725 3059 767 3123 de
789 3057 931 3125 Grundel
954 3057 1162 3123 athachiatus
1183 3058 1247 3122 fuit
1269 3058 1311 3123 ad
1333 3081 1463 3146 respon-

357 3166 500 3232 dendum
517 3165 683 3252 Stephano
698 3163 738 3229 de
754 3163 959 3250 Ferenbergo
974 3185 1072 3250 quare
1088 3171 1219 3229 secutus
1239 3172 1291 3229 est
1303 3163 1463 3250 placitum

357 3272 391 3338 in
406 3273 496 3338 curia
510 3272 732 3338 cristianitatis
747 3271 787 3336 de
803 3271 1018 3336 eduococione
1038 3269 1171 3336 ecclesie
1192 3270 1232 3336 de
1257 3270 1464 3360 Farenbergo

356 3385 468 3442 contra
496 3375 746 3462 prohibicionem
774 3375 861 3440 unde
883 3375 969 3440 idem
994 3375 1182 3462 Stephanus
1204 3376 1353 3462 queritur
1374 3376 1463 3462 qnod

357 3480 443 3545 idem
460 3480 571 3545 Simon
586 3478 756 3564 inplacitat
771 3477 922 3543 clericum
935 3499 1031 3542 suum
1043 3478 1083 3543 de
1096 3477 1231 3543 decimis
1243 3485 1277 3542 et
1288 3477 1462 3543 oblacioni-

356 3584 417 3650 bus
433 3592 466 3648 et
487 3583 738 3649 obuencionibus
759 3582 1001 3669 pertinentibus
1020 3582 1062 3647 ad
1082 3583 1250 3648 ecclesiam
1270 3582 1369 3659 illam,
1385 3583 1463 3648 etsi

357 3686 391 3751 in
406 3687 525 3772 placito
540 3686 703 3750 obtineret
718 3686 766 3749 ita
779 3685 949 3752 amitteret
963 3685 1211 3751 aduocacionem
1227 3707 1326 3751 suam.

193 3802 324 3890 {3th
422 3792 466 3855 Et
490 3791 600 3856 Simon
621 3789 714 3854 uenit
734 3798 769 3854 et
791 3789 937 3854 defendit
959 3789 1045 3876 quod
1067 3812 1234 3876 nunquam
1257 3797 1329 3876 post
1352 3791 1461 3876 prohi-

189 3861 337 3938 llellfflld
356 3893 515 3959 bicionem
531 3902 661 3958 secutus
682 3892 745 3956 fuit
764 3891 921 3977 placitum
942 3891 1023 3956 illud
1045 3891 1086 3956 de
1106 3891 1240 3957 decimis
1260 3899 1295 3956 et
1314 3891 1388 3957 aliis
1409 3903 1462 3958 set

192 3945 331 3986 oblenonrbus

191 4001 332 4087 qllffiffl.
355 4019 468 4062 reuera
482 3995 687 4082 inplacitauit
702 4017 777 4059 eum
792 3994 832 4058 de
847 3995 1000 4080 pensione
1012 4017 1039 4060 v.
1052 3995 1106 4061 sol.
1118 3995 1153 4059 in
1165 3995 1283 4081 quibus
1293 3995 1462 4081 predictus

190 4085 332 4172 ‘mihim'
355 4099 488 4165 clericus
514 4107 647 4164 tenetur
672 4097 805 4162 ecclesie
835 4120 893 4162 sue
923 4097 963 4162 de
994 4097 1137 4163 Orundel
1166 4099 1229 4163 sub
1258 4099 1396 4186 antiqua
1424 4109 1460 4165 et

386 4245 395 4277 ¹
414 4244 460 4294 See
472 4245 516 4293 Br.
528 4243 545 4295 f.
561 4245 617 4293 320.
962 4241 973 4274 ³
991 4243 1119 4302 Godebud,
1130 4242 1160 4293 Δ.

385 4311 396 4342 ²
412 4311 440 4359 h
453 4325 487 4359 m.
503 4311 533 4359 10
544 4309 569 4358 d.
962 4306 973 4338 ⁶
990 4309 1018 4356 in
1030 4309 1211 4358 misericordia.
1226 4323 1324 4372 pauper
1335 4317 1381 4358 est.
1394 4311 1424 4359 A.

385 4376 395 4408 ⁸
413 4377 549 4432 Godelreut
561 4373 590 4424 A.
961 4371 971 4404 ⁷
989 4373 1017 4422 h
1030 4387 1065 4421 m.
1080 4375 1119 4422 11.

386 4443 396 4474 ⁴
413 4443 563 4498 Pharum,
576 4439 606 4488 A.
961 4437 972 4470 ⁸
989 4438 1037 4488 See
1047 4437 1121 4490 sss
1137 4439 1192 4492 407.
1229 4471 1233 4478 ·
