3314 5238
378 457 442 519 428
674 465 812 528 sterne,
834 465 899 516 ιιι.
925 452 1017 528 1231,
1041 465 1104 515 ιιι
1129 453 1178 517 15.

376 642 511 708 (ιιιιιιιιιιι
533 639 728 706 defendendi
751 647 786 705 et
808 639 947 704 Thomas
969 638 1104 704 uadium
1126 637 1363 705 disrecioncndi
1385 641 1490 728 plegii

377 755 437 813 ete

320 908 327 924 ,
442 849 604 914 Robertus
626 847 717 914 Prior
737 845 778 911 de
800 845 954 932 Wircsop.
976 845 1182 912 athachiatns
1204 847 1269 912 fuit
1289 845 1332 912 ed
1354 868 1488 933 respon-

271 972 283 1001 ⁰
327 989 333 1001 ·
377 951 520 1018 dendum
544 950 616 1015 Ado
642 948 801 1036 Oretling’
823 970 923 1034 quare
945 957 1076 1012 secutus
1098 957 1148 1014 est
1173 950 1332 1036 placitum
1358 959 1420 1016 etc
1445 949 1488 1014 de

378 1056 458 1122 laico
474 1056 566 1121 feodo
580 1055 682 1142 ipsius
698 1053 837 1118 Thome¹
854 1053 889 1117 in
904 1053 1000 1118 Himt
1015 1061 1127 1119 contra
1146 1055 1400 1141 prohibicionem
1416 1064 1491 1132 eto,

377 1169 412 1225 et
437 1161 523 1226 unde
549 1160 636 1228 idem
662 1157 737 1224 Ada
761 1156 909 1244 queritur
934 1155 1021 1242 quod
1046 1179 1121 1221 oum
1147 1157 1323 1245 distringet
1353 1157 1488 1224 feodum

377 1285 473 1328 suum
487 1263 574 1350 quod
589 1263 679 1328 Prior
693 1269 786 1326 tenet
801 1283 858 1347 pro
873 1259 1028 1324 forinseco
1048 1259 1185 1325 semicio
1205 1269 1240 1325 et
1259 1283 1317 1347 pro
1342 1261 1406 1326 elio
1427 1282 1489 1346 per

377 1366 562 1452 capcionem
584 1365 766 1430 aueriornm
796 1364 897 1450 ipsius
924 1363 1042 1428 Prioris
1067 1363 1155 1428 idem
1180 1365 1270 1429 Prior
1293 1365 1406 1430 statim
1432 1388 1490 1429 ex-

378 1469 595 1535 communicat
621 1490 696 1533 eum
720 1475 755 1532 et
772 1475 873 1532 uexat
895 1473 930 1532 et
950 1474 1068 1552 greuat
1090 1466 1124 1530 in
1147 1467 1238 1532 curia
1260 1467 1490 1532 cristianitatis

378 1573 465 1639 unde
480 1572 694 1659 deterioratos
709 1579 760 1636 est
775 1579 810 1636 et
824 1571 1004 1657 dampnum
1019 1571 1120 1636 habet
1135 1581 1194 1638 etc.

444 1678 488 1742 Et
513 1677 604 1742 Prior
626 1675 719 1740 uenit
745 1683 780 1740 et
805 1675 886 1740 dicit
912 1675 998 1762 quod
1021 1698 1087 1740 non
1113 1676 1212 1742 debet
1236 1677 1267 1741 ei
1290 1675 1490 1763 respondere

379 1781 465 1898 quia·
479 1781 547 1868 ipse
571 1779 868 1846 excommunicatus
892 1779 958 1844 est'
979 1788 1013 1844 et
1037 1779 1068 1844 ei
1092 1779 1177 1845 sicut
1206 1781 1491 1846 excommunicato

216 1890 355 1940 &wlff
379 1884 483 1950 omnis
507 1892 599 1950 actus
626 1883 809 1970 legittimus
831 1883 1047 1962 interdicitur,
1069 1893 1104 1949 et
1125 1884 1202 1949 inde
1226 1885 1348 1971 profert
1374 1885 1490 1951 literas

216 1940 354 1978 commumon-

215 1986 254 2081 {⁰
247 1986 335 2070 ml,
287 1989 360 2024 Μ·
380 1986 610 2056 Couentrensis
632 1985 781 2072 Episcopi
800 1993 951 2072 patentes
966 1987 1023 2051 et
1014 2009 1049 2050 111
1065 1987 1183 2073 quibus
1197 1988 1384 2054 continetur
1398 1989 1489 2076 quod

216 2077 368 2164 tttt‘ffl‘m
380 2093 563 2158 Willelmus
582 2090 744 2178 quondam
764 2090 1019 2156 Archidiaconus
1039 2092 1171 2180 Dereby
1190 2093 1489 2159 excommunicauit

217 2172 289 2221 qullm
269 2171 352 2219 mplrcl·

216 2223 275 2258 (ιω
264 2181 331 2257 reim
379 2195 561 2282 predictum
576 2195 683 2260 Adam
697 2195 822 2260 meritis
837 2195 904 2260 suis
919 2195 1125 2282 exigentibus
1140 2205 1175 2262 et
1195 2221 1296 2285 quum
1311 2207 1440 2264 constat
1455 2199 1489 2264 ei

216 2275 318 2351 &uteie
319 2313 338 2351 ¹
379 2297 420 2363 de
435 2298 821 2364 excommunicacioneet
840 2321 904 2362 non
919 2297 960 2363 de
975 2298 1179 2366 sbsolucione
1193 2301 1284 2366 misit
1298 2302 1489 2367 iusticiariis

214 2359 363 2494 399
380 2400 491 2465 literas
504 2408 661 2486 patentes
707 2399 751 2464 Et
737 2399 843 2486 tquie
857 2399 982 2486 predict
983 2423 1022 2465 us
968 2401 1110 2466 tAde
1125 2403 1225 2468 nichil
1240 2403 1383 2468 ostendit
1398 2405 1490 2490 quod

379 2503 546 2570 absolutus
568 2503 612 2567 sit
633 2511 688 2568 eat
709 2503 752 2568 ad
774 2504 970 2590 Episcopum
990 2505 1044 2570 uel
1064 2505 1143 2570 alibi
1163 2513 1198 2570 et
1219 2515 1335 2592 queret
1356 2507 1489 2572 absolu-

379 2607 512 2684 cionem,
527 2617 561 2672 et
576 2607 704 2671 Prior'
680 2629 749 2671 eme
764 2607 825 2672 die.

323 2770 330 2786 ,
444 2710 610 2776 Johannes
644 2711 685 2775 de
720 2711 789 2798 Fey
818 2711 1025 2777 athachietus
1060 2713 1123 2778 fuit
1152 2713 1194 2778 ad
1224 2714 1488 2800 respondendum

314 2850 321 2863 ·
380 2815 533 2880 Priorisse
548 2815 588 2880 de
608 2815 864 2880 Aumbresburia
878 2839 977 2902 quere
997 2839 1062 2881 non
1082 2816 1225 2882 reddidit
1240 2818 1345 2883 eidem
1361 2841 1411 2882 xx.
1428 2819 1488 2885 sol.

379 2918 526 2983 redditus
537 2941 611 2984 cum
620 2917 745 3004 pertin
758 2918 953 3006 Bromlegha
963 2941 1061 3005 quem
1073 2919 1237 2985 redditum
1249 2921 1319 3007 ipsa
1330 2921 1489 2986 Prior-issa

379 3031 414 3086 et
436 3021 550 3087 domus
573 3022 614 3086 (ιθ
636 3021 893 3087 Aumbresburis
913 3023 1099 3089 habuerunt
1121 3024 1162 3089 de
1184 3024 1268 3089 dono
1290 3025 1421 3090 Radulfi
1444 3026 1488 3092 de

380 3125 448 3210 Fay
463 3124 565 3211 petris
578 3124 680 3210 ipsius
694 3125 718 3190 J
718 3125 854 3190 ohannis
868 3127 960 3191 cuins
975 3127 1069 3192 heres
1089 3126 1158 3213 ipse
1174 3135 1224 3192 est
1239 3135 1298 3192 etc.
1345 3129 1487 3194 Concor·

379 3229 449 3295 dati
463 3238 540 3294 sunt
555 3237 589 3294 et
604 3238 654 3294 est
669 3229 836 3294 concordie
849 3230 925 3294 talis
940 3229 1026 3316 quod
1040 3230 1110 3316 ipse
1125 3229 1312 3316 recognouit
1326 3253 1385 3316 pro
1399 3253 1434 3296 se
1451 3243 1488 3297 et

379 3334 551 3399 heredibus
574 3333 641 3399 suis
663 3333 749 3420 quod
770 3333 883 3399 reddet
905 3333 1012 3399 eidem
1034 3333 1187 3398 Priorisse
1209 3341 1245 3397 et
1267 3333 1430 3400 Priorissis
1453 3336 1487 3400 ei

378 3437 625 3504 succedentibus
645 3461 695 3503 xx.
716 3439 770 3504 sol
791 3461 990 3525 perannum
1010 3437 1053 3503 ad
1074 3437 1156 3503 duos
1178 3439 1341 3516 terminos,
1360 3440 1425 3505 scil.
1442 3441 1487 3506 ed

378 3541 502 3606 Pascha
516 3563 543 3606 x.
560 3541 617 3606 sol.
633 3541 724 3606 etad
743 3541 863 3606 festum
880 3541 910 3606 S.
928 3541 1025 3607 Mioh.
1040 3565 1068 3606 ιι
1085 3541 1140 3606 θοι.
1156 3541 1221 3607 scil
1237 3541 1279 3607 de
1293 3551 1486 3608 tenemento

379 3645 465 3731 quod
487 3645 671 3710 Willelmus
692 3645 733 3710 de
755 3647 892 3710 Berkele
915 3645 1024 3710 tenuit
1046 3669 1074 3710 ιι.
1098 3646 1152 3710 θοι
1176 3654 1211 3710 et
1233 3646 1273 3711 de
1296 3655 1488 3714 tenemento

379 3750 465 3836 quod
480 3749 655 3816 (laufridus
670 3749 710 3814 de
727 3749 907 3816 Corcumba
921 3751 1032 3815 tenuit
1046 3749 1081 3814 in
1097 3750 1292 3838 Bromlegha
1305 3774 1335 3816 x.
1350 3751 1406 3816 sol.

445 3855 488 3920 Et
510 3854 676 3919 «lohannes
697 3852 790 3917 dabit
811 3875 868 3939 pro
890 3853 1060 3940 arreragiis
1082 3853 1100 3917 l.
1124 3853 1178 3917 sol.
1202 3853 1237 3916 in
1262 3853 1401 3918 crastino
1422 3863 1487 3921 etc.

379 3957 466 4045 apud
480 3955 769 4023 Aumbresburiam
785 3965 820 4020 et
833 3955 896 4021 nisi
912 3965 991 4022 tunc
1005 3955 1184 4021 reddiderit
1205 3955 1298 4020 debit
1320 3979 1345 4023 c.
1365 3959 1421 4024 sol
1442 3959 1486 4024 ad

379 4059 551 4129 oaloctm‘.

323 4231 330 4244 ,
444 4166 559 4230 Petrus
585 4165 672 4229 filius
695 4165 794 4229 Alani
819 4187 877 4252 per
902 4171 1105 4230 attornatum
1131 4187 1227 4228 suum
1256 4165 1342 4250 petit
1371 4187 1489 4232 uersus

412 4301 422 4334 ¹
439 4301 510 4352 Corr.
522 4304 584 4352 Ado.
956 4301 1002 4352 the
1018 4301 1160 4352 defendant
1176 4301 1205 4352 in
1220 4301 1265 4352 the
1276 4301 1364 4352 action
1376 4301 1417 4352 tor
1427 4317 1489 4365 pro-

412 4367 423 4400 ¹
439 4369 733 4418 Eceommum’cotocrttm
744 4369 906 4418 interdicitur
955 4367 1078 4418 hibition.

253 4455 258 4470 ·
379 4436 540 4484 minionem
551 4435 685 4495 lepitimus.
721 4432 763 4482 Br.
778 4433 893 4482 tmob.
988 4430 1263 4495 *Οιιιοιῑιιίθοιοοιι1
1276 4431 1406 4496 highway.
1435 4433 1486 4495 Qu.

412 4498 423 4531 ⁸
439 4497 483 4547 Br.
495 4499 512 4547 l.
525 4499 587 4558 4083
606 4499 650 4548 ille
661 4499 707 4562 qui
722 4499 904 4562 implacitatur,
