3360 5236
366 427 430 491 544
669 438 821 500 ramur,
844 437 909 488 nn.
935 424 1028 504 1225,
1052 437 1114 489 ns.
1138 426 1168 490 9.

363 623 424 682 etc.
439 613 526 680 unde
541 612 628 678 idem
640 612 823 678 Willelmus
838 613 923 698 petit
934 613 1026 698 -qnod
1041 615 1139 680 faciat
1153 615 1184 682 ei
1199 637 1258 702 per
1271 639 1393 684 annum
1410 617 1478 706 viij.

363 719 418 784 sol.
434 718 474 783 de
490 717 532 802 vj.
549 716 659 782 bouat.
677 724 761 780 terre
777 724 811 780 et
827 717 858 782 ei
873 724 950 781 sunt
964 727 1071 783 aretro
1092 719 1132 784 de
1153 730 1293 807 quatuor
1311 724 1406 790 annis
1425 747 1478 789 xx.

362 821 416 886 sol.
441 828 502 885 etc.
525 841 584 905 per
608 816 695 904 quod
721 816 936 882 deterioratus
961 828 1012 884 est
1038 828 1073 885 et
1098 821 1277 908 dampnum
1307 825 1408 892 habet
1433 827 1478 892 ad

361 923 542 989 ualenciam
571 922 612 986 xl.
643 923 708 1000 sol,
737 929 772 986 et
801 923 887 1008 petit
916 923 1003 1008 quod
1032 923 1130 990 faciat
1159 926 1190 991 ei
1219 927 1408 1016 homagium
1441 939 1477 996 et

361 1026 520 1091 releuium
535 1047 630 1090 suum
646 1031 706 1088 etc.

425 1128 471 1192 Et
497 1126 637 1190 Thomas
665 1123 788 1210 Ccigne
818 1123 912 1190 uenit
941 1133 977 1189 et
1002 1125 1083 1191 dicit
1111 1119 1197 1213 qu'od
1226 1129 1327 1196 nichil
1356 1132 1478 1198 clamat

361 1239 473 1297 tenere
487 1230 528 1295 de
543 1229 656 1294 eodem
672 1229 836 1293 Willelmo
851 1251 911 1294 nec
926 1229 958 1295 ei
972 1231 1146 1297 seruicium
1158 1232 1257 1299 debet
1269 1235 1370 1301 immo
1382 1245 1476 1303 tenet

361 1335 402 1400 de
432 1334 576 1400 Waltero
607 1331 730 1419 Coigne
759 1333 827 1397 filio
853 1333 990 1398 Roberti
1019 1337 1176 1401 auunculi
1201 1339 1253 1403 sui
1278 1341 1371 1405 etei
1396 1342 1476 1406 facit

361 1439 534 1506 seruicium
549 1461 645 1504 suum
661 1447 695 1503 et
709 1438 785 1503 inde
800 1447 897 1504 uocat
912 1461 988 1504 eum
1004 1439 1047 1505 ad
1062 1451 1251 1523 warantum,
1263 1445 1383 1512 habeat
1398 1469 1475 1512 eum

361 1544 421 1610 tali
435 1543 488 1609 dic
504 1551 562 1608 etc.
579 1543 664 1608 sicut
678 1541 787 1629 diligit
802 1550 1028 1609 tenementum
1043 1568 1148 1614 suum.

238 1634 312 1704 708.
426 1644 602 1710 ¹Ranulfus
633 1643 749 1709 Comes
776 1643 902 1710 Cestrie
929 1653 963 1714 et
993 1645 1159 1713 Linoolnie
1183 1671 1243 1735 per
1271 1658 1475 1718 attomatum

238 1737 305 1840 ἓξὲξ
360 1771 456 1814 suum
470 1749 556 1835 petit
570 1771 683 1814 uersus
698 1747 874 1814 Biennium
889 1748 929 1814 de
948 1749 1112 1816 Harecurt
1134 1773 1232 1838 quem
1253 1755 1418 1821 Galsridus
1432 1756 1474 1822 de

197 1872 318 1956 noscunt
360 1857 451 1942 Lucy
479 1854 610 1919 uocauit
638 1853 681 1918 ad
709 1861 890 1920 warantum
919 1863 955 1920 et
984 1857 1042 1943 qui
1071 1857 1104 1922 ei
1132 1861 1356 1926 warentizauit
1385 1861 1474 1948 quod

195 1927 348 2054 ffiffi’ffss
359 1959 474 2025 reddat
485 1959 516 2024 ei
527 1959 550 2024 J
550 1959 711 2023 ohannem
723 1958 828 2024 lilium
839 1967 874 2024 et
885 1959 1038 2026 heredem
1049 1960 1073 2027 J
1074 1961 1210 2028 ohannis
1223 1964 1264 2030 dc
1277 1965 1476 2051 Sprertona'

196 2061 452 2195 glffifffielfficuius
475 2061 622 2128 custodie
645 2061 687 2128 ad
710 2085 787 2127 eum
813 2063 957 2149 pertinet
984 2087 1022 2130 eo
1048 2065 1135 2152 quod
1163 2067 1264 2132 habet
1292 2069 1473 2134 custodiam

196 2157 285 2242 ἵζ’ξξῖᾓ.
294 2202 331 2242 m·
360 2175 519 2250 terrarum
548 2189 612 2252 que
641 2165 775 2230 fuerunt
803 2165 963 2230 Johaunis
990 2167 1092 2252 patris
1117 2168 1220 2254 ipsius
1247 2170 1408 2236 Johannis
1433 2195 1474 2238 ea

197 2250 345 2383 ffiffiinu,
361 2271 487 2336 ratione
507 2268 594 2355 quod
609 2268 718 2334 tenuit
736 2269 777 2334 de
798 2269 891 2335 feodo
912 2269 1051 2336 Comitis
1070 2271 1181 2338 Dauid
1201 2274 1293 2340 cuius
1313 2274 1406 2341 heres
1421 2285 1473 2342 est

198 2391 323 2478 maffia·
361 2375 397 2440 in
412 2374 559 2440 custodia
573 2395 639 2440 sua

199 2487 304 2524 smera
426 2480 471 2544 Et
493 2476 650 2543 Ricardus
669 2477 763 2542 uenit
783 2499 842 2564 per
861 2485 1064 2543 attornatum
1085 2501 1180 2544 suum
1201 2489 1236 2546 et
1256 2481 1402 2547 defendit
1421 2483 1474 2548 ius

197 2531 339 2672 {3333de
360 2583 462 2670 ipsius
477 2583 614 2650 Comitis
629 2591 663 2648 et
678 2583 757 2648 dicit
772 2583 859 2670 quod
873 2584 896 2648 J
897 2583 1040 2650 ohannes
1061 2593 1155 2671 pater
1174 2609 1288 2653 reuera
1307 2572 1416 2654 tenuit
1431 2589 1473 2654 da

198 2671 341 2756 ittllh'
362 2689 489 2754 Gemite
504 2687 614 2753 Dauid
629 2695 678 2752 set
694 2687 811 2753 Comes
825 2687 936 2754 Dauid
956 2688 1048 2754 dedit
1063 2690 1228 2756 Willelmo
1248 2692 1289 2757 de
1309 2694 1473 2759 Haracurt

199 2767 245 2803 tota
253 2765 343 2804 ulum
436 2793 444 2806 .
650 2792 656 2806 .
888 2792 895 2806 .
960 2793 968 2806 .
1011 2793 1018 2806 .
1213 2795 1220 2808 .

197 2811 333 2898 mun
360 2801 446 2880 patu
461 2815 518 2858 suo
533 2791 713 2858 custodmm
733 2799 818 2857 terre
834 2801 937 2857 tomus
958 2815 1061 2879 1ps1us
1078 2794 1239 2860 Johanms
1259 2818 1333 2860 cum
1353 2796 1473 2864 herede

360 2897 462 2984 ipsius
487 2896 646 2962 Johannis
671 2895 720 2960 ita
744 2896 832 2982 quod
854 2903 948 2982 pater
971 2896 1066 2962 suus³
1090 2898 1199 2962 tenuit
1224 2906 1294 2964 tota
1317 2901 1389 2966 uita
1413 2925 1474 2967 sua

360 3002 539 3068 custodiam
565 3001 655 3064 illam
678 3007 712 3064 et
734 3001 816 3065 obiit
838 3000 914 3065 inde
936 3001 1066 3066 saisitus
1088 3009 1123 3067 et
1144 3010 1219 3088 post
1240 3011 1378 3069 mortem
1401 3005 1473 3070 eius

233 3123 275 3172 [10⁸
283 3123 311 3174 tl
359 3129 473 3173 reuera
492 3105 561 3191 ipse
582 3103 587 3191 Ι
605 3103 763 3168 Ricardus
782 3103 938 3168 concessit
958 3104 1021 3190 ipsi
1043 3104 1165 3171 Comiti
1186 3105 1311 3172 Cestrie
1333 3106 1471 3171 eandem

359 3209 539 3276 custodiam
554 3217 638 3273 terre
653 3207 738 3272 sicut
751 3207 841 3272 illam
857 3207 966 3272 tenuit
980 3215 1015 3272 et
1029 3231 1094 3272 non
1106 3209 1214 3273 tenuit
1226 3217 1305 3274 tunc
1318 3209 1469 3274 heredem

359 3313 394 3376 in
409 3313 555 3377 custodia
569 3333 607 3376 eo
622 3309 708 3396 quod
721 3309 886 3396 predictus
902 3310 1077 3376 (laufridus
1091 3311 1185 3376 illum
1200 3312 1317 3378 habuit
1332 3336 1371 3378 ex
1386 3313 1471 3378 dono

361 3416 517 3482 Willelmi
546 3415 647 3501 patris
676 3413 727 3479 sui
757 3421 791 3478 et
820 3414 892 3479 ideo
919 3414 1036 3480 Comes
1065 3415 1190 3479 nullam
1220 3415 1399 3480 custodiam
1429 3416 1471 3484 de

360 3519 477 3586 herede
492 3527 603 3604 petere
617 3523 734 3603 potest.
1433 3595 1436 3600 Ι

425 3623 470 3687 Et
496 3621 612 3687 Comes
634 3643 693 3706 per
718 3628 919 3685 attomatum
949 3644 1045 3686 suum
1075 3623 1223 3708 quesitus
1249 3645 1314 3710 qua
1342 3623 1470 3689 racione

360 3730 480 3793 clamat
494 3725 672 3790 custodiam
687 3723 909 3789 heredis-dicit
924 3724 1009 3809 quod
1024 3747 1062 3789 eo
1077 3725 1164 3811 quod
1176 3725 1276 3790 habet
1287 3725 1467 3791 custodiam

394 3890 404 3923 ¹
421 3891 452 3939 A.
464 3905 499 3938 m.
512 3887 568 3948 ad;
585 3887 616 3936 B.
629 3901 663 3936 m.
677 3885 727 3935 ad.
939 3885 1069 3950 wardship
1081 3891 1108 3936 to
1120 3886 1165 3937 the
1177 3887 1240 3938 Earl
1251 3888 1280 3938 ol
1294 3887 1407 3949 Chester,
1421 3888 1470 3938 but

393 3956 404 3988 ²
421 3954 477 4004 The
498 3968 576 4003 name
599 3951 693 4002 should
715 3950 841 4014 probably
857 3951 889 4002 be
941 3950 1057 4000 William
1067 3951 1120 4001 had
1131 3953 1236 4016 already
1244 3954 1319 4015 given
1330 3953 1376 4002 tho
1386 3953 1469 4003 ward-

362 4023 500 4084 Sproxton,
511 4019 541 4079 A,
556 4018 586 4066 B.
940 4015 999 4078 ship
1011 4017 1040 4065 of
1054 4016 1099 4066 the
1109 4016 1188 4067 heir’s
1199 4033 1292 4082 person
1303 4021 1331 4068 to
1348 4019 1469 4082 Gaoffrey

394 4088 405 4120 ⁸
432 4085 547 4134 William
578 4083 709 4132 Harcourt
742 4081 829 4131 father
861 4081 890 4130 of
939 4080 1019 4143 Lucy,
1056 4081 1112 4131 The
1129 4097 1187 4132 case
1204 4083 1413 4146 ia·complicated
1433 4083 1469 4147 by

362 4147 654 4200 Richardtherouchee.
678 4145 786 4196 Johnor
793 4147 887 4207 Sprox-
939 4145 994 4195 this
1010 4145 1069 4197 that
1085 4147 1130 4197 the
1146 4147 1203 4197 heir
1219 4149 1248 4197 of
1262 4148 1346 4198 David
1362 4149 1425 4198 Earl
1441 4149 1471 4198 ol

362 4222 409 4266 ton
420 4215 481 4265 held
492 4215 521 4263 01⁴
536 4212 620 4262 David
631 4212 695 4260 Earl
711 4213 740 4260 ol
755 4211 887 4270 Hunting-
916 4241 919 4249 ·
941 4211 1115 4274 Euntingdon
1127 4212 1150 4261 is
1162 4213 1207 4262 the
1218 4213 1288 4263 ward
1303 4214 1331 4262 ol
1345 4213 1390 4263 the
1404 4213 1469 4264 Earl

361 4282 422 4340 don,
449 4279 502 4330 and
530 4277 597 4328 died.
631 4276 685 4326 Tha
712 4277 776 4326 Earl
802 4275 888 4326 David
939 4276 968 4325 of
988 4276 1103 4336 (thester,
1120 4277 1179 4326 who
1199 4281 1226 4327 at
1249 4279 1307 4328 first
1327 4279 1403 4328 bases
1424 4277 1469 4328 his

360 4345 469 4410 granted
486 4343 530 4393 the
541 4341 669 4404 wardahip
686 4342 713 4390 ol
729 4341 823 4390 John's
840 4355 887 4390 son
939 4341 1015 4390 claim
1027 4356 1061 4390 on
1073 4342 1127 4391 this
1138 4343 1199 4401 lact,
1211 4342 1335 4406 claiming
1345 4343 1415 4393 ward
1431 4343 1469 4406 by

361 4409 729 4462 JohntoWilliamHnrcourt.
748 4406 887 4456 William's
937 4405 1007 4468 right
1017 4407 1046 4456 of
1059 4407 1137 4459 ward.
1170 4408 1362 4471 DugdBuror.
1376 4408 1427 4460 rol.
1441 4411 1466 4470 1,
1515 4433 1519 4439 ·

359 4477 416 4527 heir
437 4473 549 4524 Richard
572 4473 702 4522 Hercourt
718 4471 826 4534 granted
842 4471 887 4522 the
937 4485 963 4533 p.
975 4471 1032 4522 610.
