3260 5218
393 377 709 438 nicosiensem.
735 367 828 442 1219,
850 380 913 428 ns.
937 367 1030 428 3-4.
1221 368 1262 435 47

214 551 264 616 Et
281 552 420 617 Thomas
432 553 598 639 cognoscit
612 553 698 640 quod
713 576 827 619 reuera
841 555 964 619 nullam
979 563 1099 620 terram
1114 553 1214 619 hahet
1228 555 1263 618 in

142 652 205 716 illa
219 655 324 730 uilla,
339 663 382 719 set
394 663 609 720 antecessores
623 655 675 720 sni
689 655 822 720 fuerunt
836 656 871 720 in
891 656 1009 722 seisine
1026 656 1114 720 illins
1129 665 1214 720 terre
1229 665 1263 721 et

143 757 316 822 clericum
331 765 592 844 presentauerunt
606 759 649 823 ad
663 759 830 824 ecclesiam
845 760 944 837 illam,
959 783 1097 846 quorum
1111 760 1262 824 seisinam

144 861 236 945 petit
260 884 328 946 per
346 863 399 928 hoc
420 864 528 928 breue.
575 864 619 927 Et
638 863 785 949 quesitus
805 863 964 949 quomodo
980 871 1197 928 antecessores
1211 864 1263 927 sui

145 963 339 1030 amiserunt
358 965 429 1030 inde
451 966 612 1043 seisinam,
627 965 707 1031 dicit
729 966 815 1052 quod
835 965 986 1030 dominus
1008 967 1079 1030 Rex
1101 965 1263 1030 Henrious

147 1089 236 1132 auus
259 1069 382 1134 domini
402 1071 503 1156 Regis
525 1092 580 1134 eos
601 1069 778 1134 disseisiuit
799 1092 858 1155 per
878 1071 1083 1134 uoluntatem
1103 1093 1195 1134 suam
1215 1069 1264 1133 ita

150 1181 271 1238 temen
287 1173 368 1259 quod
382 1172 540 1238 concessit
554 1172 601 1236 eis
616 1171 681 1236 duo
700 1173 845 1237 maneria
865 1172 900 1236 in
920 1172 1126 1248 escambium,
1141 1171 1263 1236 scilicet

151 1274 320 1360 Ormaeby
346 1283 379 1340 et
407 1274 571 1360 quoddam
600 1274 690 1340 aliud
719 1274 900 1340 manerium
929 1282 980 1340 set
1008 1297 1176 1360 nunquam
1206 1274 1263 1338 ha·

152 1379 304 1444 buerunt
317 1380 519 1446 escambium.

223 1483 273 1547 Et
287 1483 358 1569 quia
372 1484 536 1570 cognoscit
551 1483 637 1570 quod
657 1483 780 1548 nullam
801 1491 921 1548 terram
942 1482 1041 1548 habet
1063 1483 1098 1548 in
1120 1484 1263 1550 manerio
1276 1487 1425 1583 §offissp‘ffip

155 1585 213 1650 illo
237 1594 276 1651 et
297 1587 380 1674 quod
403 1597 620 1652 antecessores
645 1588 696 1652 sui
722 1588 776 1652 uel
801 1588 871 1673 ipse
897 1609 1064 1672 nunquam
1090 1595 1262 1673 postquam
1276 1581 1424 1713 {mium

154 1697 370 1754 antecessores
384 1690 437 1754 sui
451 1691 630 1754 amiserunt
650 1690 801 1754 seisinam
821 1690 973 1754 clericum
993 1697 1264 1776 presentauemnt
1276 1674 1405 1760 difflue

156 1791 200 1855 ad
215 1793 378 1858 ecclesiam
393 1793 494 1868 illam,
510 1801 544 1858 et
559 1801 706 1878 preterea
720 1791 870 1858 dominus
885 1793 956 1856 Rex
975 1793 1063 1878 cepit
1082 1794 1263 1860 manerium
1285 1768 1403 1852 uindiii'

156 1895 242 1962 illud
268 1919 338 1962 cnm
367 1897 519 1962 omnibus
547 1895 755 1981 pertinenciis
785 1896 853 1960 suis
883 1903 918 1959 et
947 1895 1118 1962 aduocacio
1144 1905 1194 1962 est
1220 1895 1261 1962 de
1275 1863 1418 1992 {ffiiii‘

158 2001 369 2085 pertinenciis,
395 1998 644 2066 consideratum
674 2007 724 2064 est
753 1999 840 2084 quod
868 1998 968 2064 assisa
996 2021 1061 2063 non
1091 2000 1184 2076 iacet,
1210 2007 1261 2066 set
1275 1999 1375 2040 Μ·

159 2101 318 2187 perquirat
339 2101 445 2186 primo
467 2099 656 2176 manerium,
671 2107 706 2164 et
726 2109 841 2185 postea
861 2099 1110 2166 aduocacionem
1132 2109 1167 2166 et
1188 2100 1261 2168 ideo

159 2204 235 2270 inde
246 2205 311 2270 sine
325 2205 380 2269 die
395 2212 430 2270 et
445 2205 584 2269 Thomas
597 2204 633 2270 in
647 2204 868 2270 misericordia

68 2309 108 2366 '.
224 2306 337 2372 'Alicia
365 2306 554 2372 Hathemus
586 2307 774 2372 athachiata
809 2307 873 2372 fnit
910 2305 996 2394 quod
1033 2315 1118 2374 esset
1152 2330 1260 2374 coram
1314 2331 1383 2372 suns

160 2411 336 2477 iusticiariis
347 2420 408 2477 etc
424 2419 593 2476 ostensura
606 2433 705 2497 quare
720 2411 820 2476 traxit
835 2412 999 2498 Rogerum
1015 2411 1120 2476 filium
1133 2412 1207 2478 Ade
1225 2412 1260 2477 in

160 2516 308 2600 placitum
322 2517 358 2582 in
373 2516 464 2582 curia
478 2515 701 2581 cristianitatis
716 2514 756 2580 de
772 2515 852 2580 laico
868 2514 960 2582 feodo
974 2514 1077 2600 ipsius
1091 2515 1211 2602 Rogeri
1225 2516 1260 2582 in

159 2619 318 2686 wintonia
331 2628 446 2684 contra
459 2619 711 2704 prohibicionem
726 2627 786 2684 cto.

222 2722 262 2786 Et
280 2712 387 2787 Alicia
407 2721 501 2786 uenit
520 2729 555 2786 et
574 2721 727 2806 cognouit
745 2719 832 2806 quod
846 2721 947 2786 traxit
962 2743 1037 2786 eum
1053 2721 1087 2786 in
1102 2721 1258 2807 placitum

158 2823 197 2889 de
218 2825 277 2890 fide
297 2847 359 2890 sua
380 2825 456 2900 lesa,
474 2831 508 2888 et
528 2845 593 2888 non
612 2822 653 2888 de
673 2823 754 2888 laioo
769 2822 869 2899 feodo,
886 2830 920 2887 et
936 2822 1063 2908 quesita
1077 2822 1163 2888 unde
1179 2823 1258 2888 tides
1271 2817 1395 2952 Jffibugd

157 2929 212 2994 illa
231 2937 413 3006 emerserat,
435 2927 516 2992 dicit
539 2925 624 3012 quod
650 2934 886 3011 postmortem
912 2925 976 2990 uiri
1001 2925 1053 2990 sui
1075 2925 1258 2990 inuadiauit
1271 2915 1408 2998 stiffi&

157 3029 223 3116 11³⁸ss
245 3029 409 3116 qUffldflffl
436 3037 563 3114 partem
586 3027 672 3092 dotis
695 3050 753 3092 sue
779 3026 841 3112 ipsi
865 3027 992 3113 Rogero
1017 3027 1060 3092 ad
1081 3027 1257 3092 terminum
1271 3006 1419 3091 ttttttffl

158 3156 184 3198 r.
203 3155 360 3198 annornm
387 3140 422 3196 et
446 3131 533 3196 idem
557 3131 702 3218 Rogerus
726 3131 874 3196 affidauit
896 3131 982 3216 quod
1003 3132 1038 3196 in
1060 3131 1124 3196 fine
1146 3131 1257 3196 decem
1270 3099 1362 3138 mm

157 3256 308 3299 annomm
335 3233 485 3298 redderet
510 3233 542 3298 ei
568 3240 687 3297 terram
716 3233 814 3309 illam,
833 3232 838 3320 Ι
859 3233 976 3318 elapsis
1004 3241 1116 3298 antem
1145 3234 1257 3299 decem
1326 3243 1360 3294 [a]

158 3336 243 3401 mnis
264 3337 372 3400 noluit
394 3335 426 3400 ei
447 3333 580 3400 reddere
602 3342 722 3400 terram
744 3335 834 3400 illam
855 3335 940 3399 sicut
960 3335 1115 3413 affidauit,
1130 3345 1165 3400 et
1184 3335 1257 3402 ideo

157 3440 250 3504 traxit
272 3461 350 3504 eum
372 3439 407 3503 in
429 3439 586 3524 placitum
608 3438 649 3504 de
671 3439 791 3504 lesione
812 3439 896 3504 fidei
942 3439 1189 3506 Consideratum
1207 3449 1257 3506 est

156 3543 234 3630 quod
249 3543 399 3629 Rogems
413 3541 489 3607 inde
503 3543 572 3607 sine
588 3541 641 3606 die
656 3551 691 3608 et
704 3542 811 3608 Alicia
824 3541 1006 3608 arestetur⁸.

68 3643 104 3702 '·
211 3645 341 3710 ‘Assisa
364 3645 458 3710 uenit
480 3645 686 3732 recognitum
711 3645 783 3730 quis
806 3645 984 3710 aduocatos
1002 3653 1147 3730 tempore
1169 3645 1257 3730 pacis
1304 3657 1379 3698 fluet

154 3747 351 3832 presentauit
366 3747 518 3812 ultimam
537 3769 706 3832 personam
726 3769 789 3832 que
810 3755 939 3812 mortua
959 3755 1009 3812 est
1028 3747 1070 3812 ed
1090 3747 1256 3812 ecclesiam

153 3848 187 3913 dc
211 3849 388 3934 Wyletona
410 3871 473 3934 que
499 3856 596 3913 uacet
621 3847 713 3912 cuius
739 3847 986 3914 aduooecionem
1012 3848 1190 3914 Nicholaus
1215 3849 1256 3913 de

153 3952 312 4018 Wiletona
333 3953 453 4016 clamat
475 3974 589 4016 uersus
609 3952 751 4018 Priorem
772 3951 812 4016 de
833 3951 1068 4037 Rappendona⁶
1088 3953 1144 4038 qui
1164 3953 1256 4018 uenit

179 4079 269 4129 ¹1'hn
291 4094 352 4130 caso
375 4079 399 4129 is
421 4079 490 4130 cited
509 4079 543 4143 by
563 4080 677 4132 Bronton
728 4079 860 4132 disseised.

153 4145 168 4193 f.
178 4147 224 4194 243
236 4145 262 4202 b,
273 4145 332 4194 who
347 4146 465 4194 remarks
479 4145 538 4194 that
553 4145 598 4194 the
610 4145 676 4194 deci·
760 4145 771 4178 ²
787 4146 816 4196 h
831 4160 865 4196 m.
880 4145 938 4207 8d3
955 4145 985 4196 B.
999 4159 1035 4194 m.
1048 4147 1073 4197 7.

152 4210 202 4259 sion
230 4210 317 4259 would
338 4209 406 4264 have
427 4210 492 4260 been
513 4209 634 4260 different
655 4211 678 4260 n
759 4208 1012 4272 ⁸Nojndgmentin
1024 4211 1055 4261 B.

152 4273 258 4324 Thomas
272 4273 350 4326 could
366 4274 432 4324 have
447 4274 542 4338 proved
557 4275 616 4325 that
632 4275 676 4324 the
758 4275 770 4306 ⁴
785 4275 816 4324 Δ.
828 4289 862 4324 m
877 4278 893 4324 8
904 4275 935 4335 d;
953 4275 983 4324 B.
994 4289 1030 4323 m.
1042 4277 1066 4326 7.

151 4339 280 4388 mvnvson
303 4353 357 4390 was
379 4344 427 4390 not
449 4343 626 4402 appurtenant
648 4345 675 4388 to
759 4339 887 4402 “Bepton
903 4355 933 4389 or
946 4339 1114 4402 Repingdom
1132 4339 1256 4391 seeohar·

153 4404 187 4453 the
208 4419 302 4454 manor
324 4404 352 4453 of
374 4403 460 4454 which
482 4405 515 4453 he
537 4404 589 4454 had
612 4405 674 4454 been
727 4408 779 4454 ters
790 4403 818 4453 in
829 4404 942 4454 Monast.
955 4405 1005 4454 vol.
1017 4403 1051 4454 vi.
1062 4419 1088 4467 p.
1100 4406 1155 4455 4³0.
