3314 5238
505 419 642 478 nmmo,
665 417 728 468 nn.
756 405 849 480 1231,
871 419 933 470 ιιι
959 409 1007 470 15.
1241 407 1311 476 417*

194 593 305 659 uenit¹
328 603 364 659 et
386 594 520 682 quondo
542 597 625 662 latro
646 595 746 660 fuerit
767 595 815 662 ibi
835 595 1035 662 iudicandus.
1080 595 1131 662 De
1154 619 1209 662 sex
1231 596 1303 662 den.

192 697 276 762 dicit
304 697 390 784 quod
420 720 488 763 non
517 698 621 786 exigit
646 721 701 764 eos
726 698 853 766 racione
882 698 1021 785 predicti
1047 699 1228 766 tenementi
1254 709 1304 766 eet

193 809 284 866 terro
303 801 361 867 illo
381 801 466 868 nolet
488 801 625 890 singulis
646 803 740 868 annio
762 802 895 868 reddere
917 803 958 888 vj.
974 802 1046 869 den.
1068 802 1198 868 nomine
1221 802 1304 868 hun·

193 904 364 971 dredeseot
388 905 432 972 ad
458 906 586 971 firmam
615 907 708 974 Dom
736 907 844 995 Regis,
866 915 901 973 et
930 907 1024 974 Dom.
1047 907 1117 972 Rex
1147 905 1304 972 concessit

192 1008 226 1074 ei
255 1008 436 1096 predictam
466 1009 603 1087 fiimom,
631 1008 718 1074 unde
747 1018 782 1074 et
811 1032 851 1076 ee
878 1009 1006 1076 racione
1032 1010 1118 1096 petit
1142 1009 1304 1096 predictos

192 1112 344 1179 denarios
378 1121 413 1178 et
441 1136 508 1178 non
540 1113 605 1180 elio
638 1113 742 1194 modo,
772 1123 807 1180 ei
840 1115 924 1180 bene
958 1115 1039 1182 dicio
1073 1113 1160 1202 quod
1194 1113 1302 1201 ipsum

191 1217 379 1304 aquictebit
399 1217 441 1283 de
465 1217 527 1283 hoc
548 1240 626 1306 ergo
646 1217 741 1284 Dom.
760 1219 892 1306 Regem.
938 1219 982 1284 Et
1004 1219 1081 1306 quie
1102 1217 1224 1304 precise
1246 1217 1301 1284 de·

193 1320 302 1386 fendit
327 1321 413 1408 quod
439 1343 504 1387 non
529 1321 695 1410 distn'ngit
726 1345 801 1388 eum
827 1322 890 1386 nisi
915 1345 974 1409 pro
1002 1321 1188 1387 rocionobili
1213 1330 1303 1388 secte

191 1435 229 1491 et
251 1425 340 1512 qnod
360 1427 469 1513 ipsum
491 1448 556 1491 non
576 1425 722 1512 impedit,
739 1425 986 1492 consideratum
1008 1432 1059 1490 eet
1081 1424 1167 1511 quod
1188 1425 1301 1492 uadiet

191 1529 301 1618 legem
321 1552 356 1595 ee
377 1530 431 1617 xij.
453 1553 552 1596 manu
574 1538 609 1596 et
631 1529 744 1596 ueniet
765 1539 835 1608 etc,
849 1539 884 1594 et
907 1529 1020 1596 Simon
1042 1529 1157 1595 reddet
1178 1530 1210 1596 ei
1229 1551 1301 1616 pre·

190 1633 299 1700 dictos
319 1633 359 1720 vj.
375 1633 447 1700 den.
468 1634 497 1699 si
518 1633 587 1720 ipse
602 1655 678 1698 eum
698 1632 917 1720 oquietouerit
938 1655 1051 1698 uersus
1066 1633 1158 1698 Dom
1175 1633 1300 1722 Regem

192 1745 256 1804 etc

260 1841 354 1906 Dom.
370 1841 442 1907 Rex
457 1841 626 1908 mandauit
640 1841 826 1908 iueticieriis
840 1863 899 1928 per
912 1841 1012 1908 breue
1027 1865 1123 1908 suum
1138 1842 1225 1930 quod
1240 1843 1301 1910 Ele
1403 1853 1418 1888 ‘-

192 1945 371 2014 comitissa
389 1947 576 2012 Sernsbine
596 1947 705 2034 posuit
723 1948 792 2012 loco
805 1969 864 2012 suo
878 1969 985 2012 coram
1000 1969 1038 2012 eo
1052 1947 1094 2014 ed
1109 1947 1300 2014 lucrandum

190 2051 246 2117 uel
262 2051 464 2138 perdendum
478 2051 663 2117 ,Iohannem
678 2051 708 2116 le
720 2052 851 2138 Doneys
865 2059 900 2116 et
915 2051 1094 2116 Henricum
1110 2051 1150 2118 de
1165 2053 1300 2118 Alboni-

189 2177 250 2220 eco
264 2155 301 2220 in
316 2155 445 2241 loquele
458 2177 522 2242 quo
537 2163 588 2220 est
602 2177 707 2220 eorem
723 2154 770 2220 eis
784 2177 844 2241 per
859 2154 959 2220 breue
979 2176 1075 2220 suum
1096 2155 1182 2220 inter
1195 2155 1299 2242 ipsam

190 2257 402 2324 comitissam
423 2265 591 2344 petentem
611 2266 647 2324 et
666 2258 841 2344 Hugonem
857 2256 898 2322 de
913 2257 1061 2322 vallibus
1076 2265 1244 2324 tenentem
1259 2258 1300 2324 de

189 2383 220 2424 n
249 2359 304 2424 lio
331 2367 417 2425 terre
446 2383 520 2425 cum
550 2369 630 2446 perti
658 2360 693 2425 in
719 2358 918 2426 Knnefordie
946 2359 981 2424 in
1010 2381 1088 2424 com
1113 2359 1238 2426 Dorsen
1266 2369 1300 2426 et

190 2463 227 2528 in
254 2463 383 2550 loquela
409 2487 472 2551 quo
498 2473 548 2530 esi
574 2465 661 2530 inter
685 2465 789 2551 ipsam
817 2463 1023 2530 Comitissam
1053 2473 1087 2529 et
1116 2465 1299 2532 iohannem

191 2567 400 2632 Moutreuers
428 2567 470 2632 de
499 2567 647 2634 custodio
672 2576 755 2634 terre
781 2575 816 2634 et
842 2567 969 2632 heredis
995 2567 1139 2654 Philippi
1163 2567 1205 2634 de
1229 2569 1300 2654 Gay

190 2672 227 2738 in
242 2695 323 2738 com.
342 2672 434 2738 wilto
455 2681 515 2738 etc
538 2681 573 2738 et
594 2674 622 2738 si
643 2673 738 2738 ambo
759 2695 824 2738 non
846 2681 982 2759 poscunt
1003 2673 1095 2760 sequi
1117 2681 1196 2740 tunc
1217 2673 1301 2740 alter

190 2783 356 2862 sequetur.

129 2926 137 2939 .
259 2878 420 2944 Rodulfus
434 2877 476 2943 de
490 2878 644 2944 Pesehele
660 2878 753 2942 uenit
772 2901 878 2943 ocrem
899 2877 1084 2944 iusticiariis
1098 2886 1133 2944 et
1147 2879 1300 2966 cognouit
1379 2905 1393 2934 u

190 2991 316 3049 cartem
332 3006 424 3048 suem
440 2991 475 3048 et
489 2983 610 3048 donum
625 2982 711 3069 quod
726 2983 804 3048 fecii
818 2983 944 3068 Rogero
959 2983 990 3047 le
1002 2982 1107 3070 Bigod
1117 2991 1152 3048 et
1161 2983 1299 3049 Imbelle

191 3087 287 3152 uxori
309 3087 442 3153 eiusde
464 3088 607 3154 manciio
628 3087 670 3154 de
692 3087 828 3153 Penhnle
850 3111 926 3153 cum
951 3087 1101 3152 omnibus
1126 3096 1206 3174 pem
1232 3089 1299 3154 suis

190 3188 372 3256 secundum
386 3189 473 3276 quod
493 3189 528 3254 in
547 3197 637 3256 certo
657 3190 743 3255 inter
764 3213 819 3256 eos
840 3190 986 3256 confecto
1006 3189 1134 3276 plenius
1156 3189 1298 3256 continc-

190 3303 255 3360 tur.
301 3293 345 3358 Et
376 3315 475 3380 super
498 3293 559 3359 hoc
584 3294 677 3360 uenit
702 3293 865 3360 Hemicus
890 3294 977 3360 filius
998 3293 1141 3359 Aucheri
1163 3302 1198 3359 et
1219 3293 1299 3360 dicit

190 3397 280 3485 qnod
301 3397 403 3463 habet
424 3397 605 3463 manerium
626 3396 709 3462 illud
730 3397 773 3462 od
793 3397 920 3462 fiimem
941 3397 982 3462 de
999 3397 1144 3483 predicto
1159 3396 1299 3463 Rednlfo

188 3501 232 3568 od
252 3501 431 3567 terminum
454 3501 555 3566 trium
577 3523 735 3566 annorum
755 3509 790 3566 et
804 3500 877 3568 ideo
891 3499 1038 3566 dictum·
1052 3500 1083 3566 ei
1098 3500 1184 3587 quod
1198 3501 1242 3566 eit
1257 3501 1298 3567 de

188 3615 298 3672 cetero
319 3605 493 3672 intendens
513 3605 667 3692 predictis
689 3605 816 3692 Rogero
833 3611 868 3670 et
882 3603 1020 3670 Isobclle
1036 3613 1071 3670 et
1085 3605 1194 3672 saluus
1209 3607 1252 3672 sio
1267 3607 1298 3674 ei

188 3710 351 3776 terminus
365 3707 476 3775 suun'.
796 3725 801 3738 ·

68 3827 81 3842 ’
128 3873 136 3886 ,
254 3813 388 3878 ‘Abbne
399 3812 440 3878 de
452 3811 622 3900 Baideney
630 3833 689 3898 per
700 3819 902 3876 attornetum
914 3833 1010 3875 suum
1025 3811 1110 3897 petit
1125 3833 1183 3897 per
1196 3811 1295 3878 breue
1356 3823 1411 3862 Νη

188 3918 370 3984 diuisamm
391 3938 504 3982 uersus
523 3915 663 3982 Aliciom
684 3914 725 3980 de
741 3913 895 3980 Neouillc
908 3913 989 3980 duee
1003 3937 1063 3980 eor.
1080 3915 1207 3981 marisci
1221 3940 1295 3982 cum

188 4029 271 4108 pem
297 4019 334 4085 in
359 4019 501 4085 Buneth
531 4019 618 4085 unde
648 4018 832 4106 predictus⁶
861 4017 1008 4105 queritur
1036 4019 1123 4106 quod
1151 4020 1297 4106 predicte

223 4252 233 4285 ¹
249 4249 334 4301 Wh
353 4265 370 4304 e
389 4249 447 4301 writ
464 4249 493 4301 oi
508 4249 579 4314 right
597 4249 621 4300 is
640 4253 668 4302 to
686 4249 718 4298 be
768 4247 951 4301 hisnewlord.

190 4315 265 4368 tried.
801 4315 812 4348 ⁴
827 4315 895 4364 Fica.
910 4315 1029 4376 Vocem,
1043 4313 1100 4370 276.

223 4381 235 4412 ²
251 4380 350 4445 Supply
361 4388 405 4431 at.
801 4379 811 4413 ⁸
829 4378 927 4444 supply
937 4381 1029 4434 Abbac.

223 4446 305 4496 ⁸The
321 4445 458 4497 temonis
474 4443 536 4496 thoe
555 4443 672 4496 ottomcd
691 4447 719 4494 to
