3260 5218
402 447 724 508 monastiriale.
750 435 842 507 1219,
865 447 927 495 aa.
951 434 1044 495 3-4.
1236 431 1278 494 63

163 618 281 683 annuis
294 627 332 683 et
347 619 439 704 quod
453 619 598 684 talliauit
618 641 693 683 eum
714 617 974 700 mensurabiliter
993 615 1121 703 quando
1137 615 1278 680 telliauit
1290 631 1443 765 pfflffip'

165 717 244 780 alios
257 717 412 782 homines
427 739 509 794 suos,
525 727 559 781 et
574 717 660 802 quod
681 739 746 780 non
765 716 874 802 potuit
894 716 995 780 filiam
1015 738 1108 780 suem
1127 714 1278 780 maritare
1291 710 1418 821 mlle„

166 821 235 886 sine
251 821 390 886 licencia
405 821 529 886 domini
543 821 601 885 sui
1291 821 1403 861 mentum.

232 920 343 985 'Idem
360 929 395 985 et
410 943 469 1006 per
483 920 597 984 cadem
612 918 712 984 uerba
726 918 895 982 inuenitur
914 918 948 982 in
963 918 1069 982 rotulo
1089 917 1220 981 Ricardi
1238 917 1278 981 de

167 1022 303 1086 Heriet⁸
318 1031 354 1087 et
377 1045 443 1086 non
457 1023 539 1107 plus
585 1021 629 1086 Et
643 1021 721 1106 quia
734 1021 937 1084 recordatum
952 1030 1002 1084 est
1017 1021 1103 1106 quod
1118 1021 1225 1085 iurata
1239 1043 1278 1084 ex

167 1147 326 1190 consensu
349 1126 496 1211 parcium
518 1124 605 1188 inter
626 1146 680 1188 eos
701 1133 797 1209 capta
819 1123 882 1187 fuit
904 1123 988 1188 sicut
1014 1123 1196 1208 predictum
1220 1131 1278 1199 est,

168 1227 422 1293 Consideratum
434 1237 484 1292 est
498 1227 585 1313 quod
600 1235 686 1290 terra
700 1227 757 1291 illa
771 1235 821 1290 est
837 1226 1037 1312 uilenaginm
1052 1226 1153 1310 ipsius
1165 1226 1278 1312 Hugo-

167 1332 243 1408 nis⁴‚
258 1342 294 1396 et
308 1333 398 1418 quod
412 1333 440 1396 si
455 1332 617 1399 Martinus
631 1331 772 1396 uoluerit
785 1339 904 1395 terram
917 1339 1027 1394 tenere
1039 1330 1136 1394 faciat
1147 1352 1278 1394 consue·

167 1436 317 1501 tudines³
332 1459 414 1522 quas
427 1445 522 1522 pater
536 1458 613 1500 suus
628 1435 713 1512 lecit,
728 1434 778 1499 sin
793 1435 924 1498 autcm⁰
938 1433 1044 1518 capiet
1056 1441 1175 1497 terram
1187 1455 1279 1497 suam

167 1538 203 1602 in
218 1561 356 1602 manum
371 1561 472 1614 suam,
488 1547 522 1602 et
536 1535 639 1622 quod⁷
654 1559 719 1602 non
734 1535 954 1622 recuperauit⁸
968 1557 1043 1600 eum
1057 1535 1099 1600 ad
1114 1536 1278 1600 willanum

167 1645 203 1701 et
218 1636 294 1701 ideo
309 1637 344 1700 in
360 1635 583 1700 misericordia
599 1637 623 1700 J
624 1636 686 1700 0la⁹
953 1709 956 1716 ,

235 1738 258 1770 ¹⁰
264 1738 415 1823 [llatillis
426 1760 490 1823 que
502 1737 566 1802 fuit
580 1759 661 1802 uxor
675 1737 810 1801 Roberti
824 1737 951 1801 comitis
966 1737 1006 1801 dc
1019 1737 1179 1801 Moullent
1194 1737 1278 1823 petit

167 1841 297 1925 uersus]
314 1841 497 1906 Waltcrum
513 1840 626 1905 Mar’.¹¹
646 1841 703 1926 qui
725 1841 809 1905 infra
828 1850 950 1906 etatem
972 1849 1021 1906 est
1039 1842 1219 1906 manerium
1237 1842 1278 1906 dc

168 1943 387 2010 Sturminstm
403 1965 478 2007 cum
498 1942 707 2028 pertinenciis
722 1951 761 2006 ut
780 1943 890 2008 dotem
910 1965 1002 2008 suam
1023 1951 1082 2008 etc.
1099 1944 1185 2008 unde
1207 1966 1279 2028 prc-

166 2043 278 2108 dictus
293 2042 457 2106 Robertus
470 2064 543 2106 eam
558 2041 685 2105 dotauit
700 2049 758 2106 etc
775 2043 853 2127 quia
867 2042 935 2127 ipsc
947 2043 1075 2106 dotauit
1090 2065 1161 2106 eam
1177 2043 1278 2106 nomi·

167 2141 276 2206 natim
296 2141 337 2205 de
352 2141 497 2205 manerio
515 2141 571 2204 illo
591 2140 619 2203 si
639 2140 799 2204 sufficeret
818 2140 860 2205 ad
880 2141 1014 2205 terciam
1034 2149 1161 2226 partem
1176 2141 1279 2205 tocius

166 2251 255 2306 terre
270 2249 330 2306 etc
347 2249 382 2305 et
396 2241 473 2305 inde
487 2239 636 2326 producit
650 2249 771 2305 sectam
786 2264 849 2326 quc
864 2241 924 2306 hoc
940 2249 1086 2306 testatur.
1109 2239 1114 2327 Ι

235 2341 281 2404 Et
296 2340 462 2405 Walterns
476 2339 570 2403 uenit
585 2347 618 2403 et
633 2361 698 2403 non
713 2340 786 2403 uult
801 2340 833 2404 ei
846 2340 1037 2426 respondere
1052 2339 1121 2404 sine
1136 2349 1279 2406 waranto

166 2467 228 2510 suo
242 2445 284 2510 de
299 2444 376 2509 dote
391 2467 451 2509 sua
464 2443 527 2508 nisi
542 2444 631 2508 curia
644 2444 902 2510 considerauerit.

234 2548 280 2612 Et
295 2547 433 2612 Matillis
448 2547 527 2611 dicit
542 2547 628 2632 quod
643 2546 735 2612 heres
750 2547 872 2612 domini
884 2548 935 2612 sui
950 2557 984 2612 et
999 2557 1160 2613 warantus
1175 2547 1280 2612 suus¹²

165 2655 218 2710 est
233 2646 268 2709 in
284 2645 508 2710 transmarinis
522 2645 669 2731 partibus
684 2635 719 2709 in
733 2653 895 2731 potestate
907 2647 1007 2733 Regis
1018 2647 1152 2712 Francie
1164 2655 1198 2712 et
1213 2670 1278 2711 non

164 2756 276 2835 potest
292 2771 368 2812 eum
383 2748 511 2812 hebere.

232 2853 278 2916 Et
293 2852 461 2918 Walterus
473 2851 559 2938 petit
578 2851 736 2916 iudicium
756 2852 784 2916 si
804 2851 921 2917 debeat
942 2851 973 2916 ei
994 2853 1185 2938 respondere
1208 2852 1277 2917 sinc
1291 2867 1412 2915 Noecuod

1289 2913 1333 2952 alne
1341 2917 1434 2954 waranto

1288 2961 1314 3000 dc
1322 2961 1370 3000 dota
1377 2972 1421 3001 aua

199 3029 343 3078 1n01e0f
357 3028 635 3090 thisimportantcaae
647 3029 700 3078 will
780 3029 912 3095 ’Herpet
927 3031 957 3080 B.
991 3031 1276 3094 Herietwasajusticc

166 3094 200 3144 be
215 3095 298 3144 found
312 3095 402 3154 below,
415 3095 463 3144 No.
476 3096 517 3144 88.
550 3095 576 3144 lt
592 3095 615 3143 ia
631 3095 700 3146 cited
747 3096 819 3158 early
830 3097 858 3145 in
869 3097 962 3146 John's
973 3097 1053 3158 reign.

167 3159 202 3220 by
219 3159 335 3209 Bracton
354 3160 373 3207 f.
392 3159 472 3210 lech.
508 3158 619 3208 Observe
640 3159 699 3209 that
780 3161 942 3220 Uolumnia,
954 3163 984 3218 A,
997 3162 1027 3222 B,
1042 3161 1094 3211 and
1105 3161 1211 3224 rightly.

167 3224 214 3273 the
225 3223 316 3273 record
327 3223 377 3272 has
385 3223 497 3284 nothing
508 3239 537 3273 aa
545 3230 574 3274 to
583 3225 699 3273 Martin's
781 3225 791 3256 ⁶
807 3228 916 3276 canicie
928 3231 975 3275 not
986 3228 1182 3286 ennoematicae,
1194 3227 1225 3276 Β.

167 3303 253 3351 power
263 3290 292 3339 ol
307 3288 423 3350 quitting
434 3288 478 3338 the
488 3289 559 3348 lond,
573 3289 624 3338 and
635 3289 699 3338 then
780 3289 791 3322 ⁶
807 3293 942 3352 Jchcariea
956 3291 979 3340 B
991 3291 1113 3354 supplies.

166 3368 290 3416 compare
301 3353 365 3402 with
376 3352 421 3403 the
436 3353 565 3415 marginal
580 3357 641 3403 note
654 3353 700 3404 the
780 3356 791 3388 ⁷
806 3358 943 3416 Johcnnee,
956 3357 977 3404 B
991 3356 1114 3420 supplies.

168 3419 302 3479 following
323 3417 407 3467 words
427 3419 456 3466 of
475 3419 588 3468 Bronton
597 3418 699 3469 :—item
780 3419 792 3453 ⁸
808 3423 928 3480 conticit,
941 3419 971 3478 A,
983 3422 1014 3470 B.

167 3482 311 3545 essequod
327 3485 474 3545 opponatur
488 3483 568 3532 libcro
585 3483 700 3545 exceptio
780 3485 865 3534 woh.
892 3485 975 3534 added
1003 3485 1145 3548 ecemingly
1171 3485 1206 3549 by
1230 3487 1275 3536 the

167 3547 309 3610 uillenagii,
335 3548 398 3610 quia
423 3551 494 3597 tenet
521 3563 566 3610 pcr
593 3548 700 3598 seruitia
747 3553 894 3600 annotator.
938 3550 1007 3600 Both
1030 3551 1092 3600 rolla
1113 3551 1178 3601 add:
1212 3553 1274 3601 Dies

167 3613 343 3668 nilleaa‚non
351 3611 699 3675 nocebiteiexceptioquan·
747 3616 822 3664 datm
844 3622 880 3663 ert
902 3617 938 3665 eie
960 3631 977 3664 c
998 3617 1039 3664 die
1061 3617 1152 3664 Poect.
1176 3619 1204 3664 in
1226 3625 1275 3665 tres

167 3681 226 3728 tum
241 3677 275 3727 ad
292 3681 392 3726 etatum
405 3676 507 3726 nocebit
519 3679 607 3726 tamen
619 3693 699 3738 qnan-
747 3681 844 3742 septim.
866 3687 896 3728 ut
919 3687 977 3730 tunc
994 3681 1119 3743 producat
1147 3683 1275 3730 Martiana

167 3749 226 3794 tam
238 3741 272 3792 ad
286 3745 466 3792 tenementum
482 3743 699 3805 recuperandum
744 3746 920 3806 protectorem
936 3759 1007 3793 raom
1022 3747 1229 3807 adprobandum
1245 3748 1274 3794 ti·

167 3821 224 3856 ncn
234 3811 365 3868 qnantum
376 3805 410 3855 ad
425 3810 523 3856 statum
535 3809 596 3870 quia
606 3810 701 3869 poterit
748 3809 866 3857 certatam
876 3825 948 3858 raam
958 3812 982 3858 si
995 3811 1105 3859 calcem
1121 3817 1145 3858 et
1160 3812 1275 3858 Johaoni

168 3875 313 3935 relinquere
342 3873 509 3933 aillenopicm
534 3879 559 3920 et
585 3879 615 3921 at
637 3874 700 3922 liter
747 3875 782 3922 ad
799 3875 955 3935 probandam
977 3877 1134 3936 nileoaptum
1154 3889 1226 3924 raum
1251 3877 1275 3924 si

168 3939 239 3986 torm
254 3937 377 3994 recedere,
394 3942 424 3986 ut
441 3935 472 3985 de
487 3939 563 3985 term.
581 3935 607 3986 Β.
620 3935 699 3986 Mich.
747 3939 864 3987 cornero.

167 4017 224 4052 a.r.
233 4017 254 4052 r.
265 4001 301 4050 Η.
314 4003 342 4050 3⁰
353 4001 430 4062 incip.
439 4001 584 4050 4⁰incom.
597 4002 699 4051 sussex.
780 4001 802 4033 1⁰
818 4003 848 4051 A.
866 4017 901 4051 m.
920 4003 968 4061 le;
1001 4003 1032 4051 Β.
1056 4019 1090 4054 m.
1118 4005 1147 4053 1³
1157 4003 1183 4053 d.
1218 4003 1274 4054 The

167 4067 199 4116 de
214 4067 340 4116 Jchannc
354 4065 389 4115 de
400 4067 489 4115 Monte
500 4067 583 4114 Acnto
594 4069 620 4115 et
632 4067 699 4115 Mar·
747 4067 830 4116 words
835 4067 925 4116 within
932 4070 952 4130 []
960 4067 1027 4117 have
1035 4067 1098 4117 beon
1108 4067 1275 4132 deliberately

168 4132 270 4181 tinode
285 4133 465 4182 Bestenouere.
502 4130 596 4179 Traces
613 4130 701 4180 ottho
747 4131 837 4181 erased
851 4131 879 4180 in
891 4132 937 4182 the
948 4138 1008 4182 note
1020 4133 1086 4182 book
1097 4133 1149 4182 and
1159 4148 1203 4183 are
1215 4148 1274 4196 sup-

166 4197 298 4258 litigaticn
326 4196 355 4244 in
381 4195 474 4245 John's
496 4195 568 4257 reign
590 4195 642 4244 will
669 4195 700 4245 be
747 4196 1033 4258 pliedlromtherolls.

166 4262 249 4311 found
263 4263 294 4310 ia
308 4261 403 4310 Plocit.
421 4262 537 4318 Attrev„
555 4274 599 4322 pp.
616 4261 656 4320 25,
668 4262 700 4311 29
781 4261 800 4292 ¹¹
820 4263 954 4311 walterum
964 4264 1052 4326 filiam
1069 4263 1187 4312 Willelmi
1206 4265 1275 4312 Mor·

167 4325 220 4376 and
230 4328 290 4376 Rot.
304 4327 366 4374 Car.
378 4327 450 4388 Rea„
463 4325 515 4374 vol.
527 4324 555 4373 ii.
567 4340 592 4386 p.
607 4326 665 4374 192.
747 4327 840 4384 ieccllr',
854 4327 886 4375 B.

198 4389 347 4468 ’Imboth
369 4390 433 4440 tolle
454 4389 526 4439 what
549 4389 648 4440 lollowa
676 4389 699 4439 ie
782 4391 1036 4453 12ιΙεάοιιιεηα,Β;
1059 4393 1206 4449 dedolat.
