3360 5236
348 438 410 503 536
592 391 594 396 ⁵
650 453 787 516 inim,
810 451 874 505 11).
900 443 1079 520 113111.
1105 445 1155 510 16.

346 620 451 687 eidem
482 621 544 690 W.¹
575 645 633 710 per
661 646 741 710 quau
770 625 945 711 particulos
974 627 1156 715 assignauit
1186 627 1351 694 Willelmo
1387 627 1462 694 tilio·

347 726 467 814 Rogeri
496 727 539 792 xl.
567 749 629 794 aer.
659 735 694 794 et
724 728 804 795 duas
833 739 943 816 partes
972 731 1132 818 mesuagii
1161 739 1196 796 et
1224 755 1300 801 cum
1337 732 1458 818 quihus

346 829 555 917 pertinenciis
584 839 619 897 et
648 832 728 919 quid
757 833 923 899 residuum
954 842 1101 901 remanet
1131 835 1296 901 Willelmo
1325 835 1458 921 Fairfay

346 941 458 1020 aperte
474 943 509 999 et
526 935 686 1001 distincte.

412 1038 596 1104 Willelmus
633 1040 750 1104 Rusael
787 1039 994 1106 athachiatus
1031 1042 1095 1106 fuit
1124 1041 1166 1106 nd
1195 1041 1457 1128 respondendum

251 1168 265 1197 u
281 1187 286 1198 -
347 1142 489 1208 Radulfo
503 1143 544 1209 de
560 1143 714 1209 Pesehale
730 1167 829 1231 quare
845 1167 910 1210 non
921 1145 999 1210 facit
1012 1146 1042 1210 ei
1054 1146 1305 1212 consuetudines
1319 1155 1354 1210 et
1367 1153 1463 1210 recta·

346 1246 483 1312 seruicia
511 1246 552 1312 de
582 1255 770 1312 tenemento
800 1248 886 1334 quod
916 1248 957 1314 de
987 1271 1025 1314 eo
1062 1257 1155 1315 tenet
1191 1250 1226 1314 in
1262 1250 1457 1315 Tudenham

346 1350 536 1445 Flaifcrdia¹
556 1351 662 1416 Pania
676 1351 975 1439 Waderingfeuldia
993 1360 1027 1417 et
1042 1353 1250 1418 Thichihrom
1266 1354 1352 1418 unde
1370 1354 1458 1439 petit

347 1454 434 1540 quod
463 1453 561 1520 faciat
585 1454 616 1519 ei
642 1453 682 1519 de
709 1455 854 1542 predicto
878 1456 1083 1520 tenemento⁸
1107 1456 1190 1521 feod'
1212 1457 1246 1543 ij.
1268 1457 1413 1522 militum
1431 1457 1458 1543 j.

348 1557 452 1643 quart'
471 1557 586 1623 minus

411 1663 456 1726 Et
467 1663 652 1728 Willelmus
661 1663 754 1727 uenit
765 1669 799 1727 et
811 1661 892 1727 dicit
902 1669 937 1728 et
945 1661 1029 1728 bene
1041 1664 1204 1751 cognoscit
1213 1665 1300 1751 quod
1315 1664 1414 1730 debet
1426 1665 1459 1730 ei

346 1766 387 1832 de
399 1775 587 1833 tenemento
597 1767 631 1830 in
644 1766 806 1832 Farnham
816 1789 890 1831 cum
900 1766 1054 1854 predictis
1063 1769 1260 1834 tenementis
1275 1769 1458 1856 predictum
1560 1843 1563 1846 ,

346 1870 520 1936 seruicium
535 1877 585 1935 set
600 1869 681 1935 dicit
695 1869 782 1956 quod
794 1878 943 1936 tenentes
954 1871 1006 1936 sui
1017 1871 1058 1936 de
1070 1872 1262 1937 Tudenham
1275 1873 1460 1958 Playfordia

345 1980 380 2040 et
395 1974 436 2040 de
450 1973 758 2060 Waderingefeudia
774 1974 898 2039 faciunt
913 1975 1114 2060 quarterium
1134 1998 1193 2062 pro
1210 2000 1251 2042 eo
1266 1977 1384 2064 etipse
1400 2001 1461 2064 per

346 2100 480 2142 manum
495 2100 588 2143 suam
603 2076 711 2142 reddit
726 2077 899 2142 seruioium
916 2079 1002 2144 feodi
1019 2080 1043 2166 j.
1065 2079 1181 2145 militis
1200 2089 1235 2145 et
1255 2081 1331 2146 dim.
1355 2089 1389 2145 et
1411 2081 1459 2146 sio

327 2203 473 2268 ¹semper
490 2181 625 2247 reddere
642 2181 821 2246 consueuit.
868 2183 912 2246 Et
934 2181 1007 2247 ideo
1030 2183 1279 2250 Consideratum
1302 2185 1459 2271 estquod

345 2285 506 2351 Radulius
521 2285 728 2371 recuperauit
743 2285 893 2350 saisinam
908 2308 1002 2350 suam
1013 2286 1053 2352 de
1069 2287 1224 2374 predictis
1238 2288 1390 2354 seruiciis.

410 2391 455 2454 Et
469 2412 566 2476 super
580 2390 641 2454 hcc
657 2389 749 2454 uenit
764 2389 910 2476 Rogerus
925 2390 956 2454 le
972 2389 1071 2476 Bigot
1086 2399 1121 2454 et
1136 2391 1277 2457 Isnbella
1290 2414 1371 2456 uxor
1385 2391 1458 2456 eius

344 2516 403 2580 per
425 2483 628 2558 attornatum
655 2515 752 2558 suum
779 2493 898 2580 quibus
921 2495 1104 2579 predictum
1135 2495 1310 2560 seruicium
1339 2496 1457 2561 datum

344 2597 408 2662 fuit
422 2619 497 2662 cum
513 2597 657 2662 manerio
672 2595 713 2662 de
728 2597 882 2662 Pesehale
898 2606 933 2662 et
948 2607 1068 2684 petunt
1083 2599 1257 2664 seruicium
1273 2599 1458 2685 predictum

344 2701 385 2766 de
408 2701 521 2766 eodem
539 2701 712 2765 Willelmo.
758 2700 801 2765 Et
823 2701 1009 2767 Willelmus
1030 2702 1124 2767 uenit
1146 2712 1181 2767 et
1203 2703 1286 2768 bene
1309 2704 1459 2768 concedit

344 2805 467 2870 eisdem
481 2805 655 2870 seruicium
669 2803 891 2890 recipiendum
906 2805 991 2870 sicut
1011 2804 1176 2892 predictus
1199 2806 1360 2872 Radulfus
1374 2807 1459 2872 illud

344 2909 509 2996 percipere
531 2908 701 2974 consueuit
723 2907 788 2972 scil.
812 2906 894 2972 feod'
911 2908 937 2993 j.
958 2909 1074 2974 militis
1096 2918 1131 2975 et
1150 2911 1228 2976 dim.
1248 2934 1308 2998 per
1321 2933 1457 2976 manum

344 3013 447 3100 ipsius
462 3012 619 3078 willelmi
633 3019 668 3076 ct
683 3011 883 3098 quarterium
904 3012 1026 3078 faciant
1048 3013 1195 3079 homines
1215 3015 1269 3080 sui
1288 3015 1393 3080 Alano
1415 3016 1457 3082 de

344 3116 546 3182 Witherdaie
569 3116 701 3202 capitali
721 3116 851 3181 domino
871 3117 957 3182 feodi
975 3140 1034 3203 pro
1056 3118 1170 3184 eodem
1193 3119 1320 3206 Rogero
1342 3129 1376 3184 et
1398 3142 1458 3206 pru

347 3221 398 3286 se‘
412 3245 477 3286 non
492 3220 730 3307 distringantur
744 3220 908 3285 occasione
923 3221 1062 3306 predicti
1077 3221 1206 3308 Rogeri.

411 3326 455 3390 Et
481 3325 627 3412 Rogerus
654 3332 688 3388 et
714 3323 855 3389 Isabelta
880 3347 939 3410 per
960 3333 1164 3390 attumatum
1188 3326 1291 3412 ipsius
1317 3327 1457 3392 Isabelle

345 3428 485 3492 ueniunt
514 3437 549 3493 et
577 3429 660 3493 bene
685 3427 866 3492 concedunt
892 3427 979 3513 quod
1008 3429 1148 3515 predicti
1176 3429 1325 3498 homines
1354 3431 1459 3517 ipsius

346 3531 503 3596 Willelmi
524 3532 645 3597 faciant
666 3531 840 3596 seruitium
865 3531 1047 3617 predictum
1077 3534 1280 3620 quarterium
1309 3535 1458 3621 predicto

346 3636 452 3700 Alauo
467 3643 501 3700 et
521 3634 696 3700 heredibus
715 3634 782 3700 suis
805 3657 862 3720 pro
880 3635 1034 3719 predictis
1056 3637 1184 3724 Rogero
1205 3647 1241 3703 et
1263 3639 1404 3703 Isabella
1423 3649 1459 3704 et

346 3737 520 3804 heredibus
540 3760 651 3803 eorum
670 3737 718 3802 ite
740 3745 851 3802 tamen
871 3737 958 3822 quod
979 3737 1066 3804 idern
1090 3739 1237 3827 Rogatus
1259 3749 1295 3814 et
1317 3742 1459 3808 Isehella

213 3837 216 3844 '
345 3842 500 3929 colligant
529 3841 670 3927 primum
700 3841 883 3928 scutagium
912 3863 971 3926 per
992 3865 1126 3908 manum
1148 3867 1240 3909 suam
1263 3853 1298 3910 et
1320 3847 1459 3914 reddant

345 3945 427 4010 illud
441 3944 586 4030 predicto
601 3944 706 4009 Alano
722 3951 756 4008 et
771 3965 829 4029 pro
843 3942 962 4008 saisina
976 3967 1036 4010 sua
1050 3945 1208 4026 habenda,
1224 3957 1259 4014 et
1270 3949 1457 4018 Willelmus
1566 3991 1569 3996 ,

346 4049 522 4114 similiter⁶.

378 4226 520 4276 ¹William
533 4225 647 4276 oiYork.
957 4227 1124 4280 'Elaborate
1138 4229 1360 4284 subinfendation.
1396 4233 1456 4284 Gen

377 4292 389 4324 ²
404 4293 430 4342 It
446 4291 540 4341 should
556 4291 587 4340 be
604 4291 734 4352 PlaJIord
748 4289 833 4340 which
849 4291 873 4341 is
924 4293 982 4342 tuin
999 4295 1109 4344 homines
1124 4295 1188 4346 hold
1203 4298 1233 4346 of
1253 4298 1379 4357 William,
1397 4299 1456 4350 who

345 4371 409 4408 near
420 4356 592 4408 Tuddenham
604 4355 656 4405 und
668 4355 861 4420 Wadringfield.
923 4358 1000 4408 holds
1022 4361 1051 4408 of
1072 4361 1157 4423 Roget
1178 4361 1232 4412 and
1254 4363 1374 4423 Isabella,
1396 4364 1457 4415 who

377 4423 388 4454 ³
405 4423 504 4485 Supply
514 4423 656 4474 seruitium.
923 4423 986 4474 hold
997 4424 1026 4474 of
1034 4425 1109 4477 Alam

377 4487 388 4522 ⁴
405 4487 503 4552 Supply
514 4495 538 4536 et
551 4485 590 4552 (1).
