3260 5218
333 493 461 544 muner
482 493 557 542 sun
580 491 717 554 unsrun,
738 489 802 544 nn.
828 480 922 558 1220,
945 493 1008 544 nn.
1031 483 1060 544 1.
1204 481 1244 545 91

168 669 245 734 misit
257 667 293 734 nd
309 667 481 732 terminum
500 665 542 731 de
562 667 733 732 uoluntate
753 689 813 731 sus
832 675 890 732 etc
907 675 942 732 et
961 675 1108 753 preterea
1130 665 1246 734 Comes

166 769 356 837 Gloucestrie¹
369 793 501 856 presens
515 777 566 834 est
581 779 615 834 et
629 770 709 834 dicit
723 769 810 856 quod
824 769 923 835 nichil
943 771 1004 835 scit
1025 771 1052 836 si
1073 771 1184 836 Abbcs
1204 771 1245 837 de

165 897 202 939 eo
215 882 310 938 tenent
323 894 380 938 nec
394 895 446 950 ne,
461 879 496 938 et
512 872 719 937 Mer-escnllus
733 879 854 937 sectam
870 872 1083 938 sufficientem
1097 873 1246 960 producit

166 976 239 1063 quod
255 983 335 1041 terre
353 975 411 1039 ille
430 983 480 1039 est
494 973 535 1039 de
550 974 725 1040 elemosina
737 974 861 1040 domini
875 975 983 1062 Regis,
999 975 1245 1042 Consideretum

166 1079 296 1166 estquod
311 1079 479 1144 Fulhesius
492 1077 686 1164 respondeat
700 1077 743 1143 ed
757 1079 864 1144 breue.

222 1183 259 1248 Et
281 1183 448 1247 Felhesius
473 1203 532 1268 per
556 1189 737 1247 attornetos
762 1205 836 1248 suos
858 1183 950 1248 uenit
972 1191 1006 1248 et
1027 1183 1173 1249 defendit
1194 1185 1246 1250 ius

164 1307 245 1350 suum
266 1293 299 1350 et
322 1283 504 1370 ingressum
526 1282 610 1348 sicut
633 1283 701 1370 ipse
724 1283 812 1361 dicit,
827 1291 877 1348 set
900 1307 1015 1350 uerum
1038 1287 1112 1350 uult
1132 1285 1246 1363 dicere,

164 1387 283 1474 contigit
302 1386 389 1474 quod
409 1385 590 1451 manerium
610 1385 692 1451 illud
714 1386 778 1450 fuit
798 1387 976 1452 Beldewini
990 1387 1030 1452 de
1046 1387 1196 1453 Bethune
1211 1397 1247 1454 et

163 1499 261 1576 postes
286 1490 432 1556 eiusdem
462 1489 620 1556 Willelmi
648 1489 838 1568 Meresculli,
867 1498 918 1554 set
946 1489 1109 1556 occasione
1145 1491 1246 1576 ipsius

163 1595 322 1660 Bnldeuini
351 1595 392 1660 de
421 1594 585 1658 Bethume
611 1593 792 1658 manerium
817 1593 900 1658 illud
928 1601 1041 1680 postea
1069 1593 1183 1660 incidit
1211 1595 1247 1660 in

163 1723 278 1765 manum
301 1699 425 1764 domini
447 1699 549 1786 Regis
570 1698 601 1764 J.
624 1699 681 1785 qui
702 1697 784 1764 illud
807 1697 912 1764 eidem
935 1697 1085 1764 Felkesio
1106 1698 1148 1764 ed
1170 1721 1246 1765 eum

161 1803 398 1890 promouendum
418 1803 510 1868 dedit
529 1803 614 1868 sicut
632 1803 709 1867 dare
727 1803 837 1888 potuit
854 1824 893 1867 eo
907 1809 1060 1889 tempore,
1075 1803 1197 1868 scilicet
1211 1803 1247 1869 in

160 1929 267 1993 guerre
310 1906 428 1972 Postea
450 1927 529 1971 uero
550 1905 679 1992 quando
702 1927 766 1991 pax
789 1905 877 1970 fecte
895 1904 959 1970 fuit
978 1905 1065 1970 inter
1078 1905 1246 1972 dominum

159 2013 269 2100 Regem
290 2019 325 2078 et
350 2013 492 2076 Berones
517 2033 591 2076 suos
613 2009 720 2076 noluit
742 2009 829 2075 idem
853 2009 1022 2076 Fslkesius
1044 2032 1113 2076 esse
1135 2019 1247 2077 contre

159 2141 348 2184 communem
376 2139 498 2204 pacem,
528 2125 579 2181 set
607 2117 747 2181 libenter
774 2114 916 2180 reddidit
948 2115 1128 2180 manerium
1164 2114 1246 2180 illud

158 2221 250 2286 eidem
265 2221 386 2288 Comiti
400 2243 439 2285 eo
453 2219 539 2305 quod
555 2219 619 2284 fuit
633 2219 669 2283 in
683 2218 801 2283 seisine
813 2217 849 2282 in
863 2217 959 2283 inicio
969 2239 1093 2304 guerre.
1131 2217 1247 2283 Postea

157 2347 225 2390 uem
250 2325 373 2412 placuit
403 2324 508 2390 eidem
539 2323 660 2390 comiti
689 2322 740 2388 sui
774 2321 882 2410 gracie
914 2343 1103 2408 promouere
1139 2322 1246 2408 ipsum

159 2427 330 2493 Fnlhesium
345 2436 380 2494 et
397 2425 554 2492 concessit
572 2434 608 2491 et
627 2425 769 2491 reddidit
788 2425 871 2490 illud
892 2425 998 2490 eidem
1018 2425 1166 2491 Felkesio
1189 2449 1247 2512 per

157 2539 267 2596 cartem
301 2553 395 2596 sunm
431 2553 529 2616 quam
553 2530 675 2615 profert
704 2529 739 2594 in
768 2527 828 2592 hec
857 2529 966 2607 uerba,
996 2528 1155 2594 Omnibus
1184 2538 1246 2595 etc.

157 2632 327 2698 Willelmus
351 2632 440 2697 filius
461 2631 618 2698 Willelmi
639 2631 819 2696 Merescslli
841 2631 989 2709 sulutem,
1011 2631 1152 2696 Nouerit
1172 2631 1245 2696 uni-

157 2737 279 2800 uersitas
292 2743 404 2800 uestra
418 2757 470 2800 me
485 2733 709 2822 reddidisseet
724 2733 764 2799 de
782 2755 835 2798 me
856 2742 891 2799 et
910 2734 951 2799 de
971 2733 1143 2799 heredibus
1165 2735 1246 2799 meis

157 2832 186 2898 in
206 2843 399 2920 perpetuum
428 2833 577 2920 quietum
605 2833 769 2912 clamasse,
794 2833 942 2899 Felkesio
970 2834 1011 2898 de
1041 2835 1181 2899 Breente
1211 2841 1247 2900 et

157 2935 313 3002 heredibus
328 2937 396 3001 suis
410 2944 517 3001 totum
532 2936 711 3001 manerium
725 2935 766 3001 de
783 2936 924 3002 Liutone
942 2960 1017 3001 cum
1037 2937 1247 3022 pertinenciis

158 3049 186 3102 et
198 3049 298 3105 toturn
314 3039 366 3104 ius
382 3038 468 3125 quod
481 3039 517 3103 in
531 3040 644 3104 eodem
658 3040 801 3105 menen'o
820 3039 921 3105 hebui
935 3039 989 3104 uel
1009 3038 1128 3105 hebere
1147 3039 1247 3106 debui

158 3143 231 3227 quod
244 3151 284 3208 ut
297 3151 408 3208 retum
423 3143 467 3208 sit
482 3141 559 3208 etc²
572 3165 669 3229 super
683 3151 791 3209 testes

211 3247 302 3312 Idem
311 3247 495 3312 Willelmus
505 3269 564 3333 per
574 3247 687 3312 eedem
698 3247 799 3312 uerba
809 3253 843 3313 et
854 3246 966 3312 eodem
977 3247 1072 3314 modo
1083 3271 1147 3335 quo
1157 3249 1247 3335 prius
1324 3277 1350 3309 ω

159 3351 682 3434 petituersuseundeanikcsium
692 3350 1247 3418 menerisdeBraburnedeKemes·

159 3449 208 3536 by³
220 3461 253 3518 et
267 3451 309 3517 de
326 3453 469 3517 Suttona
482 3475 556 3518 cum
570 3453 777 3538 pertinenciis
791 3461 829 3517 ut
844 3453 895 3518 ius
909 3477 1005 3519 suum
1020 3454 1104 3520 sicut
1118 3457 1214 3542 prius.

211 3555 253 3620 Et
265 3555 435 3620 Falkesius
448 3577 506 3640 per
520 3563 720 3620 attornatum
740 3578 835 3620 suum
854 3555 935 3621 dicit
954 3558 1041 3643 quod
1062 3581 1127 3623 non
1148 3559 1247 3626 debet

157 3656 260 3723 adhoc
275 3659 376 3723 breue
391 3657 591 3743 respondere,
605 3657 683 3743 quie
697 3658 812 3724 Petrus
832 3658 873 3722 de
893 3659 971 3724 Alto
992 3661 1092 3726 Bosoo
1112 3668 1204 3727 tenet
1220 3662 1246 3748 j.

157 3771 326 3828 carucatam
353 3771 438 3827 terre
468 3785 542 3827 cum
570 3761 778 3848 pertinenciis
802 3763 837 3827 in
863 3764 1005 3850 Beytorp
1035 3787 1098 3851 que
1127 3773 1177 3830 cst
1206 3766 1247 3832 de

158 3866 352 3948 pertinenciis
375 3865 416 3931 de
439 3865 580 3932 Suttonu
610 3875 645 3932 et
672 3873 820 3952 preterea
848 3867 994 3955 Rogerus
1018 3867 1058 3934 de
1083 3869 1114 3935 S.
1139 3870 1248 3936 Marco

157 3977 236 4036 tenet
251 3995 280 4036 x.
298 3969 473 4036 marcatcs⁴
488 3975 572 4035 terre
587 3971 621 4035 in
637 3971 779 4036 Suttons
793 3970 850 4057 qui
864 3994 930 4036 non
944 3980 1059 4038 tenent
1073 3973 1113 4038 de
1129 3996 1167 4038 eo
1187 3997 1247 4040 nec

158 4071 185 4136 in
205 4075 337 4140 seruicio
361 4095 421 4139 nec
443 4073 477 4137 in
499 4073 658 4139 dominico
681 4083 716 4138 et
738 4073 811 4139 ideo
834 4096 900 4139 non
919 4076 993 4141 uult
1013 4076 1055 4141 ed
1074 4077 1133 4141 hoc
1148 4076 1247 4142 breue

158 4177 335 4262 respondere
351 4175 414 4241 nisi
429 4177 519 4241 curia
532 4175 788 4242 considerauerit.
811 4173 818 4277 1

184 4371 303 4422 1Ο1111ιτ1
314 4373 437 4422 (1.1Ο1010
725 4371 816 4424 asisin.

185 4435 1013 4505 101111011001111]ονιί001000’001011001Οο111111ι10

159 4500 202 4550 end
221 4503 307 4553 lcrstte
330 4503 360 4553 01
385 4505 443 4553 tt
427 4517 508 4565 rney
530 4507 557 4552 1ο
581 4503 675 4554 deliver
759 4504 871 4554 ‘march
