3276 5234
361 449 425 513 230
534 445 673 530 [Hilary
695 442 761 508 aad
782 443 909 520 Ecstor,
931 455 996 506 an.
1020 443 1114 518 1228,
1137 456 1200 506 as.
1225 443 1289 526 12]

362 633 630 700 Cantnariensem
645 629 950 717 Archiepiscopum¹
973 651 1070 716 super
1091 630 1285 715 quibusdam
1308 632 1468 697 libertati-

362 740 432 816 bus,
454 738 608 803 uidelicet
629 737 670 802 de
693 737 812 800 iudicio
833 745 868 799 et
890 735 1021 800 iusticia
1040 735 1196 800 faciendis
1219 735 1259 800 de
1281 735 1468 801 hominibus

363 843 449 907 feodi
477 842 579 928 ipsius
608 840 851 925 Archiepiscopi
879 840 1013 904 rectatis
1047 847 1082 903 et
1111 839 1279 904 indictatis
1310 839 1350 904 de
1385 861 1467 924 pace

364 947 456 1010 Dom.
480 944 579 1031 Regis
601 943 746 1019 infracta,
768 943 865 1006 etde
889 941 1155 1006 attachiamentis
1177 941 1331 1006 faciendis
1353 942 1402 1006 et*
1424 941 1469 1008 de

363 1050 485 1114 eisdem
501 1049 695 1125 hominibus,
710 1057 745 1111 11
760 1047 799 1112 de
815 1047 962 1111 custodia
975 1055 1010 1110 et
1025 1046 1275 1111 incarceratione
1290 1046 1469 1111 eorundem

364 1153 532 1218 hominum
548 1161 583 1216 et
603 1152 643 1216 dc
668 1150 791 1215 catallis
812 1149 1025 1235 fugitiuorum
1047 1159 1082 1212 et
1104 1149 1144 1213 de
1168 1149 1294 1214 seisinis
1312 1149 1470 1214 faciendis

364 1257 415 1321 de
435 1257 528 1321 terris
557 1256 755 1342 recuperatis
784 1255 819 1318 in
847 1253 937 1317 curia
966 1253 1058 1317 Dom.
1091 1254 1200 1340 Regis,
1229 1263 1265 1319 11
1293 1254 1333 1319 de
1363 1255 1470 1320 bobus

364 1360 529 1438 habendis,
550 1368 588 1424 111
603 1382 714 1424 omnes
737 1359 864 1422 malicie
889 1367 923 1422 et
946 1358 1169 1422 contentiones
1183 1365 1412 1422 amonerentur
1430 1367 1470 1422 11

364 1465 461 1550 plena
490 1486 553 1548 pax
583 1463 746 1527 intereos
770 1462 964 1538 firmaretur,
990 1461 1082 1526 Dom.
1110 1463 1182 1527 Rex
1208 1462 1250 1526 ad
1275 1461 1470 1526 instanciam

364 1578 398 1631 et
420 1567 613 1652 peticionem
631 1575 820 1654 magnatum
836 1587 968 1630 suorum
984 1575 1018 1629 et
1033 1588 1091 1650 pro
1109 1567 1216 1630 salute
1236 1566 1344 1630 anime
1359 1589 1416 1630 sue
1431 1575 1470 1630 et

363 1671 544 1734 enimenim
581 1681 827 1734 antecessorum
856 1691 987 1734 suorum
1017 1678 1052 1733 et
1083 1692 1300 1734 successorum
1335 1691 1469 1733 suorum

364 1777 527 1852 concessit,
551 1777 637 1862 quod
667 1799 741 1840 cum
765 1775 882 1860 aliquis
904 1773 945 1838 de
975 1775 1068 1838 feodo
1098 1776 1200 1860 ipsius
1224 1774 1470 1860 Archiepiscopi

364 1887 507 1944 rectatus
537 1879 634 1943 fuerit
658 1879 712 1944 uel
738 1879 916 1942 indictatus
941 1878 982 1942 de
1008 1879 1117 1964 aliquo
1144 1878 1229 1964 quod
1253 1878 1295 1942 ad
1318 1901 1469 1942 coronam

203 1984 344 2078 {Miffiffl
366 1981 457 2045 Dom.
489 1981 588 2066 Regis
618 1981 789 2065 pertineat,
819 1981 947 2065 loquela
975 1981 1070 2045 illa
1061 2004 1096 2044 m
1125 1981 1215 2045 curia
1243 1981 1336 2046 Dom.
1367 1981 1470 2068 Regis

201 2079 324 2164 3¹¹(
272 2082 333 2134 ¹¹¹¹·¹¹'²
364 2107 424 2170 per
451 2084 678 2169 inquisiciones
701 2093 735 2146 et
761 2083 824 2147 alio
848 2085 942 2148 modo
965 2085 1061 2170 plene
1091 2085 1270 2150 deducetur
1298 2085 1470 2171 usquead

201 2135 330 2306 ttgdtitbu
332 2181 530 2266 miudicium,
546 2199 579 2253 11
566 2198 673 2252 1111110
688 2188 729 2252 ad
744 2187 989 2305 requisicionem
1005 2190 1224 2254 balliuorum'
1215 2189 1316 2276 rpsius
1331 2189 1469 2254 Archie-

365 2292 496 2378 piscopi,
519 2293 594 2358 mitt
596 2301 670 2370 etur
692 2293 851 2378 loquela'
842 2315 877 2356 1n
899 2293 1022 2356 curiam
1045 2293 1190 2357 eiusdem
1217 2292 1470 2378 Archiepiscopi,

365 2405 404 2460 ut
418 2396 465 2459 ibi
480 2397 684 2481 presentibus
699 2397 853 2461 duobus
844 2405 911 2460 rust
912 2397 1030 2460 iciariis
1048 2397 1139 2462 Dom.
1159 2395 1267 2482 Regis,
1283 2396 1337 2460 uel
1353 2397 1470 2474 tribua,

364 2502 520 2566 iudicium
546 2511 581 2566 ot
610 2502 740 2566 iusticia
765 2501 812 2565 ibi
836 2501 917 2566 fiant
943 2503 1012 2567 siue
1038 2503 1133 2566 homo
1156 2501 1211 2567 ille
1241 2502 1471 2566 deliberandus

364 2605 434 2669 siue
450 2605 682 2690 dampnandus.
728 2605 859 2669 Habeat
880 2605 981 2669 eciam
997 2606 1267 2692 Archiepiscopus
1286 2608 1467 2672 custodiam

364 2719 398 2774 st
413 2709 697 2773 incarcerationem
711 2709 827 2773 talium
849 2710 1026 2774 hominum.
1071 2710 1239 2775 Concessit
1259 2711 1360 2776 etiam
1381 2712 1469 2797 quod

364 2813 483 2876 habeat
505 2813 624 2878 catalla
645 2813 813 2878 hominum
837 2815 1051 2901 fugitiuorum
1074 2815 1115 2879 de
1135 2815 1228 2879 feodo
1250 2837 1308 2879 suo
1325 2825 1360 2880 et
1382 2816 1470 2902 quod

363 2939 421 3002 par
442 2917 578 2982 balliuos
600 2917 701 3001 ipsius
716 2919 959 3004 Archiepiscopi
981 2919 1063 2983 fiant
1085 2919 1201 2984 seisino
1225 2920 1265 2984 de
1286 2919 1380 2984 terris
1402 2942 1468 3005 que

364 3029 441 3084 sunt
466 3020 506 3084 de
533 3021 624 3085 feodo
654 3045 712 3086 suo
741 3024 937 3108 recuperatis
967 3024 1001 3087 in
1030 3025 1120 3088 curia
1143 3025 1235 3088 Dom.
1261 3025 1370 3112 Regis,
1395 3024 1467 3088 siue

364 3146 422 3208 per
457 3124 598 3202 assisam,
627 3126 696 3189 siue
728 3126 790 3189 alio
827 3126 929 3190 modo.
976 3127 1019 3190 Et
1049 3127 1317 3213 Archiepiscopus
1347 3127 1468 3191 habeat

364 3227 478 3290 boues⁸
492 3228 655 3292 occasione
671 3229 845 3293 earundem
866 3230 1057 3294 saisinarum
1080 3231 1250 3296 habendes.
1296 3230 1466 3295 Attachia·

364 3339 475 3394 menta
504 3331 605 3395 eciam
637 3332 783 3396 facienda
819 3333 860 3396 de
890 3334 1075 3398 hominibus
1111 3335 1196 3398 feodi
1225 3333 1468 3419 Archiepiscopi

363 3437 444 3499 fiant
470 3458 491 3500 a
518 3436 648 3500 balliuis
677 3438 778 3522 ipsius
802 3438 1044 3524 Archiepiscopi
1075 3461 1132 3524 per
1161 3439 1269 3504 uisum
1294 3438 1466 3504 seruientia

364 3540 456 3605 Dom.
473 3541 581 3626 Regis,
597 3549 654 3605 etc.

307 3703 314 3717 ,
429 3645 610 3731 Phillippus
633 3647 719 3732 Gery
741 3648 840 3732 peciit
861 3671 967 3712 coram
991 3649 1032 3712 Μ.
1057 3648 1098 3712 de
1122 3649 1293 3712 Patesholl'
1317 3657 1352 3712 ct
1373 3647 1466 3711 sociis

265 3753 270 3762 '
286 3763 297 3792 ⁰
363 3748 430 3812 suis
444 3748 629 3813 iusticiariis
644 3750 760 3813 ultimo
778 3749 1008 3816 itinerantibus
1023 3761 1104 3837 aput
1120 3750 1336 3816 Lincolniam‘
1351 3772 1465 3814 uersus

363 3853 556 3939 Magistrum
579 3854 753 3919 Ricardum
777 3855 806 3918 lc
830 3854 934 3918 Grant
961 3855 1198 3921 Cancellarium
1225 3854 1406 3920 Lincolnie⁶
1432 3852 1464 3939 ij.

393 4023 889 4085 181111111111111111011.Η11111116
940 4026 1067 4088 shillings.
1096 4024 1466 4090 Generallytbisgoeatotbe

361 4089 889 4150 11111228.101110101101111111
941 4093 1037 4142 sherifl

360 4153 463 4214 drspute
475 4157 623 4203 1111111011
635 4158 785 4220 ofDurutu
786 4159 816 4214 le,
828 4157 888 4206 ad.
972 4157 1054 4206 ⁴The
1066 4173 1124 4219 cyra
1136 4157 1165 4206 01
1181 4157 1253 4206 1226.
1288 4155 1466 4206 Seetbewrit

362 4221 434 4266 1228.
462 4173 888 4284 Langtonofferedtheking3000
939 4222 1465 4283 0111111101111111101.ΟΙ.1101.2.0.

360 4284 448 4332 marks
460 4285 500 4332 for
511 4284 564 4332 this
575 4285 735 4334 concession.
940 4289 997 4336 151.

393 4349 404 4379 ²
420 4349 478 4397 Om.
490 4357 523 4397 et.
970 4352 1065 4402 ⁶Who
1077 4353 1215 4403 succeeded
1226 4352 1347 4416 Laugton
1358 4366 1388 4401 111
1398 4350 1464 4413 Abp.

393 4413 468 4462 ³Sec
495 4414 667 4464 Β1.1.187.
702 4416 724 4464 b
750 4417 886 4468 convictod
937 4419 1146 4480 otcantertmy.

360 4478 482 4532 disseisor
500 4479 549 4530 bas
567 4483 593 4528 10
613 4494 666 4544 pap
683 4495 718 4534 an
737 4497 770 4532 ox
788 4499 817 4532 or
836 4485 886 4533 five
