3276 5234
348 443 412 506 204
653 451 788 512 merra,
810 449 876 500 sn.
900 433 993 512 1227,
1015 449 1079 499 au.
1104 437 1153 498 11.

346 624 529 690 nominatos
544 623 578 688 in
597 631 687 688 carta
706 643 804 708 quam
825 620 984 686 Osbertus
1003 618 1044 684 de
1064 617 1212 683 Abbetot
1233 615 1370 702 protulit
1393 614 1456 680 sub

347 727 478 792 nomine
502 725 676 814 Reginaldi
699 725 740 790 de
765 725 889 789 Breusa
917 723 958 788 de
987 721 1132 786 manerio
1160 721 1201 786 de
1231 721 1354 786 Russoc
1382 741 1457 784 oum

347 829 556 918 pertinenciis
589 828 676 916 quod
706 826 870 893 Galfridus
900 827 1055 910 Esturmy
1084 825 1206 889 clamat
1236 845 1295 910 per
1323 821 1457 888 assisam

348 933 461 996 mortis
475 930 684 996 antecessoris
701 951 814 994 uersus
834 928 974 993 eundem
999 927 1185 1003 Osbertum,
1200 935 1234 990 et
1258 925 1345 990 unde
1369 923 1456 988 idem

349 1036 506 1101 Osbertus
529 1043 625 1099 uocat
648 1033 788 1098 eundem
818 1032 1038 1118 Reginaldum
1063 1031 1106 1096 ad
1135 1039 1316 1095 warantum
1345 1051 1459 1093 uersus

348 1137 487 1202 eundem
500 1137 681 1202 Galfridum
696 1143 755 1201 etc.
766 1135 808 1200 ad
819 1134 1111 1222 recognoscendum
1123 1133 1151 1198 si
1161 1133 1248 1198 idem
1259 1131 1459 1219 Reginaldus

348 1240 440 1306 dedit
463 1239 647 1304 Alexandro
671 1239 763 1304 fiatri
786 1237 888 1324 ipsius
918 1237 1049 1303 Osberti
1073 1237 1166 1302 ouius
1190 1237 1283 1301 heres
1312 1237 1381 1322 ipse
1406 1243 1458 1300 est

348 1344 531 1430 predictum
561 1343 742 1408 manerium
771 1367 846 1408 cum
876 1341 1093 1428 pertinenciis,
1124 1341 1312 1406 habendum
1344 1349 1378 1406 et
1408 1348 1458 1405 te·

348 1450 493 1515 nendum
508 1449 614 1515 eidem
629 1448 813 1514 Alexandro
833 1456 867 1514 et
887 1447 1060 1513 heredibus
1081 1447 1149 1512 suis
1171 1446 1349 1512 secundum
1373 1444 1460 1532 quod

349 1553 535 1618 continetur
555 1552 590 1618 in
612 1561 701 1616 carta
722 1551 779 1616 illa
800 1573 898 1637 quam
920 1551 1007 1615 idem
1032 1550 1190 1615 Osbertus
1212 1549 1343 1635 profert,
1365 1555 1400 1613 et
1429 1547 1459 1612 si

349 1657 438 1722 idem
461 1655 661 1743 Reginaldus
684 1664 806 1720 cartam
830 1654 920 1718 illam
943 1655 975 1719 ei
995 1653 1072 1718 fecit
1096 1654 1150 1718 uel
1174 1677 1247 1730 non,
1262 1653 1350 1718 unde
1370 1651 1459 1716 idem

350 1753 550 1847 Reginaldus
584 1757 669 1822 dixit
703 1757 789 1844 quod
827 1779 941 1822 reuera
975 1756 1109 1821 dederat
1139 1757 1245 1822 eidem
1274 1755 1460 1820 Alexandro

351 1862 531 1926 manerium
561 1861 643 1926 illud
672 1861 850 1926 tenendum
881 1869 951 1924 tota
980 1861 1052 1926 uite
1080 1860 1182 1946 ipsius
1213 1859 1391 1924 Alexandri
1425 1867 1461 1924 et

351 1965 524 2030 heredibus
546 1964 613 2028 suis
631 1963 659 2028 si
678 1986 758 2050 quos
778 1963 913 2027 haberet
933 1963 974 2028 de
994 1986 1093 2028 uxore
1115 1963 1178 2028 sibi
1194 1962 1410 2048 desponsata¹,
1426 1970 1463 2026 et

350 2069 440 2134 ,unde
455 2076 545 2134 carta
559 2067 616 2132 illa
630 2067 778 2153 deposita
791 2066 855 2130 fuit
871 2066 905 2130 in
920 2066 1072 2130 thesauro
1087 2073 1168 2152 aput
1184 2065 1417 2142 Herefordiam‚
1426 2074 1463 2130 et

353 2195 416 2260 que
431 2181 544 2258 postea
560 2179 688 2236 ostensa
702 2171 766 2236 fuit
780 2193 887 2236 coram
902 2171 1088 2235 iusticiariis
1102 2193 1161 2255 per
1175 2170 1451 2235 summonitorem.

418 2276 462 2340 Et
474 2275 529 2340 isti
541 2283 642 2339 testes
652 2273 775 2338 scilicet
787 2273 926 2338 Thomas
938 2273 1078 2338 decanus
1090 2272 1289 2351 Herefordie‚
1299 2272 1463 2338 Henricus

354 2379 394 2445 de
416 2377 608 2464 Penbrigge,
629 2377 729 2465 Hugo
749 2378 790 2443 de
811 2378 958 2455 Fraxino,
974 2378 1142 2442 Walterus
1160 2377 1200 2442 de
1222 2378 1412 2455 Bestfordia,
1427 2385 1464 2444 et

353 2490 501 2569 preterea,
529 2481 693 2546 Walterus
723 2481 763 2545 de
792 2481 1042 2566 Tuaberlruupre,
1073 2481 1256 2546 Willelmus
1282 2480 1322 2544 de
1343 2480 1464 2546 Pokin·

355 2595 440 2664 tona,
463 2585 602 2650 Thomas
631 2583 671 2648 de
702 2583 811 2661 Bosc0,
834 2584 996 2648 Henricur
1022 2583 1062 2648 de
1093 2585 1300 2672 Sutingtona‚
1322 2585 1397 2650 Ado
1422 2585 1464 2650 de

267 2727 281 2752 t·
355 2689 610 2763 Trocmaretona,
631 2686 635 2772 Ι
654 2687 760 2773 Wydo
789 2687 829 2750 de
859 2687 1022 2764 Nentona,
1052 2687 1192 2753 Thomas
1227 2689 1267 2753 de
1298 2688 1464 2766 Cerhulla‚

355 2793 540 2857 Willelmus
557 2790 598 2856 de
617 2791 756 2868 Ledena,
770 2791 938 2856 Johannes
959 2791 1000 2856 de
1021 2791 1166 2856 Piritona
1185 2793 1401 2878 recognitores
1422 2793 1466 2858 ad

356 2897 416 2962 hoc
431 2895 620 2961 summoniti
634 2895 731 2960 simul
746 2918 820 2960 eum
836 2896 976 2961 testibus
990 2896 1104 2960 dicunt
1119 2919 1216 2982 super
1226 2905 1466 2961 sacramentum

356 3025 461 3080 suum,
485 3001 607 3066 scilicet
637 3000 775 3086 predicti
804 3009 905 3065 testes
934 3001 1048 3065 dicunt
1077 3001 1199 3087 precise
1228 3023 1287 3086 per
1315 3023 1349 3065 se
1379 2999 1466 3086 quod

356 3109 574 3172 interfuerunt
589 3105 647 3170 ubi
661 3106 861 3192 Reginaldus
876 3105 953 3170 fecit
967 3105 1106 3192 primam
1121 3105 1260 3171 cartem²
1274 3115 1309 3172 et
1323 3107 1467 3194 primum

357 3213 479 3276 donum
499 3210 585 3297 quod
607 3209 673 3274 tale
696 3211 768 3287 fuit,
783 3209 870 3296 quod
892 3209 979 3275 idem
1000 3209 1186 3276 Alexander
1205 3220 1240 3276 et
1261 3211 1395 3278 heredes
1415 3213 1468 3277 sui

359 3337 440 3401 quos
465 3314 600 3379 haberet
626 3313 666 3377 de
690 3337 789 3378 uxore
815 3314 878 3379 sibi
898 3314 1099 3400 desponsata,
1118 3324 1153 3380 et
1175 3316 1235 3381 tali
1258 3317 1353 3381 modo
1375 3317 1469 3382 dedit

357 3420 479 3484 donum
500 3417 591 3494 illud,
606 3426 640 3482 et
660 3417 720 3482 hoc
741 3417 824 3483 bene
848 3418 955 3482 sciunt
977 3427 1028 3484 set
1050 3417 1091 3484 de
1113 3419 1178 3484 alia
1199 3419 1304 3485 carta⁸
1326 3427 1361 3484 et
1383 3420 1468 3486 dono

359 3521 458 3587 nichil
473 3521 587 3596 sciunt,
602 3519 724 3585 scilicet
739 3520 779 3585 de
795 3520 878 3584 dono
900 3520 1049 3586 secundo.

425 3623 468 3687 Et
482 3622 619 3708 predicti
634 3621 848 3708 recognitores
863 3621 986 3700 dicunt,
1001 3622 1088 3709 quod
1107 3645 1166 3688 neo
1181 3623 1222 3688 de
1242 3623 1384 3688 secunde
1407 3647 1468 3689 nec

358 3725 399 3790 de
423 3725 528 3812 prima
550 3723 666 3789 nichil⁴
691 3724 807 3801 sciunt,
831 3733 882 3790 set
905 3725 989 3790 bene
1011 3725 1166 3790 uidenmt
1188 3725 1274 3811 quod
1303 3726 1470 3812 predictus

358 3828 558 3916 Regineldus
572 3827 659 3913 cepit
674 3827 862 3914 homagium
882 3827 984 3914 ipsius
999 3828 1176 3893 Alexandri
1196 3828 1231 3893 in
1252 3829 1347 3914 pleno
1370 3830 1469 3895 comi-

359 3943 432 3999 tatu
447 3933 488 3997 de
503 3931 616 3996 eadem
631 3939 718 3996 terra
735 3940 769 3995 et
789 3954 865 3997 eum
886 3931 920 3996 in
940 3932 1090 3998 seisinam
1112 3933 1222 4019 posuit
1244 3955 1303 3998 neo
1325 3933 1469 4019 aliquam

360 4044 481 4102 cartam
497 4035 651 4099 uiderunt
666 4057 726 4099 nec
740 4035 946 4099 audiuerunt.

426 4141 470 4206 Et
499 4139 576 4227 quia
599 4147 700 4204 testes
723 4139 823 4204 nichil
847 4139 955 4205 sciunt
978 4139 1019 4204 de
1045 4147 1135 4204 carta
1156 4139 1214 4205 illa
1235 4139 1384 4218 secunde,
1407 4163 1468 4206 nec

393 4337 402 4369 ¹
420 4337 531 4388 Observe
541 4335 586 4386 the
597 4335 747 4404 limitation.
969 4337 980 4370 ³
996 4336 1051 4387 The
1062 4335 1127 4387 daed
1138 4337 1269 4400 produced
1279 4337 1314 4400 by
1326 4337 1430 4388 Osbert.

361 4403 408 4521 [Θὲ
420 4403 474 4454 'I'he
484 4401 549 4453 dead
559 4401 674 4464 creating
690 4418 706 4454 a
723 4401 884 4454 conditional
970 4402 981 4436 ⁴
998 4403 1101 4466 aliquid
1111 4407 1158 4454 not
1168 4405 1260 4462 nictit,
1272 4403 1303 4454 B.
