3276 5234
350 443 412 510 196
651 457 787 518 sssrnn,
810 457 874 506 no.
900 441 992 518 1227,
1014 457 1078 507 aa
1103 447 1152 507 ll.

348 631 473 696 essonia
490 627 956 696 secundumconsuetudinem
977 636 1012 693 et
1033 629 1138 714 legem
1159 637 1244 693 terre
1265 629 1351 694 lacta
1370 629 1457 694 sieut

347 735 475 821 plenius
485 734 672 799 continetur
682 733 717 796 in
728 733 857 797 recordo
869 732 962 796 uenit
977 732 1161 797 Willelmus
1173 733 1260 798 filius
1275 733 1406 798 Ricardi
1421 742 1457 796 et

348 839 445 925 petiit
459 861 573 903 uersus
587 837 770 923 predictum
786 836 967 900 Robertum
982 837 1023 900 lx.
1039 859 1128 901 aeras
1148 843 1233 900 terre
1256 859 1330 901 cum
1353 837 1455 922 perti-

347 941 471 1006 nenciis
485 941 519 1005 in
535 941 717 1025 Wymbisse
732 947 772 1003 ut
786 939 838 1004 ius
853 947 912 1004 etc.
928 939 969 1004 de
985 939 1103 1025 quibus
1125 940 1288 1004 Robertus
1309 963 1455 1006 auuncu-

348 1043 399 1107 lus
413 1066 491 1107 suus
506 1043 570 1108 fuit
585 1042 715 1106 seisitus
730 1041 765 1105 in
780 1039 941 1105 dominico
961 1048 1020 1104 etc.
1044 1049 1189 1126 tempore
1212 1042 1254 1106 Η
1278 1041 1377 1128 Regis
1399 1042 1455 1105 aui

347 1143 470 1208 domini
485 1143 587 1230 Regis
599 1143 731 1228 capiens
745 1141 821 1207 inde
837 1149 897 1206 eta
918 1150 957 1206 ut
979 1141 1014 1206 in
1034 1140 1139 1206 bladis
1160 1150 1196 1206 et
1217 1143 1290 1207 aliis
1311 1143 1454 1207 exitibus

347 1247 388 1311 ad
410 1247 590 1311 ualenciam
613 1269 641 1310 x.
665 1246 719 1310 sol.
743 1253 778 1310 et
803 1245 943 1330 amplius
969 1253 1114 1330 tempore
1144 1245 1232 1330 pacis
1263 1254 1297 1310 et
1326 1245 1367 1310 de
1397 1246 1454 1310 illo

346 1351 489 1415 Roberto
509 1349 624 1414 debuit
646 1349 698 1413 ius
720 1349 802 1413 illud
820 1348 1014 1414 descendere
1037 1349 1175 1414 Ricardo
1196 1350 1280 1414 siout
1304 1349 1395 1414 fratri
1417 1357 1454 1414 et

347 1439 460 1519 heredi
482 1453 636 1540 proximo,
658 1453 736 1539 quia
757 1453 797 1517 de
820 1453 890 1538 ipso
912 1455 1039 1518 nullum
1055 1453 1172 1518 habuit
1186 1454 1347 1531 heredem,
1362 1463 1396 1518 et
1411 1454 1453 1519 de

346 1557 459 1621 eodem
469 1555 607 1621 Ricardo
619 1555 733 1620 debuit
744 1555 796 1619 ius
807 1555 889 1620 illud
908 1555 912 1642 Ι
932 1555 1125 1620 descendere
1135 1556 1279 1642 predicto
1288 1557 1453 1622 Willelmo

348 1669 515 1747 tamquam
531 1661 598 1725 filio
613 1669 648 1724 et
662 1659 808 1746 proximo
823 1660 935 1725 heredi
950 1661 1094 1726 eiusdem
1115 1662 1255 1740 Ricardi,
1276 1671 1311 1727 et
1330 1663 1372 1728 ad
1392 1664 1452 1728 hoe

344 1764 495 1850 producit
510 1771 632 1828 sectam
647 1763 869 1828 sufficientem
916 1763 959 1826 Et
975 1763 1136 1828 Robertus
1151 1766 1244 1829 uenit
1259 1774 1293 1830 et
1304 1765 1452 1832 defendit

344 1867 397 1933 ius
419 1867 521 1954 ipsius
542 1865 715 1932 Willelmi¹
737 1873 772 1930 et
794 1865 874 1930 dicit
896 1866 983 1951 quod
1005 1889 1069 1930 non
1091 1867 1190 1932 debet
1212 1868 1243 1932 ei
1258 1871 1451 1956 respondere

344 1970 421 2057 quia
449 1971 549 2034 habet
578 1971 712 2034 fratrem
741 1969 996 2054 primogenitum
1031 1969 1154 2034 scilicet
1184 1970 1386 2037 Willelmum
1420 1974 1451 2038 le

342 2075 376 2140 N
377 2075 457 2140 euu’
472 2075 528 2161 qui
544 2075 648 2139 maius
662 2073 714 2138 ius
728 2073 826 2138 debet
841 2073 960 2137 habere
975 2072 1010 2136 in
1028 2081 1216 2139 tenemento
1237 2075 1302 2152 illo,
1320 2076 1349 2141 si
1368 2077 1452 2142 alter

342 2199 453 2242 eorum
490 2177 614 2263 aliquid
650 2175 730 2240 iuris
763 2176 898 2240 baberet
927 2175 962 2239 in
991 2175 1135 2261 predicto
1165 2185 1360 2243 tenemento
1405 2179 1450 2244 Et

341 2283 525 2348 Willelmus
540 2281 619 2346 dicit
635 2279 720 2367 quod
735 2279 899 2366 predictus
914 2279 1097 2344 Willelmus
1112 2302 1210 2365 quem
1225 2280 1305 2345 dicit
1316 2282 1450 2348 fratrem

342 2386 454 2451 suum⁸
468 2409 534 2450 non
549 2386 612 2450 luit
627 2394 724 2450 natus
739 2385 779 2449 de
795 2383 942 2470 legitimo
957 2384 1163 2449 matrimonio
1178 2395 1229 2450 set
1248 2386 1289 2452 de
1310 2387 1450 2473 quadam

342 2489 570 2566 fornicatoria⁴‚
585 2489 671 2553 unde
692 2487 821 2574 publice
836 2487 1005 2552 conuictus
1027 2487 1090 2552 fuit
1112 2496 1185 2573 post
1207 2489 1450 2555 matrimonium

340 2603 542 2659 contractum
576 2594 663 2658 inter
697 2593 805 2678 ipsum
842 2591 1020 2656 Ricardum
1058 2601 1092 2657 et
1129 2602 1267 2658 matrem
1305 2595 1449 2660 eiusdem

340 2697 498 2762 Willelmi
516 2697 577 2761 filii
600 2697 738 2772 Ricardi,
759 2704 793 2761 et
814 2695 854 2760 de
875 2696 935 2760 hoc
956 2695 1050 2781 ponit
1070 2719 1104 2760 se
1124 2719 1222 2782 super
1243 2699 1392 2784 patriam,
1414 2708 1450 2765 et

341 2801 427 2888 quod
441 2801 529 2866 idem
544 2801 728 2866 Willelmus
742 2800 793 2864 ius
813 2800 933 2864 habeat
953 2800 989 2864 in
1009 2800 1156 2886 predicta
1175 2811 1262 2867 terra
1281 2811 1449 2889 tamquam

341 2905 428 2969 filius
451 2913 486 2969 et
510 2905 602 2969 heres
626 2904 792 2990 proximus
815 2912 960 2989 apparet,
984 2903 1062 2989 quia
1085 2904 1215 2968 seisitus
1240 2914 1289 2970 est
1313 2906 1353 2970 de
1378 2915 1450 2973 tota

341 3017 428 3074 terra
450 3009 491 3075 de
515 3033 580 3097 qua
603 3009 761 3074 Ricardus
784 3017 878 3095 pater
901 3031 979 3073 suus
1003 3007 1084 3072 obiit
1110 3008 1248 3085 seisitus,
1272 3009 1321 3074 ita
1346 3011 1449 3076 eciam

341 3113 427 3199 quod
457 3113 536 3178 tulit
562 3113 724 3199 quandam
753 3111 885 3177 assisam
916 3111 956 3176 de
985 3120 1089 3176 morte
1112 3113 1321 3178 antecessoris
1343 3137 1449 3179 coram

340 3216 525 3282 iusticiariis
540 3217 769 3281 itinerantibus
783 3215 906 3281 scilieet
921 3215 1065 3281 Galfrido
1080 3217 1120 3282 de
1136 3217 1298 3282 Boclondo
1309 3227 1344 3283 et
1355 3221 1448 3285 sociis

340 3320 408 3384 suis
433 3317 469 3384 in
494 3321 652 3384 comitatu
678 3321 819 3398 Essexie‚
846 3343 905 3406 per
930 3343 1028 3406 quam
1054 3321 1259 3406 recuperauit
1285 3323 1447 3408 quandam

340 3431 460 3487 terram
475 3445 587 3486 uersus
602 3422 764 3509 quendam
779 3423 955 3488 Ricardum
971 3423 1011 3487 de
1032 3422 1159 3509 Codray
1174 3432 1341 3510 tamquam
1360 3425 1447 3491 filius

340 3533 375 3589 et
390 3525 599 3610 propinquior
613 3525 706 3590 heres
721 3525 860 3612 predicti
874 3525 1005 3589 Ricardi
1019 3524 1121 3610 patris
1136 3525 1195 3602 sui,
1210 3525 1268 3590 ubi
1283 3526 1447 3611 predictus

340 3629 503 3694 Robertus
518 3629 548 3693 ei
563 3629 681 3692 obiecit
696 3628 782 3714 quod
797 3650 861 3691 non
876 3626 991 3690 debuit
1004 3627 1035 3690 ei
1045 3627 1230 3712 responderi
1242 3627 1319 3714 quia
1330 3629 1447 3695 babuit

339 3735 471 3797 fratrem
487 3731 749 3818 primogenitum,
763 3731 842 3796 ⁶soil.
859 3731 1062 3795 Willelmum
1077 3732 1108 3796 le
1128 3733 1252 3810 Nouu⁵,
1268 3741 1302 3797 et
1322 3735 1446 3800 Willel-

338 3859 412 3901 mus
440 3836 526 3900 filius
552 3835 681 3900 Ricardi
711 3843 789 3898 tunc
818 3833 927 3920 posuit
956 3856 990 3898 se
1019 3834 1052 3898 in
1083 3834 1224 3900 iuratam
1253 3835 1343 3900 illam
1374 3839 1447 3924 quis

337 3939 545 4027 propinquior
559 3939 651 4004 heres
666 3939 730 4003 fuit
744 3937 874 4003 Ricardi
889 3939 991 4023 patris
1005 3938 1064 4017 sui,
1077 3947 1111 4003 et
1122 3939 1279 4004 iuratores
1291 3940 1445 4007 dixenmt

337 4044 423 4129 quod
438 4045 468 4108 le
484 4043 599 4107 Neuu⁶
612 4042 744 4128 genitus
759 4041 879 4107 eratin
894 4043 1099 4121 fornicator'',
1115 4051 1150 4107 et
1162 4043 1248 4128 quod
1260 4045 1447 4112 Willelmus

336 4146 423 4211 filius
438 4144 569 4210 Ricardi
582 4144 792 4232 propinquior
806 4145 899 4210 heres
914 4145 978 4210 fuit
992 4145 1095 4231 patris
1109 4145 1161 4210 sui
1173 4155 1207 4211 et
1219 4147 1265 4212 sic
1276 4170 1446 4234 reeupera-

368 4291 378 4323 ¹
395 4293 507 4352 defendit
518 4293 559 4340 ius
569 4305 648 4352 suom,
661 4289 692 4338 B.
946 4289 985 4322 Η
1003 4290 1060 4340 Om.
1072 4289 1103 4340 B.

367 4356 378 4388 ¹
395 4357 452 4405 Om.
466 4359 487 4404 le
498 4357 580 4416 Neue,
595 4356 626 4404 Β.
948 4355 959 4388 ⁸
976 4357 998 4405 le
1010 4357 1108 4414 Neues,
1120 4355 1142 4405 B
1156 4355 1196 4421 (ll.

369 4420 379 4452 ³
396 4421 453 4470 Om.
466 4436 538 4484 quem
548 4422 612 4469 dicit
618 4421 728 4482 fratrem
742 4433 820 4480 mum,
832 4419 863 4469 B.
948 4421 958 4454 ⁷
969 4422 1150 4483 fornicatione,
1163 4422 1193 4470 B.

367 4489 378 4520 ⁴
394 4495 431 4536 ret
443 4489 470 4536 ia
482 4487 655 4548 minautopio,
667 4485 689 4534 B
703 4485 741 4551 (l).
