3308 5226
367 435 431 497 658
670 441 809 503 monne,
831 441 896 492 nn.
920 426 1098 503 123111.
1123 427 1172 489 18.

246 627 319 692 850.
432 617 570 685 ‘duroto
583 613 624 683 de
640 635 795 682 consensu
810 603 956 700 pnmium
972 609 1065 675 uenit
1079 607 1285 694 recognitum
1294 607 1323 672 si
1334 606 1475 672 Thomas

245 727 319 768 (Μ
368 721 409 788 de
424 720 563 786 Berlon¹
584 741 669 786 anno
690 725 726 783 el
747 716 800 782 die
820 737 885 802 quo
899 709 1083 778 Willelmus
1101 711 1188 775 filius
1210 709 1291 796 Elye
1313 708 1396 773 obiit
1410 707 1476 772 fuit

368 825 403 890 in
418 823 535 890 neieina
549 821 590 888 de
605 821 742 888 seruioio
754 819 856 906 ipsius
871 815 1036 893 Willelmi,
1047 815 1101 879 uel
1116 813 1144 878 si
1159 813 1343 878 Willelmuu
1359 811 1477 878 (leme-
1567 854 1571 862 ·

368 927 471 993 rarius
493 926 556 992 fuit
578 925 614 990 in
635 923 755 988 seisine
775 921 817 986 de
839 917 986 985 custodia
1006 917 1108 1003 ipsius
1129 915 1288 982 Willelmi
1307 915 1389 980 dum
1412 913 1477 978 fuit

369 1031 453 1096 infin
474 1039 597 1096 etatem
619 1036 659 1093 uh
680 1027 768 1092 idom
784 1025 924 1090 Thomas
937 1021 1026 1100 dicit,
1041 1021 1094 1086 uel
1110 1021 1138 1084 si
1152 1020 1264 1085 Abbae
1279 1017 1320 1084 de
1335 1018 1476 1103 Kinges-

368 1135 462 1200 wude
478 1142 557 1199 tuno
571 1132 635 1196 luit
650 1131 726 1195 inde
741 1129 777 1194 in
791 1128 918 1206 semina,
932 1126 1017 1192 sieut
1032 1125 1101 1210 ipse
1116 1123 1203 1188 dicio

434 1238 602 1303 Juratores
625 1234 740 1299 dicunt
765 1231 852 1318 quod
878 1230 1062 1296 Willelmns
1091 1227 1178 1292 filius
1200 1225 1280 1312 Elye
1302 1223 1477 1310 aliquando

369 1341 477 1406 tenuit
492 1345 717 1405 'tenementum
732 1357 829 1400 suum
844 1331 885 1398 de
899 1333 1046 1420 predicto
1060 1329 1226 1396 Willelmo
1240 1327 1424 1396 camerario
1442 1335 1478 1392 et

368 1445 438 1531 ipse
451 1443 605 1531 quiequid
614 1441 694 1506 iuris
706 1441 775 1526 ipse
787 1439 903 1504 habuit
913 1437 1005 1502 dedit
1016 1435 1140 1502 Abbati
1151 1435 1192 1499 de
1202 1432 1431 1520 Kingeswude,
1442 1439 1478 1497 et

370 1548 419 1612 ita
433 1547 519 1634 quod
533 1568 618 1611 anno
634 1552 668 1609 et
682 1543 735 1608 die
751 1565 816 1630 quo
829 1541 916 1606 idem
927 1541 1112 1606 Willelmus
1125 1539 1212 1602 filius
1227 1539 1307 1622 Elye
1323 1537 1405 1602 obiit
1414 1536 1479 1602 fuit

370 1652 458 1717 idem
476 1651 589 1716 Abbnu
609 1649 644 1714 in
664 1647 782 1712 seleina
799 1645 840 1710 de
862 1644 999 1710 seruieio
1017 1643 1119 1730 ipsius
1133 1641 1291 1708 Willelmi
1305 1641 1365 1706 filii
1388 1641 1478 1726 Elye,

371 1763 406 1820 et
427 1777 486 1841 per
506 1777 535 1819 v.
550 1773 651 1818 annos
672 1757 749 1815 ente
771 1752 909 1814 mortem
931 1747 1036 1834 ipsius
1047 1743 1205 1811 Willelmi
1226 1745 1286 1810 filii
1308 1745 1389 1810 Elio.
1433 1745 1479 1809 Ε1

371 1879 468 1944 super
484 1857 545 1921 hoo
563 1853 706 1920 ostendit
726 1852 813 1917 idem
834 1849 946 1916 Abhus
969 1873 1028 1937 per
1047 1857 1249 1915 alternatum
1271 1871 1367 1914 suum
1391 1847 1479 1935 quod

371 1959 458 2025 idem
474 1958 613 2023 Thomas
628 1963 701 2042 poet
715 1953 874 2041 placitum
888 1952 976 2017 inter
995 1975 1050 2018 eos
1071 1961 1198 2018 motum
1218 1951 1389 2017 meritouit
1407 1951 1478 2038 ipse

371 2061 523 2128 heredem
552 2058 691 2147 predicti
720 2055 887 2135 Willelmi,
907 2063 942 2121 el
971 2056 1047 2121 ideo
1070 2065 1315 2121 summoneatur
1337 2056 1479 2120 Thomee

369 2165 458 2253 quod
487 2165 531 2230 sit
559 2187 580 2230 a
604 2163 657 2229 die
680 2170 750 2240 ete,
771 2161 800 2226 si
824 2159 937 2226 Abbes
966 2157 1099 2226 feeerit¹
1121 2183 1270 2224 securum
1300 2158 1341 2224 de
1371 2181 1480 2245 proee-

372 2269 500 2357 quendo
514 2269 556 2334 ad
571 2265 829 2354 respondendum
844 2264 951 2330 eidem
966 2263 1089 2329 Abbati
1104 2287 1203 2352 quere
1221 2264 1306 2329 infin
1320 2262 1480 2350 placitum

372 2383 498 2439 molum
513 2371 682 2438 mariteuit
696 2369 879 2457 predictum
893 2367 1053 2434 heredem.

438 2477 482 2540 Ε1
501 2472 667 2539 sciendum
686 2472 773 2559 quod
793 2471 933 2536 Thomas
954 2493 1019 2536 non
1039 2471 1153 2536 uenit‘
1175 2494 1210 2537 ee
1236 2471 1414 2538 eesoniauit
1436 2470 1478 2536 de

371 2579 457 2644 mulo
485 2577 648 2653 ueniendi,
672 2584 707 2640 el
736 2575 897 2640 essonium
926 2597 992 2640 uon
1021 2575 1086 2641 fuit
1114 2575 1146 2640 ei
1175 2575 1371 2641 allocutum⁵
1399 2575 1482 2662 quin

373 2683 493 2746 lecerat
521 2681 587 2744 iam
616 2678 743 2765 pridem
779 2687 960 2744 alternatos
988 2680 1053 2744 soll.
1084 2679 1265 2745 Roberlum
1294 2681 1326 2744 le
1355 2679 1415 2744 Bel
1445 2687 1481 2745 et

373 2784 534 2872 quendem
557 2783 667 2860 elium,
683 2783 790 2867 etqui
806 2783 968 2848 Robertus
989 2783 1080 2848 uisus
1095 2784 1158 2848 fuit
1179 2783 1215 2848 in
1236 2783 1335 2861 ouria,
1349 2791 1384 2848 et
1405 2783 1481 2848 ideo

373 2897 470 2976 euple
483 2889 546 2953 luit
560 2889 669 2952 iurata
681 2910 740 2974 per
754 2887 910 2952 defaltum
925 2895 984 2953 ete
1017 2887 1061 2952 Ε1
1075 2887 1313 2954 consideratum
1328 2887 1481 2974 estquod

373 2993 484 3058 Abbne
499 2992 704 3079 recuperauit
718 2991 868 3057 seisinam
884 3013 986 3070 suam,
1001 3000 1036 3056 et
1050 2992 1190 3058 Thomas
1204 2993 1239 3057 ln
1253 2992 1481 3059 misen'oonliu„

438 3098 604 3163 «lohannes
626 3097 679 3162 del
701 3095 780 3161 Frid
801 3096 888 3182 petio
909 3117 1023 3162 uersus
1044 3095 1267 3161 Alexandrum
1289 3096 1330 3161 de
1352 3095 1481 3162 Wride·

374 3201 467 3266 wella
481 3201 609 3265 feodum
624 3199 753 3265 dimidii
775 3200 889 3264 militis
909 3221 984 3264 enm
999 3205 1080 3286 pert.
1095 3199 1130 3263 in
1151 3199 1257 3264 Perua
1271 3199 1481 3264 Welnelham

373 3311 413 3367 ut
449 3303 500 3367 ius
529 3325 625 3368 suum
663 3313 698 3367 et
734 3301 821 3367 unde
852 3301 992 3388 quedam
1022 3300 1185 3366 Bentrioia
1212 3301 1277 3366 fuit
1306 3301 1417 3367 seisiha
1445 3302 1482 3367 in

373 3405 535 3470 dominico
556 3429 615 3470 suo
640 3413 680 3470 ut
705 3403 746 3470 de
772 3405 865 3470 feodo
891 3411 926 3468 et
951 3404 1022 3468 iure
1049 3411 1194 3490 tempore
1220 3404 1356 3470 Henrioi
1380 3405 1483 3493 Regis

374 3508 429 3573 aui
458 3508 614 3594 capiendo
643 3507 720 3573 inde
749 3507 881 3593 expleta
909 3513 979 3584 ete,
1009 3501 1044 3571 el
1072 3503 1113 3571 de
1142 3505 1290 3592 predicto
1318 3507 1484 3573 Boauleia

374 3611 541 3677 deseendit
555 3611 607 3676 ius
622 3620 707 3676 terre
725 3611 814 3676 illine
835 3609 899 3696 ipsi
912 3609 936 3675 J
937 3609 1057 3675 ohunni
1078 3617 1119 3674 ut
1132 3609 1200 3674 filio
1221 3614 1256 3674 el
1277 3609 1391 3675 heredi
1411 3618 1484 3689 etc„

374 3724 409 3779 et
424 3713 484 3780 hoo
499 3715 593 3780 offert
607 3723 670 3780 eto.

439 3819 484 3902 Ε1
499 3813 684 3884 Alexander
703 3817 797 3883 uenit
818 3823 853 3884 et
875 3815 1022 3884 defendit
1042 3815 1095 3882 ius
1117 3839 1222 3894 suum,
1236 3825 1271 3883 et
1293 3811 1396 3883 dicim
1414 3838 1482 3883 non

373 3921 472 3987 debet
487 3922 518 3986 ei
539 3919 740 4008 respondere,
754 3920 833 4006 quin
851 3941 966 3986 renero
985 3915 1160 4006 aliquando
1179 3919 1215 3984 in
1237 3919 1327 3985 eurio
1340 3921 1485 3988 Abbatis

374 4025 406 4090 S
431 4023 616 4089 Eadmundi
638 4021 847 4110 inpleeiluuit
874 4030 969 4108 peter
996 4045 1074 4088 suus
1104 4022 1289 4088 Alexander
1317 4023 1484 4110 quendam

373 4127 554 4194 Roberlum
576 4135 703 4214 patrem
724 4127 827 4214 ipsius
849 4125 1009 4194 Beelrioie
1030 4125 1080 4192 ita
1099 4126 1186 4212 quod
1208 4125 1354 4194 duellum
1376 4149 1484 4194 orme·

374 4271 421 4386 Μέ
433 4271 488 4385 1·ξοῖ
490 4271 586 4388 llhlier
596 4271 764 4336 proeeedings
772 4285 814 4322 see
821 4269 902 4322 below
984 4271 995 4368 ἶ
1012 4271 1173 4388 ἓξρῗὶζῦἀ.

406 4400 488 4450 ’The
499 4415 576 4450 nume
587 4400 681 4451 should
692 4399 863 4464 beBerheley.
983 4401 1112 4466 ‘supply
1123 4405 1197 4466 quod.

405 4465 417 4497 ⁸
434 4467 533 4528 Supply
543 4469 719 4518 uloecomitem,
