3276 5234
347 447 409 508 228
519 443 656 528 [Hilcry
678 441 744 507 aod
765 441 890 519 Ecstor,
912 457 976 506 Ab.
1003 445 1097 519 1228,
1119 459 1182 508 ns.
1207 444 1271 526 ln]

346 630 450 694 trusit
479 625 513 694 et
542 628 718 714 prostrauit
747 627 894 692 boscum¹
925 627 983 692 ubi
1012 628 1099 693 idom
1129 629 1221 693 Prior
1250 651 1315 693 non
1341 636 1449 714 potest

347 733 463 798 habere
478 732 676 819 pannagium
691 754 787 796 suum
802 732 887 796 sicut
902 732 1021 797 habere
1036 733 1124 798 solet

411 837 456 900 Et
480 835 642 900 Robertus
664 833 757 898 uenit
780 842 814 897 et
836 833 916 898 dicit
939 833 1025 920 quod
1047 834 1147 899 habet
1172 835 1292 900 bonurn
1319 835 1450 900 boscum

346 949 380 1004 et
406 941 558 1005 maiorem
588 947 753 1025 pasturam
778 961 876 1023 quarn
900 939 969 1024 ipse
995 938 1087 1004 Prior
1119 939 1219 1004 habet
1248 941 1288 1005 de
1319 947 1450 1004 centnm

346 1043 435 1109 acris.
480 1043 523 1106 Et
552 1042 624 1106 ideo
654 1041 891 1105 consideratum
918 1050 968 1105 est
994 1041 1080 1126 quod
1106 1043 1269 1108 Robertns
1298 1051 1352 1107 eat
1375 1042 1451 1106 inde

347 1146 477 1232 quietus
506 1154 540 1210 et
570 1145 660 1209 Prior
683 1143 718 1207 in
747 1143 973 1220 misericordia,
996 1153 1031 1208 et
1061 1145 1199 1230 quilibet
1229 1168 1340 1210 eornm
1366 1169 1450 1210 com·

348 1249 491 1314 municet
506 1273 580 1314 cum
595 1249 657 1314 alio
672 1249 757 1313 sicut
771 1248 860 1333 prius
875 1249 986 1313 solent

291 1414 298 1428 ,
413 1351 627 1438 Randnlphus
647 1352 687 1415 de
708 1351 831 1436 Gingos
851 1351 936 1436 petit
956 1373 1069 1415 uersus
1083 1351 1254 1416 Warinum
1277 1351 1317 1416 de
1338 1352 1450 1416 Monte

265 1474 295 1503 ss
348 1443 478 1520 Kaneso
493 1455 579 1540 quod
594 1455 739 1540 aquictet
755 1477 830 1519 eum
846 1454 886 1518 de
902 1455 1037 1519 seruicio
1053 1456 1139 1542 quod
1160 1457 1195 1521 E.
1218 1457 1450 1520 Londoniensis

348 1557 540 1644 Episcopns¹
555 1557 658 1644 exigit
678 1579 698 1620 a
717 1557 862 1642 predicto
884 1557 1079 1642 Randnlpho
1102 1558 1143 1622 de
1163 1567 1351 1624 tenemento
1366 1559 1452 1646 quod

346 1663 433 1728 idem
454 1663 668 1747 Randnlphus
687 1669 780 1726 tenet
798 1660 838 1724 de
859 1660 1003 1746 predicto
1024 1661 1157 1726 Warino
1177 1663 1212 1726 in
1233 1663 1450 1738 Hormodona,

347 1765 433 1830 unde
459 1765 545 1830 idem
570 1763 719 1828 Warinus
741 1763 799 1848 qui
828 1763 954 1827 medius
984 1772 1034 1828 est
1059 1787 1134 1828 eum
1161 1767 1327 1851 aquietare
1352 1766 1451 1830 debet

348 1879 386 1934 ut
401 1869 488 1946 dicit,
503 1876 538 1934 et
552 1869 639 1932 unde
654 1867 803 1954 queritur
817 1866 903 1952 quod
918 1889 975 1952 pro
996 1867 1124 1931 defectu
1146 1869 1216 1933 eius
1236 1869 1451 1956 destringitur

348 1973 389 2036 ad
405 1974 583 2038 faciendam
598 1981 719 2037 sectam
739 1971 775 2035 in
794 1971 884 2036 curia
903 1970 1026 2034 domini
1046 1971 1197 2058 Episcopi
1217 1973 1343 2038 desicut
1363 1973 1450 2037 idem

348 2076 500 2141 Wan'nus
515 2099 590 2141 eum
605 2076 703 2140 debet
717 2074 913 2160 adquietsre.

414 2181 457 2243 Et
482 2165 634 2244 Warinus
663 2178 756 2242 uenit
780 2185 814 2241 et
843 2176 990 2241 defendit
1016 2177 1084 2241 uim
1111 2186 1172 2241 etc.
1199 2187 1233 2242 et
1259 2178 1340 2243 dicit
1366 2179 1452 2265 quod

347 2305 405 2369 pro
434 2283 564 2349 defectu
593 2284 663 2348 eius
693 2305 758 2347 non
787 2281 1010 2367 destringitur,
1035 2303 1095 2345 neo
1124 2281 1193 2367 ipso
1223 2283 1302 2348 facit
1331 2291 1453 2348 sectam

347 2409 405 2473 pro
425 2409 471 2464 eo,
486 2387 563 2472 quia
585 2386 732 2476 necipse
753 2407 813 2449 nec
832 2391 1048 2448 antecessores
1068 2383 1119 2447 sui
1140 2407 1284 2470 unquam
1307 2386 1453 2450 fecerunt

347 2500 469 2558 sectam
490 2493 525 2556 in
547 2493 637 2556 curia
658 2491 817 2576 Episcopi,
832 2489 932 2553 immo
955 2489 1041 2553 idern
1065 2489 1281 2575 Randnlphus
1303 2499 1338 2555 et
1360 2501 1452 2556 antc-

347 2617 484 2659 cessorcs
499 2595 550 2658 sui
570 2616 695 2679 semper
715 2594 860 2656 fecerunt
880 2591 1072 2656 forinsecum
1093 2593 1268 2658 seruicium
1283 2616 1341 2680 pro
1361 2602 1453 2659 tene·

349 2707 459 2763 mento
485 2699 541 2762 illo
566 2698 629 2783 ipsi
652 2697 808 2783 Episcopo
831 2717 889 2781 pro
913 2719 950 2760 eo
977 2705 1011 2760 et
1037 2698 1292 2762 antecessoribus
1317 2699 1392 2775 suis,
1418 2708 1454 2764 et

349 2811 496 2887 preterea
519 2801 642 2868 wurde⁸
667 2801 764 2866 castri
789 2801 829 2864 de
857 2800 1051 2864 Stortfordia
1075 2801 1107 2887 ij.
1135 2803 1199 2880 sol,
1226 2811 1261 2866 et
1287 2802 1360 2868 ideo
1386 2825 1452 2868 non

350 2905 447 2969 debet
462 2905 564 2969 facere
579 2913 699 2968 sectam
715 2927 772 2990 pro
788 2927 833 2968 eo.

415 3008 459 3071 Et
489 3007 702 3092 Randnlphus
739 3007 831 3070 uenit
861 3015 895 3070 et
925 3006 1004 3071 dicit
1035 3007 1121 3093 quod
1150 3017 1365 3074 antecessores
1402 3011 1453 3075 sui

349 3135 515 3199 nunquam
543 3113 687 3176 lecerunt
716 3119 837 3176 sectam
861 3111 895 3174 in
921 3112 1011 3175 curia
1038 3113 1197 3198 Episcopi,
1221 3135 1281 3177 nec
1307 3135 1452 3199 unquam

350 3217 509 3282 dederunt
538 3216 698 3302 predictos
727 3215 807 3280 duos
836 3216 953 3280 solidos
978 3217 1126 3282 wordum
1154 3217 1252 3282 castri
1282 3217 1322 3281 de
1348 3219 1455 3283 Stort-

351 3322 452 3386 fordia
488 3342 653 3407 quousque
682 3319 769 3383 idem
805 3321 1021 3406 Randnlphus
1050 3322 1114 3386 fuit
1149 3323 1234 3386 infra
1263 3329 1386 3386 etatem
1416 3331 1452 3387 et

351 3425 385 3488 in
415 3424 561 3488 custodia
589 3423 689 3508 ipsius
715 3423 841 3487 Warini
870 3425 927 3510 qui
953 3425 994 3490 de
1024 3425 1163 3510 quodam
1194 3425 1294 3489 libero
1323 3425 1453 3490 homine

351 3527 452 3614 ipsius
466 3526 655 3612 Randnlphi
675 3527 750 3590 fecit
769 3535 972 3592 attornatum
992 3551 1087 3592 suum
1102 3527 1144 3592 ad
1164 3525 1365 3592 reddendum
1380 3551 1452 3613 pre-

352 3634 454 3697 dictos
474 3632 554 3696 duos
574 3631 699 3709 solidos,
715 3640 749 3696 et
771 3632 938 3718 preterea⁴
959 3633 1045 3698 idem
1068 3633 1284 3718 Randnlphus
1306 3641 1341 3696 et
1362 3642 1454 3698 ante-

352 3758 489 3801 cessores
518 3736 583 3801 sui⁵
613 3737 759 3801 fecerunt
788 3745 910 3802 sectam
940 3738 1087 3802 incuria
1113 3737 1273 3822 Episcopi,
1296 3738 1389 3823 ponit
1418 3761 1453 3803 sc

351 3864 447 3927 super
461 3841 608 3927 patriam.

417 3947 460 4010 Et
482 3947 634 4011 Warinus
657 3947 748 4012 uenit
771 3955 805 4011 et
827 3946 907 4010 dicit
929 3945 1015 4032 quod
1041 3945 1242 4033 Reginaldus
1271 3953 1453 4011 antecessor

351 4048 452 4133 ipsius
481 4049 669 4134 Randnlphi
692 4049 841 4114 omnibus
862 4048 977 4112 diebus
1000 4048 1069 4112 uite
1091 4071 1149 4112 sue
1172 4049 1249 4113 fecit
1273 4056 1394 4113 sectam
1417 4049 1453 4112 in

351 4152 441 4216 curia
463 4153 612 4238 Episcopi
634 4177 692 4240 per
715 4153 967 4242 assignationem
997 4152 1165 4217 Michaelis
1193 4152 1234 4217 de
1259 4153 1453 4218 Stortfordia

384 4291 433 4349 11,
445 4291 490 4340 the
500 4291 581 4348 Prior,
594 4291 659 4342 have
671 4292 875 4343 woodinwhich
959 4291 1056 4341 ³Here
1078 4291 1132 4341 and
1154 4291 1236 4341 below
1263 4291 1308 4341 the
1333 4291 1404 4342 word
1430 4291 1453 4341 is

350 4371 402 4418 ¹rou
411 4357 799 4420 common,whileyou,Bobert,
810 4358 877 4408 have
927 4371 1000 4406 moro
1008 4357 1059 4406 like
1070 4359 1222 4407 wald-eom.

351 4421 485 4484 destroyed
495 4436 560 4483 your
571 4422 651 4473 wood.
798 4425 800 4430 '
960 4423 970 4455 ⁴
988 4422 1086 4485 Supply
1097 4423 1170 4485 quod.

384 4487 394 4520 ²
411 4487 522 4538 Eustace
534 4489 562 4537 of
572 4488 745 4552 Fauconberg.
960 4487 970 4519 ⁵
989 4487 1086 4550 Supply
1097 4503 1147 4537 non
1160 4486 1201 4550 (2³).
