3360 5236
423 459 658 522 messurum,
681 459 744 508 an.
770 445 862 520 1233,
884 458 948 508 aa.
973 443 1107 512 17-18,
1256 447 1316 510 611

210 630 322 695 eodem
337 631 450 717 stipite
466 639 505 696 ut
519 630 724 718 soooagium¹,
739 632 792 696 uel
808 631 835 695 si
850 652 914 695 non
935 631 998 695 fuit
1018 631 1139 717 partita
1158 631 1243 696 sicut
1262 632 1320 697 illa

210 755 307 820 quam
321 734 392 820 ipse
406 735 553 821 Rogerus
574 743 608 800 et
628 741 844 798 antecessores
866 733 917 798 sui
939 742 1118 800 tenuerunt
1139 757 1197 821 per
1218 735 1318 801 serui·

209 835 295 901 oium
317 836 468 914 militare,
483 845 518 902 et
539 837 653 902 ueniat
674 835 844 922 inquisioio
866 859 886 901 a
907 836 960 901 die
982 845 1116 924 stupor
1137 837 1262 904 litteras
1285 849 1320 906 st

209 961 266 1024 per
291 938 379 1004 duos
424 939 556 1005 Postea*
577 961 598 1003 a
619 938 672 1004 die
694 949 754 1004 eto
777 939 871 1004 uenit
893 938 1064 1025 inquisioio
1086 962 1149 1026 que
1172 941 1247 1006 talis
1269 950 1320 1007 est

208 1043 293 1129 quod
308 1043 454 1129 predicta
468 1051 555 1110 terra
568 1065 735 1130 nunquam
751 1043 815 1108 fuit
834 1043 957 1130 partita
976 1044 1176 1129 temporibus
1196 1045 1319 1132 aliquo-

208 1169 279 1212 rum
294 1156 532 1214 antecessorum
548 1171 668 1227 eorum,
683 1157 718 1214 et
733 1148 819 1236 quod
833 1148 998 1234 predictus
1013 1149 1160 1235 Rogems
1176 1157 1210 1213 et
1225 1158 1318 1214 ante·

207 1273 345 1316 cessores
363 1250 367 1338 Ι
388 1251 439 1316 sui
454 1260 573 1318 terram
588 1253 679 1317 illam
699 1259 878 1317 tenuerunt
897 1273 955 1337 per
974 1251 1147 1317 seruicium
1168 1251 1318 1331 militare,

208 1361 242 1418 et
255 1353 416 1420 dederunt
431 1365 466 1421 et
480 1356 561 1422 dant
575 1355 617 1422 ad
632 1357 814 1444 scutagium
836 1356 965 1444 quando
985 1365 1036 1420 est
1055 1355 1097 1421 ad
1112 1356 1152 1421 xl.
1170 1357 1224 1423 sol.
1240 1357 1315 1423 dim.

207 1477 354 1522 maroam.
401 1458 445 1522 Et
459 1457 532 1524 ideo
546 1458 784 1524 consideratum
800 1467 850 1523 est
865 1457 952 1544 quod
967 1465 1117 1522 tenentes
1133 1465 1268 1523 teneant
1282 1458 1317 1523 in

207 1581 293 1645 paee,
308 1569 344 1625 et
358 1561 520 1628 Robertus
534 1563 569 1628 in
584 1563 809 1630 misericordia

153 1714 159 1726 .
270 1663 388 1753 ⁸Hugo
410 1665 513 1732 Wack
537 1669 658 1754 optulit
681 1691 715 1734 se
738 1667 817 1755 iiij20.
842 1669 895 1733 die
920 1689 1032 1732 uersus
1058 1667 1251 1754 Margariam
1275 1667 1317 1732 de
1391 1704 1406 1732 u

207 1772 351 1837 Feritate
366 1781 401 1837 et
413 1772 613 1838 Willelmum
628 1773 670 1838 de
685 1773 786 1860 Perey
800 1773 841 1838 de
856 1773 976 1859 placito
990 1773 1077 1859 quod
1092 1772 1158 1837 sint
1173 1771 1215 1836 ad
1231 1795 1316 1837 com·

206 1876 389 1961 putandum
411 1878 509 1943 simul
532 1901 606 1944 oum
633 1877 740 1944 Alioia
763 1877 805 1944 de
828 1879 929 1942 Moun
951 1886 986 1942 et
1008 1876 1153 1964 predicto
1175 1877 1317 1963 Hugone

207 2001 303 2065 super
322 1980 408 2067 xviij.
425 1981 478 2046 lib.
495 1989 579 2047 terre
599 2005 663 2068 que
683 1981 746 2068 ipsi
770 1981 905 2068 Hugoni
926 1981 1045 2046 desunt
1067 1980 1107 2045 de
1130 1979 1317 2046 racionabili

208 2091 299 2169 parte
319 2105 378 2150 sua
398 2107 461 2171 que
482 2107 557 2150 eum
577 2085 739 2174 contingit
759 2085 799 2151 de
820 2086 916 2152 terris
935 2109 998 2173 que
1014 2087 1146 2151 fuerunt
1160 2085 1317 2150 Willelmi

209 2185 348 2252 Briwere
377 2195 447 2266 eto,
472 2197 507 2254 et
536 2189 623 2254 unde
649 2189 736 2254 idem
763 2190 862 2276 Hugo
892 2189 1039 2275 queritur
1068 2189 1154 2276 quod
1179 2189 1317 2276 predicti

209 2291 370 2378 Margana
383 2293 568 2359 Willelmus
582 2302 617 2360 et
631 2294 738 2359 Alicia
757 2294 830 2380 plus
850 2294 973 2360 habent
993 2317 1091 2381 quam
1108 2293 1151 2360 ad
1170 2293 1255 2380 ipsos
1275 2293 1316 2358 de

208 2393 278 2459 iure
304 2395 448 2480 pertinet
474 2395 672 2462 habendam⁴
698 2405 758 2462 eto
804 2397 848 2462 Et
877 2397 940 2483 ipsi
968 2419 1032 2462 non
1062 2405 1224 2462 uenerunt
1253 2403 1315 2462 ete.

209 2497 232 2562 J
232 2497 376 2562 udieium
391 2498 614 2564 attaehientur
628 2499 713 2585 quod
729 2499 795 2565 sint
810 2523 830 2566 a
844 2500 896 2565 die
912 2509 970 2566 eto.

152 2653 159 2666 .
276 2597 456 2666 'Johannes
475 2601 562 2667 filius
581 2601 718 2667 Galfridi
737 2603 953 2668 summonitus
973 2603 1037 2668 fuit
1059 2603 1100 2668 nd
1122 2601 1316 2690 responden·

209 2704 288 2770 dum
312 2706 454 2772 Henrico
474 2706 516 2772 de
541 2707 721 2772 Kemaseck
745 2729 844 2794 quare
870 2731 935 2772 non
958 2708 1122 2793 permittit
1145 2731 1221 2773 eum
1244 2731 1316 2794 pre-
1363 2755 1369 2768 .

209 2817 336 2874 sentare
370 2809 554 2877 iodoneam⁸
581 2833 751 2897 personam
780 2811 822 2876 ad
851 2810 1017 2876 ecelesiam
1046 2809 1088 2875 de
1123 2811 1318 2877 Esttilburia

209 2933 272 2997 que
295 2921 391 2978 uacat
412 2922 447 2978 et
468 2914 510 2979 ad
532 2937 624 2980 suam
646 2921 773 3001 spectat
792 2913 999 2980 donationem
1020 2923 1059 2980 ut
1076 2914 1164 2993 dicit,
1180 2923 1214 2980 et
1229 2915 1316 2980 unde

91 3048 98 3063 ·
208 3015 295 3082 idem
311 3017 472 3082 Henrieus
487 3019 636 3105 queritur
650 3019 736 3106 quod
751 3041 825 3085 oum
840 3041 946 3105 nuper
960 3019 1165 3104 recuperauit
1180 3019 1315 3085 nduoea·

208 3121 330 3187 tionem
345 3123 434 3188 illam
449 3147 507 3210 per
520 3123 676 3190 defaltum
691 3147 805 3192 uersus
819 3125 983 3214 Rogemm
1004 3123 1045 3188 de
1066 3124 1268 3190 Daunteseia
1282 3133 1317 3190 et

208 3224 402 3291 Matillidem
427 3249 559 3294 uxorem
585 3229 656 3295 eius
681 3229 716 3294 in
741 3229 831 3296 ouria
856 3230 951 3295 Dom.
976 3229 1076 3315 Regis
1101 3237 1183 3315 aput
1208 3230 1315 3294 West-

208 3331 448 3412 monasterium,
484 3332 553 3419 ipse
590 3333 765 3420 impediuit
801 3355 877 3398 eum
914 3341 1108 3419 presentare,
1145 3333 1194 3398 ita
1229 3332 1316 3419 quod

207 3456 265 3519 per
279 3433 538 3520 inpedimentum
553 3437 636 3502 illud
655 3437 871 3503 deterioratus
890 3445 941 3503 est
962 3445 997 3503 et
1016 3435 1194 3524 dampnum
1215 3436 1316 3502 habet

207 3536 249 3602 sd
264 3537 443 3604 ualenoiam
458 3562 485 3606 e.
500 3541 555 3607 sol.

273 3641 316 3705 Et
345 3642 511 3709 Johannes
540 3645 634 3710 uenit
663 3653 698 3710 et
720 3644 802 3710 dicit
832 3645 919 3732 quod
948 3645 1033 3710 iuste
1063 3643 1209 3730 impedit,
1239 3643 1316 3729 quia

207 3745 341 3812 eeclesia
369 3745 426 3811 illa
454 3747 598 3834 pertinet
627 3749 669 3814 ad
699 3749 861 3836 quoddam
887 3749 1046 3836 hospitale
1074 3749 1114 3814 de
1138 3747 1316 3813 Tillebun'a

206 3852 292 3938 quod
307 3851 471 3917 Galfiidus
485 3861 579 3939 pater
592 3877 670 3920 suus
685 3855 762 3920 feeit
777 3854 818 3920 de
833 3854 1012 3942 perquisito
1027 3875 1093 3932 suo,
1108 3861 1142 3917 et
1158 3852 1314 3938 perquisi-

207 3961 278 4018 tum
293 3955 396 4041 patris
410 3957 461 4021 sui
476 3955 521 4022 ei⁷
536 3959 692 4024 remansit
712 3981 770 4044 per
789 3959 887 4023 finem
909 3958 1032 4022 factum
1054 3956 1089 4020 in
1110 3954 1200 4019 curia
1221 3953 1313 4018 Dom.

239 4098 249 4131 ¹
266 4098 292 4149 It
303 4115 385 4150 seems
395 4103 423 4150 to
434 4102 465 4152 be
476 4101 598 4154 assumed
609 4103 668 4156 that
679 4119 735 4156 asa
817 4103 829 4138 ⁷
844 4103 885 4168 By
901 4102 947 4154 the
963 4103 1015 4152 fine
1031 4101 1102 4152 John
1118 4099 1176 4150 siu
1196 4099 1314 4164 Geoffrsy

206 4165 310 4228 ganan
320 4166 376 4216 rulo
387 4167 642 4232 soeagsispartible.
785 4169 848 4234 kept
858 4169 904 4220 the
915 4167 978 4220 land
985 4165 1219 4233 pommedbyhis
1228 4164 1314 4216 father

238 4229 437 4282 ’Posteatrom
448 4233 541 4297 Hilsry
550 4239 625 4284 term.
786 4236 904 4298 Gsoflrey
920 4234 978 4284 Fitz
995 4234 1076 4292 Peter,
1094 4232 1156 4282 Earl
1172 4231 1202 4281 of
1220 4231 1309 4283 Esset.

239 4293 250 4325 ³
266 4295 296 4346 Δ.
308 4311 344 4346 m.
357 4297 396 4348 14.
786 4301 866 4350 Maud
887 4301 946 4350 wite
968 4299 997 4349 of
1022 4299 1106 4362 Roget
1132 4297 1268 4360 Dauntsay
1289 4295 1313 4346 is

240 4359 250 4391 ¹
267 4362 412 4425 hatandans,
427 4364 457 4413 Δ.
786 4365 878 4416 John’s
888 4364 1040 4416 halt-sister.
1062 4362 1146 4426 Dugd.
1155 4362 1310 4414 BarouvoL

239 4425 250 4457 ⁵
265 4427 295 4477 Δ.
307 4442 343 4478 m.
356 4429 396 4478 14.
787 4431 810 4491 1,
821 4445 847 4494 p.
859 4431 915 4482 705.

239 4491 250 4524 ⁸
265 4493 387 4555 idoneam
401 4494 431 4545 Δ.

1119 4595 1224 4659 39-2
