3308 5226
359 431 422 498 666
663 442 801 503 nassau
824 441 889 494 un.
913 428 1007 504 1234,
1029 442 1093 492 16
1118 431 1168 492 18.

357 612 574 686 adduceretur
601 611 643 678 de
673 611 808 677 66616616
831 611 872 676 (16
902 609 1028 676 Diuisis
1057 610 1092 676 in
1107 623 1110 630 '
1124 634 1224 697 quam
1254 611 1470 699 confugeras,

356 717 530 790 mandauit
544 716 639 783 Dom.
653 715 724 782 Rex
739 737 798 801 per
812 714 939 780 litteras
953 737 1028 780 6666
1041 713 1181 780 Radulfo
1196 716 1237 781 de
1253 716 1471 802 Willingtona

358 831 437 890 tunc
467 820 703 888 constabulario
724 819 765 884 de
788 818 911 884 Diuisis
933 825 968 883 et
990 819 1136 884 Waltero
1157 818 1199 884 de
1223 818 1412 884 Godaruilla
1433 826 1470 884 et

357 927 518 996 militibus
532 924 605 992 61116
619 923 660 990 (16
680 923 787 990 comit.
802 923 893 988 Wilt.
910 930 950 988 ut
973 922 1081 1008 ipsum
1105 923 1310 990 Gilebertum
1333 931 1369 990 66
1387 923 1470 990 61166

356 1028 555 1117 interogare¹
576 1029 721 1098 facerent
749 1027 785 1091 in
806 1025 965 1092 comitatu
987 1048 1046 1090 suo
1069 1025 1109 1091 (16
1131 1027 1289 1094 comitatu
1312 1027 1348 1093 in
1369 1027 1470 1094 comi·

356 1139 465 1200 tatum
488 1155 655 1219 quousque
682 1131 916 1218 utlagarentur,
942 1129 992 1194 ita
1017 1129 1105 1216 quod
1128 1129 1250 1196 milites
1275 1139 1311 1198 et
1339 1131 1396 1196 alii
1425 1131 1468 1196 de

356 1237 514 1303 comitatu
544 1236 690 1302 fecerunt
718 1255 823 1300 unum
852 1233 1054 1318 campionem
1083 1234 1177 1321 sequi
1205 1257 1319 1300 uersus
1348 1257 1402 1300 eos
1431 1235 1468 1300 16

353 1341 513 1408 comitatu
523 1339 563 1406 de
572 1338 728 1418 robberia,
739 1346 774 1404 et
785 1337 826 1404 de
837 1337 908 1424 ipso
917 1337 1068 1403 Huberto
1079 1337 1468 1419 abductoemonesterio,

353 1447 405 1514 ite
417 1445 511 1533 quod
529 1467 588 1532 per
606 1444 709 1531 ipsius
731 1451 854 1510 sectam
874 1444 1008 1507 1666666
1027 1442 1177 1530 utlegeti
1222 1443 1267 1508 Et
1290 1465 1389 1530 super
1405 1444 1467 1510 hoc

356 1550 449 1618 uenit
473 1549 567 1615 Dom.
590 1548 662 1614 Rex
688 1555 723 1612 66
748 1545 911 1634 cognoscit
941 1551 976 1610 et
1000 1545 1188 1612 recordatur
1212 1545 1300 1632 quod
1327 1545 1468 1632 predicti

352 1654 565 1720 Marescellua
602 1652 787 1718 Gilebertus
824 1658 859 1716 et
894 1649 952 1714 alii
987 1655 1066 1714 ante
1101 1649 1339 1736 utlagationem
1375 1651 1465 1716 illam

355 1757 550 1824 multociens
564 1779 622 1843 per
636 1755 770 1820 nuncios
789 1751 1000 1839 sollempnoe⁸
1014 1761 1049 1817 et
1072 1775 1131 1839 per
1150 1753 1277 1819 11666666
1298 1753 1467 1840 pecierunt

356 1859 616 1936 misericordiam,
636 1859 690 1923 661
714 1867 753 1923 66
770 1880 830 1944 per
846 1858 975 1923 saluum
994 1857 1192 1924 conductum
1215 1855 1316 1924 adiri*
1334 1866 1467 1944 possent

355 1965 479 2032 curiam
494 1963 587 2029 Dom.
603 1962 703 2050 Regis
717 1969 752 2027 et
772 1970 858 2027 stare
878 1961 1000 2027 ibidem
1022 1961 1142 2027 iudicio
1162 1961 1291 2047 parium
1310 1960 1466 2041 suorum⁵,

355 2069 442 2156 quod
464 2067 595 2154 quidem
617 2065 683 2130 illis
704 2065 768 2130 1616
790 2065 997 2152 denegatum,
1019 2065 1083 2130 nisi
1112 2065 1147 2130 in
1177 2065 1281 2130 forma
1306 2065 1374 2144 tali,
1398 2065 1465 2133 scil

355 2169 442 2259 quod
464 2168 685 2254 unusquisque
707 2190 766 2254 per
794 2177 888 2234 sect
914 2169 1000 2234 solus
1024 2169 1153 2234 ueniret
1182 2177 1218 2234 et
1243 2168 1373 2247 rediret,
1402 2169 1467 2236 nisi

352 2275 512 2342 iudicium
549 2273 643 2338 illum
672 2271 875 2338 incumberet
884 2271 902 2338 ⁶.
962 2274 1007 2338 Et
1036 2273 1146 2359 plures
1175 2272 1317 2360 episcopi
1346 2281 1380 2338 et
1409 2273 1467 2338 alii

356 2379 564 2467 quamplures
589 2384 756 2463 presentes
779 2376 838 2442 hoc
861 2375 949 2442 idem
972 2377 1086 2442 testati
1107 2378 1248 2442 fuerunt
1293 2377 1338 2442 Et
1363 2399 1466 2462 quum

352 2483 503 2571 ,predicta
525 2481 681 2546 abduccio
703 2479 848 2544 Huberti
878 2479 965 2545 facte
986 2479 1051 2545 fuit
1072 2479 1237 2545 occasione
1258 2479 1407 2567 gwerre',
1429 2487 1466 2546 66

353 2595 504 2674 preterea
517 2607 592 2650 cum
609 2583 719 2648 nullus
739 2583 881 2670 utlagari
900 2583 1034 2650 deberet
1058 2583 1121 2649 nisi
1140 2592 1199 2650 aut
1221 2607 1280 2671 per
1298 2585 1466 2671 appellum

354 2689 557 2766 racionabile‚
586 2695 646 2752 666
674 2709 733 2773 per
761 2695 883 2754 sectam
912 2688 1006 2755 Dom.
1030 2688 1131 2776 Regis
1160 2689 1219 2754 ubi
1249 2689 1337 2755 fama
1358 2689 1465 2775 patrie

355 2801 521 2862 accerseret
545 2791 696 2878 aliquem,
723 2791 778 2856 uel
805 2791 846 2857 de
872 2791 1033 2857 sedicione
1063 2792 1156 2857 Dom.
1187 2792 1288 2880 Regis
1317 2794 1372 2858 uel
1398 2794 1468 2859 6116

355 2899 529 2965 manifesta
557 2895 809 2982 transgressione
831 2903 944 2960 contra
964 2917 1078 2982 pacem
1100 2895 1194 2962 Dom.
1217 2897 1327 2985 Regia,
1349 2905 1384 2962 et
1405 2897 1467 2963 hoc

355 3013 501 3088 tempore
537 3000 634 3087 pacis,
670 3007 705 3064 et
741 2998 889 3085 predicta
924 2999 1058 3064 fuerunt
1095 3007 1241 3086 tempore
1270 3023 1402 3088 gwerre,
1430 3009 1467 3068 66

352 3115 505 3194 preterea
539 3104 616 3190 quia
651 3110 810 3168 testatum
839 3102 903 3167 1616
933 3102 1020 3189 quod
1049 3103 1216 3189 predictus
1245 3105 1371 3193 campio
1399 3129 1466 3172 non

355 3209 536 3298 appellauit
550 3230 604 3273 eos
623 3206 664 3271 (16
686 3206 797 3292 aliqua
816 3206 965 3272 robberia
983 3207 1048 3272 sibi
1069 3208 1166 3288 facta,
1181 3216 1232 3276 set
1256 3217 1387 3274 tentum
1406 3231 1465 3296 pru

355 3311 607 3402 transgressione
636 3311 723 3375 sacta
751 3310 845 3375 Dom.
881 3309 975 3397 Regi,
1004 3317 1039 3375 et
1076 3311 1155 3397 6616
1190 3311 1372 3400 appellauit
1406 3335 1466 3398 pro

353 3419 516 3486 comitatu
530 3415 656 3480 Wiltes'
671 3413 712 3479 de
728 3413 980 3501 transgressione
995 3413 1042 3478 eis
1057 3413 1167 3493 facte⁸,
1181 3414 1247 3478 6611.
1264 3413 1305 3479 (16
1319 3415 1466 3500 predicto

353 3558 748 3679 1115611166.Ρ66.6611661.ἱί649.
771 3557 884 3674 ⁴Hubert
933 3555 1063 3671 16666616611
1079 3555 1211 3674 (1666166616
1220 3557 1267 3674 ‘im
1282 3557 1423 3676 1661666661ι
1436 3561 1467 3611 61

354 3623 569 3746 Μὼὲτῦἲοῃῗὶιο
585 3638 690 3748 eliruli,
709 3637 883 3737 6611111161-
934 3627 1360 3750 Hubepitoeri’sesmthevrisme’pbiiaie.
1381 3639 1405 3675 w
1424 3640 1466 3677 m

355 3751 882 3817 liveredthencebytheinsnrgantbarona.
966 3752 977 3785 ⁸
992 3751 1086 3802 Either
1108 3755 1264 3802 incumberet
1279 3756 1464 3805 6616666ιῦ66-

388 3823 485 3872 ²Gora
511 3821 673 3880 1616666661.
707 3817 808 3867 Gilbert
829 3831 882 3868 was
933 3824 997 3867 aret.
1030 3817 1104 3867 Each
1120 3817 1191 3868 11166
1207 3817 1305 3870 wished
1320 3819 1463 3883 torelyon

355 3884 612 3948 tobeexactadput
628 3882 656 3932 in
673 3881 820 3946 exigentia
837 3881 883 3933 the
932 3881 978 3932 the
997 3879 1134 3944 iudgmsnt
1156 3883 1185 3932 61
1204 3881 1247 3932 hic
1269 3897 1343 3945 peers
1360 3898 1413 3935 aaa
1435 3889 1464 3936 6ο

353 3956 454 4014 county
464 3953 546 4009 court,
558 3948 611 4000 sud
622 3947 757 3999 66616666.
932 3961 1006 3996 corne
1023 3946 1168 3998 61666666
1202 3947 1368 4012 66166611).

387 4017 466 4067 ⁸Sic.
965 4010 1131 4074 'Theling
1215 4011 1464 4064 defiedtheinsur·

354 4105 358 4110 ·
385 4081 465 4132 4616.
932 4080 1022 4140 geum
1045 4075 1109 4140 they
1124 4091 1190 4127 were
1206 4091 1241 4127 no
1262 4077 1353 4140 longer
1373 4078 1465 4131 bound

387 4145 579 4208 ³Whereupon
606 4143 681 4193 Peter
707 4140 752 4192 des
781 4139 882 4192 Roches
932 4141 967 4204 by
977 4141 1097 4204 homage.

356 4211 413 4262 said
430 4211 489 4261 that
506 4211 535 4258 16
551 4207 673 4270 England
689 4207 762 4258 tlrere
780 4221 824 4257 are
846 4221 883 4256 no
965 4205 1463 4270 81116611666,1666666666661166

351 4291 485 4392 661
497 4271 882 4402 111161
931 4270 1464 4400 1111111111

355 4407 398 4458 his
418 4404 533 4469 iustiees.
568 4403 631 4455 1166.
656 4402 715 4452 Par.
739 4401 789 4452 vol.
812 4403 837 4461 6,
854 4416 880 4464 p.
931 4399 1076 4451 uelim.

355 4473 412 4523 252.
449 4471 496 4522 See
517 4469 573 4519 6166
596 4481 622 4530 p.
651 4469 699 4518 257
725 4465 808 4517 66666
835 4465 881 4517 the
