3196 5226
459 458 599 518 cruror,
622 457 687 509 an.
712 445 804 520 1224,
826 459 888 508 aa
913 447 942 510 8.
1186 445 1247 514 177

209 633 254 697 Et
275 631 462 698 Willelmus
489 641 523 696 et
544 632 696 697 Johanna
717 654 775 718 per
796 633 903 718 ipsum
926 631 1127 698 Willelmum
1149 640 1249 697 attor-

141 745 261 804 natum
275 736 420 802 eiusdem
437 736 460 800 J
461 735 587 800 ohanne
601 758 660 821 per
674 735 772 800 breue
788 735 911 800 domini
925 736 1025 823 Regis
1039 736 1152 802 dicunt
1164 737 1250 822 quod

142 839 233 906 idem
248 840 340 904 Prior
352 839 479 903 nullam
497 839 647 904 seisinam
667 837 783 905 habuit
803 859 861 924 per
881 846 1002 905 cartam
1022 839 1112 904 illam
1134 840 1174 906 de
1195 841 1250 904 illo

143 943 290 1029 mesagio
318 941 419 1006 immo
442 941 626 1006 Willelmus
656 939 840 1007 Oaretarius
864 939 940 1006 inde
963 941 1044 1005 obiit
1065 941 1194 1006 seisitus
1216 951 1251 1007 et

145 1046 237 1111 Prior
266 1046 394 1110 nullum
424 1044 604 1132 ingressum
633 1044 750 1109 habuit
779 1045 842 1110 nisi
863 1067 922 1130 per
944 1045 1156 1110 intrusionem
1178 1055 1252 1131 pust

144 1159 287 1214 mortem
300 1147 467 1214 Willelmi.

212 1255 259 1318 Et
281 1253 359 1340 quia
377 1252 469 1316 Prior
488 1251 649 1336 cognoscit
669 1251 754 1337 quud
769 1251 952 1318 Willelmus
973 1249 1156 1318 Caretarius
1170 1251 1251 1316 obiit

145 1355 279 1421 scisitus
308 1355 349 1419 de
378 1361 466 1418 terra
493 1353 550 1418 illa
579 1361 613 1417 et
635 1353 721 1438 qucd
742 1361 814 1438 post
836 1353 1059 1422 uendicionem
1081 1353 1112 1418 ei
1134 1355 1251 1420 facturn

146 1459 305 1524 remansit
326 1458 511 1522 Willelmus
539 1457 573 1520 in
602 1457 720 1521 seisina
748 1479 808 1521 nee
836 1457 960 1543 aliquid
989 1457 1130 1526 ostendit
1152 1457 1251 1543 qu0d²

147 1569 234 1626 emet
272 1560 433 1628 firmarius
461 1557 562 1636 suus¹‚
590 1558 828 1626 consideratum
859 1568 909 1626 est
938 1559 1025 1645 quod
1055 1559 1252 1626 Willelmus³

148 1665 270 1730 habeat
292 1663 443 1730 saisinam
466 1685 558 1728 suam
579 1662 620 1727 de
642 1664 734 1730 feodo
756 1686 814 1730 suo
834 1664 924 1732 saluo
944 1663 1062 1728 herede
1082 1663 1252 1731 willelmi*

148 1792 222 1834 cum
238 1767 282 1833 ad
297 1791 373 1833 eum
388 1767 515 1834 uenerit
530 1767 598 1832 iure
609 1790 675 1832 suo.
714 1769 757 1832 Et
772 1791 847 1832 cum
862 1768 954 1832 heres
968 1768 1088 1832 habeat
1102 1767 1253 1834 seisinam

149 1893 251 1948 sum,
266 1877 347 1938 tunc
361 1869 528 1955 perquirat
543 1869 632 1934 Prior
645 1892 758 1936 uersus
773 1869 924 1936 heredem
939 1870 967 1938 si
981 1871 1128 1938 uoluerit.

97 2043 103 2056 ,
214 1977 342 2044 Siritha
355 1997 420 2062 que
435 1976 498 2040 fuit
513 1998 593 2042 uxor
608 1977 738 2044 Ricardi
752 1977 812 2044 filii
826 1979 961 2044 Rcberti
975 2001 1034 2064 per
1052 1987 1252 2048 attornatum
1345 2010 1374 2042 u.

149 2105 244 2147 suum
265 2081 354 2168 petit
373 2103 487 2146 uersus
506 2081 685 2146 Rcbertum
705 2081 745 2146 de
766 2081 952 2148 Berefordia
971 2083 1105 2148 tercium
1127 2091 1253 2168 partem

151 2186 249 2250 trium
272 2194 497 2252 carucatarum
519 2193 603 2250 terre
632 2209 707 2252 cum
735 2187 875 2272 pertin
905 2189 1091 2256 Beresordia
1120 2197 1254 2274 excepto

150 2291 282 2377 capitali
297 2290 442 2376 mesagio
456 2297 491 2354 et
506 2290 638 2356 terciam
653 2299 780 2377 partem
795 2291 892 2356 unius
906 2301 1055 2357 carucate
1076 2300 1160 2358 terre
1181 2315 1255 2358 cum
1303 2333 1307 2342 ·

150 2405 228 2480 pert
253 2402 289 2458 et
306 2393 333 2479 j.
355 2392 528 2458 molendin’
547 2416 621 2462 cum
643 2402 724 2479 pert.
745 2395 780 2458 in
801 2395 952 2483 Appelby
972 2405 1011 2461 ut
1032 2397 1142 2462 dotem
1164 2421 1256 2462 suam

151 2497 236 2563 unde
250 2497 419 2584 predictus
433 2496 590 2562 Ricardus
607 2498 769 2584 quondam
789 2499 841 2566 uir
860 2523 939 2564 suus
959 2523 1031 2565 eam
1051 2500 1179 2566 dotauit
1199 2524 1258 2587 per

151 2625 318 2668 assensum
337 2609 372 2666 et
393 2601 596 2666 uoluntatem
615 2601 753 2687 predicti
775 2603 911 2668 Roberti
931 2604 1104 2689 patrissui
1125 2613 1160 2670 et
1181 2605 1256 2672 inda

152 2707 274 2793 profert
289 2712 414 2770 cartam
429 2703 574 2772 eiusdem
589 2703 725 2770 Robsrti
740 2727 802 2791 que
818 2706 878 2770 hoc
893 2714 1041 2776 testatur.

216 2811 262 2875 Et
288 2809 453 2874 Robertus
482 2809 574 2873 uenit
603 2817 639 2873 et
668 2809 814 2874 defendit
844 2810 930 2896 quod
958 2834 1024 2876 non
1053 2811 1116 2876 fuit
1145 2811 1258 2880 dotata

154 2915 200 2979 ita
214 2913 294 3000 quia
307 2935 424 2978 reuera
438 2912 593 2977 concessit
607 2912 745 2978 Ricardo
759 2913 826 2978 filio
845 2936 903 2978 suo
924 2913 1134 2979 medietatem
1154 2915 1257 2980 tocius

155 3029 238 3086 terre
268 3041 328 3083 sue
358 3025 393 3082 et
421 3017 577 3082 concessit
602 3017 689 3103 quod
718 3017 758 3082 de
787 3018 844 3084 illa
873 3019 1049 3084 medietate
1079 3020 1198 3084 faceret
1228 3021 1258 3084 ei

155 3121 383 3188 racionabilem
404 3119 516 3188 dotem
537 3143 628 3186 suam
651 3129 710 3188 etc
731 3121 853 3186 scilicet
873 3122 1007 3192 terciam
1026 3131 1153 3208 partem
1168 3122 1257 3188 etde

156 3227 212 3291 hoc
227 3225 307 3291 fecit
323 3225 490 3294 etcertum
505 3248 596 3290 suam
612 3233 647 3290 et
661 3225 744 3291 bene
763 3225 909 3291 defendit
929 3225 1015 3312 quod
1034 3226 1117 3292 hanc
1137 3235 1258 3291 curtam

156 3349 323 3414 nunquam
352 3325 384 3392 ci
412 3326 499 3403 fecit,
520 3349 579 3392 nec
601 3327 707 3393 eidem
730 3328 852 3393 Sirithe
874 3328 949 3394 inde
972 3327 1082 3394 dotem
1104 3329 1259 3394 concessit

157 3432 238 3498 sicut
254 3431 316 3496 hec
331 3437 421 3497 carta
435 3437 575 3496 testatur
589 3439 624 3498 et
638 3431 713 3498 inde
727 3431 820 3518 ponit
835 3453 869 3496 se
885 3455 982 3518 super
996 3440 1097 3497 testes
1112 3441 1146 3496 ot
1164 3455 1261 3518 super

156 3535 304 3620 patriam.
350 3533 394 3596 Et
430 3532 554 3598 Siritha
581 3533 737 3600 similiter.
782 3535 828 3599 Et
857 3534 934 3620 quia
962 3535 1124 3619 cognoscit
1154 3535 1260 3600 eidem
1283 3537 1287 3542 ’

158 3637 279 3704 Sirithc
308 3634 420 3700 dotem
448 3635 489 3700 de
518 3635 694 3706 medietate
724 3636 827 3704 tocius
857 3644 942 3701 terre
973 3659 1031 3706 sue
1061 3637 1145 3704 sicut
1171 3637 1260 3707 illam

158 3741 290 3808 dederat
316 3739 455 3806 Ricardo
477 3740 544 3806 filio
565 3764 631 3818 suu,
653 3741 774 3810 habeat
795 3741 867 3826 ipsa
888 3741 963 3806 inde
986 3741 1137 3813 seisiuam
1159 3764 1261 3818 suam,

158 3853 191 3912 ct
205 3852 307 3914 testes
322 3843 445 3910 scilicet
460 3842 616 3910 Ricardus
631 3843 728 3909 Fiton
744 3843 1000 3911 constabularius
1014 3843 1131 3922 Rich'⁶‚
1144 3844 1260 3910 Bubal-

159 3949 218 4014 dus
239 3947 506 4024 constabularius,
529 3947 706 4012 Nicholous
735 3947 775 4012 de
806 3947 1005 4032 Stapeltona‚
1028 3947 1192 4012 Walterus
1221 3947 1261 4012 de

159 4052 311 4124 Dertona
329 4059 363 4122 et
386 4049 549 4120 Galfridus
570 4051 600 4116 la
620 4051 746 4137 Noreys
767 4057 802 4115 et
824 4057 971 4135 preterea
992 4057 1064 4118 octo
1086 4049 1179 4114 liberi
1201 4057 1259 4142 etc.

158 4163 426 4222 summoneantur
439 4155 526 4241 quod
539 4154 605 4219 sint
627 4177 647 4220 a
666 4154 718 4220 die
739 4154 860 4220 Pasche
879 4153 914 4218 in
929 4161 995 4218 tres
1010 4153 1205 4240 septimanas
1220 4153 1261 4223 ad

188 4344 423 4408 mammonae
435 4343 476 4409 (t).
770 4339 928 4391 *ΤΙιοΙοιτΙΙ

187 4409 251 4460 ’So
275 4409 323 4460 the
349 4423 428 4458 cuma
450 4409 614 4472 pmrerrionir
636 4423 687 4458 was
770 4405 964 4464 ⁴Thetenant,
978 4403 1094 4458 william
1105 4403 1202 4457 Gurter.

157 4479 202 4524 not
212 4473 342 4537 changed.
380 4473 483 4524 SeeBr.
497 4473 515 4521 f.
528 4474 569 4521 41.
771 4469 962 4526 ⁵Bichmond?

239 4593 275 4640 ru
624 4565 627 4572 ’
1138 4573 1177 4639 12
