3260 5218
315 469 446 518 muner
468 469 541 519 suu
564 471 702 534 suarna,
725 470 790 522 nn.
814 458 906 533 1220,
930 471 993 522 nu.
1018 459 1046 521 4.
1188 459 1228 523 81

163 641 286 709 Warinus
321 643 436 709 habuit
480 653 546 711 tres
590 645 681 724 filios,
727 646 912 724 Radulfum,
955 646 1155 712 Willelmum
1197 655 1231 711 et

161 747 336 812 Nicholaum.
396 747 558 814 Radulfus
591 749 827 837 primogenitus
855 748 964 814 tenuit
993 757 1113 814 terram
1141 749 1231 815 illam

160 861 206 916 ete
230 860 261 915 et
284 851 397 916 habuit
418 875 521 917 unum
544 853 648 918 filium
670 853 890 918 Alexandrum
912 853 1042 918 nomine
1065 852 1122 939 qui
1142 851 1232 918 illam

159 955 251 1019 tenuit
269 953 275 1038 Ι
292 955 382 1020 Idem
412 956 599 1022 Alexander
619 957 700 1023 obiit
722 957 791 1022 sine
813 957 930 1022 herede
952 958 993 1023 de
1015 979 1144 1043 corpore
1166 979 1233 1034 suo,

35 1091 37 1100 ·
158 1059 225 1124 unde
250 1067 332 1125 terra
359 1061 418 1125 illa
448 1061 564 1127 debuit
592 1063 714 1128 reuerti
743 1061 785 1128 ad
814 1061 995 1148 predictum
1030 1062 1242 1142 willelmum,

158 1162 265 1227 fratrem
285 1163 415 1228 Radulfi
437 1171 472 1228 et
493 1172 619 1250 patrem
641 1164 744 1250 ipsius
767 1164 881 1230 Emme
905 1173 939 1229 et
961 1165 1034 1230 ideo
1056 1165 1126 1251 ipsa
1147 1163 1233 1250 petit

158 1265 287 1332 iudicium
302 1275 413 1332 utrum
429 1267 500 1353 ipsa
513 1268 619 1333 maius
633 1268 684 1333 ius
705 1267 825 1333 habeat
844 1269 879 1332 in
901 1275 987 1332 terra
1008 1267 1073 1346 illa,
1086 1265 1141 1332 uel
1163 1267 1231 1353 ipse

158 1369 283 1436 Wainus
296 1371 422 1438 desicut
437 1373 506 1459 ipse
522 1382 572 1439 est
586 1373 672 1438 filius
686 1373 752 1439 filie
772 1371 910 1459 predicti
924 1371 1074 1438 Nicholai
1089 1371 1232 1458 postnati

156 1473 201 1539 filii
213 1484 267 1540 etc.

205 1578 243 1643 Et
256 1578 407 1644 Warinus
421 1579 514 1644 uenit
529 1588 563 1646 et
578 1579 723 1645 defendit
745 1580 796 1645 ius
811 1603 906 1645 suum
922 1587 982 1646 ete.
1002 1589 1037 1644 et
1052 1577 1131 1644 dicit
1146 1579 1231 1666 quod

153 1681 233 1745 nichil
247 1682 365 1747 clamat
380 1683 575 1748 hereditarie
591 1683 625 1747 in
641 1683 864 1748 terramillam
882 1683 923 1748 de
946 1682 1059 1768 stipite
1076 1682 1132 1747 illo
1155 1681 1232 1768 quia

152 1783 217 1849 hene
230 1784 391 1871 cognoscit
405 1784 491 1872 quod
506 1784 664 1850 Radulfus
679 1785 742 1851 fuit
762 1785 845 1858 inde¹
858 1785 987 1852 saisitus
1008 1795 1043 1851 et
1062 1793 1135 1872 post
1156 1807 1231 1850 eum

149 1889 313 1955 Alexander
326 1889 414 1954 filius
428 1913 514 1967 suus,
529 1899 580 1956 set
593 1875 680 1956 idern
694 1881 880 1956 Alexander
893 1889 984 1956 dedit
1003 1899 1122 1956 terram
1142 1889 1230 1955 illam
1307 1882 1309 1888 ’

149 1991 251 2058 Sabine
264 1993 362 2058 matri
376 2015 435 2058 sue
450 2003 485 2060 et
506 1993 572 2058 filie
592 1993 728 2079 predicti
751 1994 784 2058 N
786 1993 904 2059 icholai
921 2015 979 2080 per
995 2001 1117 2059 cartam
1139 2015 1230 2058 suam

149 2116 230 2180 quam
242 2097 362 2182 profert
382 2103 418 2160 et
438 2118 501 2182 que
521 2095 581 2162 hoc
600 2104 741 2162 testatur
757 2095 843 2183 quod
866 2096 1030 2182 predictus
1049 2095 1232 2160 Alexander

148 2198 224 2265 dedit
257 2209 315 2266 ete
348 2200 470 2266 Sabine
500 2201 663 2268 Carbunel
699 2202 765 2267 filie
803 2202 954 2268 Nicholai
990 2201 1145 2266 auunculi
1181 2203 1231 2266 sui

147 2313 176 2368 et
199 2303 366 2369 heredibus
402 2304 470 2368 suis
498 2301 670 2370 dimidium
707 2305 837 2370 feodum
873 2305 971 2370 unius
1006 2304 1120 2369 militis
1156 2326 1229 2369 cum

146 2409 338 2492 pertinenciis
351 2409 387 2473 in
402 2407 505 2495 Oraye
521 2431 577 2494 pro
592 2409 741 2495 homagio
756 2417 790 2474 et
811 2407 947 2473 seruicio
967 2429 1025 2472 suo
1046 2405 1231 2472 habendum

146 2521 197 2578 ete
211 2512 370 2578 reddendo
384 2512 461 2578 inde
476 2513 645 2577 annuatim
660 2513 723 2578 sibi
737 2522 772 2578 et
786 2513 959 2578 heredibus
974 2512 1041 2578 suis
1056 2533 1158 2576 unum
1173 2533 1232 2596 par

147 2616 302 2682 calcarium
325 2617 554 2682 deauratorum
576 2615 618 2681 ad
633 2616 756 2682 Pascha
782 2625 841 2683 etc.
865 2624 899 2681 et
929 2615 1074 2681 faciendo
1102 2614 1232 2679 domino

145 2719 217 2785 leodi
243 2721 416 2787 seruioium
446 2719 532 2806 quod
560 2719 602 2785 ad
631 2720 761 2786 feodum
790 2720 872 2786 illud
900 2721 1044 2807 pertinet
1079 2727 1114 2786 et
1144 2719 1230 2786 idem

145 2825 313 2890 Alexander
327 2834 362 2890 et
376 2825 511 2889 heredes
525 2824 596 2888 wad
612 2832 673 2890 etc.

197 2929 239 2994 Et
253 2930 370 2994 Emma
384 2951 443 3014 per
457 2935 657 2992 attomatum
672 2950 768 2993 sunm
782 2927 875 2993 uenit
890 2937 924 2994 et
943 2929 1089 2995 defendit
1108 2937 1229 2994 cartam

144 3037 172 3095 et
189 3033 304 3098 donum
328 3031 507 3097 Alexandri
528 3031 649 3096 factum
674 3032 793 3097 Sabine
815 3039 850 3097 et
872 3033 966 3098 offert
993 3031 1124 3098 domino
1146 3031 1230 3118 Regi

144 3135 212 3201 duas
225 3159 345 3202 marcas
360 3157 419 3222 pro
433 3135 582 3200 habenda
598 3133 809 3221 inquisicione
825 3135 853 3200 si
868 3135 1032 3222 predictus
1046 3135 1230 3201 Alexander

145 3251 248 3306 cartam
264 3241 355 3306 illam
370 3239 448 3306 feeit
463 3247 498 3304 et
513 3248 631 3305 terram
647 3239 736 3306 illam
751 3239 843 3306 dedit
863 3240 983 3306 Sabine
1000 3239 1084 3306 siout
1106 3239 1229 3324 predio·

145 3351 202 3408 lum
216 3353 274 3410 est.

196 3447 236 3511 Et
265 3446 419 3512 Warinus
449 3445 530 3510 dicit
558 3445 644 3531 quod
673 3445 858 3511 Alexander
881 3432 1003 3511 cartam
1032 3445 1122 3510 illam
1152 3445 1229 3510 fecit

142 3545 248 3614 Sabine
270 3558 305 3614 et
326 3549 471 3636 sigillum
493 3548 574 3613 illud
596 3547 738 3635 sigillum
760 3571 856 3613 suum
878 3549 940 3613 fuit
962 3557 996 3613 et
1017 3549 1086 3634 ipse
1108 3548 1228 3614 donum

141 3652 209 3720 illud
229 3653 368 3720 fecerat¹
383 3653 489 3718 eidem
509 3651 627 3718 Sabine
649 3660 684 3716 et
706 3653 798 3738 ponit
818 3675 852 3717 se
872 3652 907 3716 in
926 3674 1076 3739 magnam
1096 3653 1227 3717 assisam

142 3755 249 3824 domini
263 3758 363 3844 Regis
378 3765 412 3822 et
426 3755 512 3843 petit
531 3755 785 3842 recognicionem
808 3755 878 3820 fien'
898 3763 1009 3819 utrum
1032 3755 1101 3842 ipae
1124 3755 1228 3820 maius

141 3859 183 3928 ius
194 3863 312 3929 habeat
326 3864 361 3928 in
377 3870 496 3927 terram
511 3861 600 3926 illam
615 3867 654 3924 ut
668 3882 711 3924 ex
722 3859 806 3925 dono
820 3858 996 3924 Alexandri
1008 3859 1092 3924 laeto
1108 3859 1227 3925 Sabine

142 3966 185 4030 uel
197 3961 340 4053 predicta
354 3965 479 4030 Emma.
524 3963 568 4028 Et
589 3961 662 4027 ideo
685 3962 748 4027 due
770 3983 876 4026 maroe
898 3960 1109 4047 recipiuntur,
1127 3961 1228 4050 plegii

143 4065 288 4135 hebertus
302 4067 389 4132 filius
404 4065 551 4131 Danielis
565 4072 600 4128 et
614 4064 636 4129 J
638 4063 779 4128 ehannes
793 4062 834 4126 de
851 4061 1002 4128 Suwerc¹.

69 4159 102 4224 11
195 4168 405 4236 'Alexandria
419 4189 484 4254 que
499 4166 563 4232 fuit
577 4189 658 4230 uxor
671 4163 843 4252 Reginaldi
854 4186 912 4250 per
920 4171 1121 4230 attornatum
1132 4187 1227 4236 suum
1291 4185 1342 4226 sar.

141 4275 212 4356 petit
238 4297 350 4340 uersus
379 4269 605 4338 Buchardum⁴
640 4268 776 4333 Burdun
812 4269 945 4334 tereiam
981 4277 1107 4355 partem
1144 4269 1229 4334 feodi

167 4401 291 4466 ¹feetaB.
808 4397 980 4456 ’Amfflch
999 4395 1030 4449 B.
1043 4398 1118 4449 m-t.

167 4467 177 4499 ²
190 4469 329 4534 Adjoarned
341 4474 368 4522 to
379 4469 476 4519 Easter
487 4464 559 4516 three
570 4463 659 4526 weeks,
669 4463 699 4526 A,
712 4464 744 4515 B.
810 4465 821 4495 ⁴
837 4465 1018 4522 Borctordma
1030 4463 1061 4524 A,
1074 4461 1105 4513 B.

214 4585 245 4633 n
1122 4566 1142 4627 6
