3260 5218
372 447 605 508 monacnum,
628 447 692 495 An.
717 433 809 508 1219,
833 447 896 496 ns.
920 435 1014 496 3-4.
1205 435 1245 496 49

150 614 275 680 llimrdi
296 617 460 702 patrissui
482 617 530 680 eis
550 626 655 680 eretro
675 625 751 680 sunt
772 617 834 681 lxx.
851 639 956 681 marce
978 625 1011 680 et
1026 614 1191 680 residuum
1207 614 1247 678 de

149 729 290 804 tempore
318 742 372 783 suo
397 727 431 784 et
461 719 539 783 inde
565 718 713 803 producit
743 728 863 783 sectam
891 727 960 796 etc,
986 719 1107 804 profert
1136 726 1247 782 eutem

146 831 265 888 certam
291 824 324 888 in
347 825 405 888 hec
428 825 532 888 uerba
557 823 713 888 Ricardus
739 824 779 888 de
804 823 900 890 Olera
923 823 1038 890 Comes
1061 822 1247 887 Hertfordie

145 928 294 993 omnibus
327 938 384 993 etc
415 929 564 992 salutern
596 927 713 992 Sciatis
749 949 802 990 me
838 927 963 991 dedisse
997 935 1056 990 etc.
1087 925 1247 990 Beetricie

144 1033 182 1096 de
211 1034 395 1120 Langelega
424 1055 482 1118 pro
511 1032 646 1097 seruicio
675 1054 733 1096 suo
759 1055 787 1096 x.
815 1031 884 1096 libr.
911 1031 1058 1096 redditus
1083 1030 1247 1095 habendes

144 1145 176 1200 et
195 1138 393 1224 recipiendas
413 1137 455 1202 de
475 1159 528 1200 me
549 1145 583 1200 et
603 1135 774 1200 heredibus
789 1136 870 1200 meis
889 1135 930 1200 de
951 1158 1077 1200 camera
1091 1134 1246 1220 quamdiu

143 1241 263 1306 uixerit
282 1243 333 1307 uel
353 1242 395 1306 de
416 1242 524 1306 chesil
530 1241 540 1272 ¹
555 1241 609 1305 uel
629 1241 669 1305 de
687 1240 879 1304 molendinis
895 1239 975 1304 meis
989 1240 1030 1304 de
1046 1238 1248 1304 Middletona

142 1343 243 1409 donec
266 1345 294 1410 ei
315 1345 479 1432 assignate
506 1345 637 1408 fuerunt
660 1367 687 1408 x.
712 1344 780 1408 libr.
804 1352 889 1409 terre
915 1343 994 1408 alibi
1019 1343 1054 1408 in
1080 1343 1148 1408 loco
1173 1365 1247 1407 con-

141 1447 269 1530 petenti
283 1447 355 1512 etc'

206 1551 252 1615 Et
280 1551 396 1618 Comes
427 1550 519 1615 uenit
549 1557 584 1614 et
616 1551 777 1636 cognoscit
814 1557 936 1615 cartem
972 1549 1074 1636 patris
1109 1549 1161 1614 sui
1196 1557 1247 1614 set

141 1653 273 1718 uidetur
292 1655 380 1740 quod
402 1676 469 1718 non
490 1653 588 1718 debet
610 1653 641 1717 ei
662 1653 853 1738 respondere
877 1653 917 1718 de
944 1653 1004 1718 hoc
1029 1653 1148 1730 debito,
1170 1653 1248 1738 quia

141 1766 323 1842 paterenus
338 1781 404 1822 non
419 1757 528 1843 potuit
543 1757 688 1822 denarios
703 1779 826 1822 annuos
846 1757 922 1822 dere
942 1757 983 1822 de
1004 1779 1130 1822 cernere
1146 1757 1247 1844 ipsius

143 1862 299 1927 Gileberti
321 1863 408 1927 sicut
430 1861 462 1926 ei
484 1861 615 1926 uidetur
637 1884 696 1947 per
718 1862 804 1947 quod
826 1862 895 1948 ipse
921 1871 1088 1927 teneretur
1113 1863 1246 1928 reddere

141 1965 352 2052 permissum⁸
367 1967 438 2031 eius
453 1975 488 2031 et
503 1989 599 2052 super
613 1966 673 2031 hoc
687 1967 780 2050 ponit
794 1989 829 2032 se
843 1989 940 2053 super
953 1967 1110 2032 iudicium
1125 1967 1220 2032 curie.

207 2071 251 2134 Et
264 2070 327 2156 ipsi
344 2078 465 2156 petunt
485 2069 571 2156 quod
590 2071 776 2135 warentizet
796 2071 842 2134 eis
864 2079 986 2136 certam
1008 2093 1100 2135 suam
1122 2070 1247 2135 desicut

143 2171 231 2236 illam
246 2172 418 2259 cognoscit,
434 2180 469 2236 et
483 2172 566 2235 bene
581 2171 673 2257 ponit
687 2194 721 2236 se
736 2194 833 2258 super
847 2171 1002 2236 iudicium
1021 2171 1049 2236 si
1063 2179 1157 2257 peter
1170 2195 1248 2236 suus

144 2277 249 2360 potuit
263 2277 324 2340 hoc
338 2277 443 2340 fecere
459 2297 567 2352 necne,
582 2275 609 2339 si
624 2275 672 2339 ite
686 2283 770 2339 esset
789 2275 937 2340 debitum
958 2275 1044 2361 quod
1063 2284 1156 2361 pater
1170 2297 1248 2340 suus

144 2380 264 2458 debuit,
293 2379 394 2444 debet
423 2379 492 2465 ipse
518 2379 650 2444 reddere
676 2379 745 2444 sine
771 2380 1032 2458 contradiccione,
1059 2379 1159 2444 etde
1185 2380 1248 2444 elio

142 2487 223 2570 petit
237 2484 404 2549 iudicium.

204 2589 247 2652 Et
274 2587 394 2652 Comes
419 2586 499 2651 dicit
524 2586 565 2650 de
590 2586 701 2650 debito
726 2586 827 2671 petris
853 2586 904 2650 sui
930 2586 1016 2672 quod
1041 2587 1109 2672 ipse
1132 2585 1248 2650 hebuit

144 2703 336 2768 executores,
351 2699 386 2754 et
401 2690 503 2754 nescit
518 2691 546 2754 si
560 2689 685 2755 mencio
700 2691 786 2755 facte
801 2691 864 2754 fuit
881 2691 916 2754 in
937 2698 1133 2755 testamento
1147 2689 1249 2776 patris

144 2794 189 2857 sui
211 2793 254 2858 de
277 2793 339 2857 hoc
361 2792 472 2857 debito
494 2815 554 2858 nec
575 2795 639 2870 ne⁴,
654 2817 714 2858 nec
733 2794 761 2858 si
781 2803 875 2880 peter
894 2817 971 2859 suus
991 2795 1114 2880 eliquid
1134 2794 1249 2858 debuit

144 2920 198 2962 nec
212 2921 265 2974 ne,
280 2905 316 2961 et
330 2897 404 2961 ideo
419 2897 504 2982 petit
519 2895 604 2961 diem
620 2898 818 2964 certificandi
838 2922 872 2964 se
893 2909 927 2964 et
947 2900 1131 2986 inquirendi
1153 2921 1250 2985 super

145 3003 199 3068 hoc
213 3003 392 3067 ueritatem
408 3009 467 3066 etc
483 3001 582 3066 hebet
596 3003 683 3067 diem
698 3025 792 3088 prece
807 3005 949 3090 petentis
965 3013 1023 3069 etc.

56 3101 93 3164 '.
203 3105 407 3170 ‘Willelmus
436 3104 477 3168 de
508 3103 676 3170 Oundsten
705 3106 790 3191 petit
815 3127 928 3171 uersus
954 3107 1117 3192 Bogernm
1147 3106 1187 3170 de
1217 3107 1250 3171 le

144 3209 249 3274 Suche
273 3207 362 3295 quod
384 3209 492 3294 capiat
512 3208 698 3295 homagium
719 3218 753 3274 et
772 3209 965 3275 racionabile
980 3211 1138 3276 releuium
1153 3233 1249 3275 suum

142 3311 180 3376 de
195 3311 299 3375 libero
314 3317 502 3374 tenemento
516 3331 574 3374 suo
589 3310 675 3396 quod
690 3319 781 3376 tenet
797 3320 831 3377 et
845 3310 886 3376 de
901 3333 939 3376 eo
954 3319 1064 3376 tenere
1079 3311 1198 3377 clamet
1213 3313 1248 3376 in

143 3413 242 3479 Elleri
264 3437 291 3478 e.

207 3437 265 3582 Etg
278 3518 426 3604 Rogerus
452 3517 545 3582 uenit
570 3527 605 3582 et
629 3517 710 3582 dicit
735 3519 822 3604 quod
847 3541 911 3584 non
937 3518 1035 3584 debet
1060 3518 1247 3605 homagium

142 3648 237 3690 suum
252 3623 329 3688 inde
341 3645 463 3708 capere,
475 3622 552 3708 quie
566 3645 733 3709 nunquam
748 3631 962 3688 antecessores
977 3623 1078 3708 ipsius
1092 3623 1249 3690 Willelmi

142 3729 330 3815 homagium
341 3727 488 3792 fecerunt
499 3728 752 3792 antecessoribus
763 3728 837 3804 suis,
847 3727 901 3792 uel
912 3728 1070 3792 releuium
1082 3727 1250 3806 dederunt,

172 3927 182 3960 ¹
198 3926 307 3978 Neither
317 3925 346 3975 in
358 3926 486 3977 noteboolr
502 3941 551 3976 nor
565 3925 593 3976 in
607 3927 670 3976 rolls
753 3927 764 3960 ⁸
781 3927 851 3979 Corr.
863 3930 1018 3991 promissum.

141 4008 189 4042 een
207 3993 221 4042 I
238 3991 300 4042 reed
316 3991 370 4040 this
385 4006 415 4040 es
429 3991 670 4054 eughtbutchoeil’
753 3993 806 4043 ⁴1t
825 3993 848 4042 is
865 3993 919 4042 still
936 3993 980 4042 the
996 3993 1061 4055 duty
1079 3993 1108 4041 of
1122 3991 1166 4041 the
1182 3990 1246 4052 heir,

141 4073 169 4107 or
179 4060 273 4107 etatis.
721 4061 769 4106 not
785 4057 831 4107 the
847 4061 974 4118 executor,
993 4063 1020 4106 to
1035 4072 1086 4120 pay
1103 4057 1148 4106 the
1165 4057 1248 4106 debts.

172 4124 184 4156 ²
199 4123 283 4172 These
291 4125 364 4173 rents
372 4120 473 4184 issuing
481 4120 573 4171 frome
583 4121 669 4171 cham·
721 4123 774 4171 But
785 4123 881 4172 semble
891 4123 913 4172 it
923 4123 947 4172 is
958 4121 1092 4172 otherwise
1102 4121 1125 4171 if
1133 4121 1177 4172 the
1188 4121 1249 4171 debt

141 4188 185 4238 ber
200 4203 245 4238 are
261 4202 322 4250 very
339 4185 443 4235 curione
460 4185 556 4248 things.
586 4186 671 4237 About
721 4187 752 4236 be
771 4187 921 4237 mentioned
939 4187 967 4236 in
990 4186 1035 4236 the
1055 4186 1115 4236 will.
1159 4187 1203 4235 Br.
1227 4187 1244 4237 f.

142 4252 401 4302 themseeBr.f.180.
423 4249 557 4300 Anessize
564 4251 615 4299 will
624 4256 671 4300 not
721 4252 771 4303 407
784 4252 807 4302 b.
825 4251 934 4301 ‘dentur
949 4251 1064 4302 cotiones
1078 4250 1249 4300 creditoribus

140 4319 172 4367 lie
189 4318 230 4366 for
246 4316 311 4366 such
327 4331 343 4365 a
360 4319 427 4373 rent¹
446 4331 505 4364 cum
521 4315 671 4365 huiusmodi
721 4321 812 4367 contra
834 4316 939 4366 heredes
960 4319 987 4365 et
1008 4331 1062 4366 non
1082 4319 1173 4365 contre
1192 4331 1248 4364 exe·

141 4382 256 4432 redditus
266 4395 321 4430 non
333 4380 368 4430 sit
380 4384 567 4429 tenementum.
599 4381 671 4444 They
721 4382 840 4431 cutores.'

140 4463 207 4498 seem
218 4452 247 4496 to
258 4446 289 4496 be
299 4447 354 4509 just
366 4445 509 4496 unaeoured
517 4445 658 4496 annuities.
753 4447 763 4477 ⁵
780 4449 807 4496 A.
823 4461 858 4495 m.
872 4446 916 4505 103
933 4445 963 4492 B.
976 4459 1011 4494 m.
1024 4446 1046 4496 9.

225 4563 259 4610 u.
1143 4549 1164 4607 4

1293 3228 1374 3268 Dcuon.
