3308 5226
496 479 637 540 nrnrnx,
659 479 723 528 au.
749 464 842 539 1234,
865 478 927 528 an
953 465 1001 527 18.
1237 464 1299 531 637
1407 517 1410 525 .

254 652 277 716 J
279 660 424 716 uratoree
438 648 553 717 dicunt
568 643 665 738 super
679 659 917 742 sacramentum
933 673 1028 716 suum
1044 653 1130 737 qued
1145 653 1300 717 uiderunt

191 755 276 842 quod
299 755 438 842 predicti
460 755 606 820 homines
628 755 669 820 de
693 754 909 821 Crawemerse
932 763 1077 841 tempore
1098 755 1199 843 Regis
1219 757 1250 820 J.
1266 763 1300 820 et

191 869 336 946 tempore
356 859 457 947 Regis
480 860 538 946 qui
558 883 644 924 nunc
665 867 715 924 est
735 853 863 945 semper
886 859 1105 924 uendiderunt
1124 882 1242 946 panem
1267 867 1301 923 et

190 964 360 1030 comisiam
390 963 644 1041 transeuntibus,
670 971 705 1027 et
734 962 933 1030 audiuerunt
963 963 1049 1049 quod
1077 963 1126 1029 ita
1155 966 1302 1029 fecerunt
1397 1009 1399 1014 -

191 1078 337 1155 tempore
360 1068 460 1156 Regis
482 1068 613 1134 Ricardi
635 1076 669 1133 et
691 1077 798 1145 antea,
819 1068 883 1132 set¹
904 1090 968 1154 quo
990 1078 1141 1155 warranto,
1156 1092 1216 1134 nec
1239 1092 1302 1155 quo

191 1172 269 1238 iure.
316 1173 359 1237 Et
384 1172 559 1259 aliquando
586 1172 741 1237 uiderunt
763 1172 849 1258 quod
871 1173 1039 1238 castellani
1061 1173 1102 1238 de
1124 1173 1301 1260 Wallinge-

193 1277 296 1341 ferdia
320 1276 400 1341 dum
427 1276 597 1341 Hubertns
624 1275 664 1340 de
691 1277 802 1362 Burgo
828 1275 893 1340 fuit
918 1277 1128 1342 camerarius’¹
1153 1277 1303 1342 arraciari

193 1379 339 1444 iecerunt
360 1379 510 1466 plumbos
534 1379 569 1443 in
594 1378 790 1445 Orawmerse
817 1389 852 1446 et
877 1380 994 1445 deferri
1017 1389 1099 1466 aput
1125 1381 1302 1468 Wallinge-

193 1483 338 1561 fordiam,
363 1491 413 1548 set
442 1505 609 1570 nunquam
640 1481 806 1546 sciuerunt
833 1482 919 1569 quod
944 1483 1114 1548 iusticiarii
1140 1483 1187 1547 ibi
1213 1483 1303 1548 missi

193 1595 302 1652 essent
323 1586 365 1651 ad
387 1587 530 1672 aliquam
553 1584 800 1671 inquisicionem
823 1585 1009 1650 faciendam.
1055 1587 1172 1652 Postea
1194 1587 1301 1652 Comi-

193 1691 273 1756 tissa
302 1690 427 1756 Oxonie
457 1712 522 1776 que
552 1689 700 1774 sequitur
729 1683 974 1774 inquisiciOnem
1000 1689 1090 1753 illam
1117 1689 1246 1775 quesita
1274 1689 1302 1754 si

193 1794 324 1880 aliquod
339 1794 459 1858 habeat
473 1793 729 1858 instrumentum
744 1799 867 1858 cartam
887 1793 940 1857 uel
960 1791 1117 1878 scripturn
1137 1793 1191 1857 uel
1211 1792 1301 1857 aliud

194 1921 251 1986 per
266 1899 352 1985 quod
367 1897 535 1963 ostendere
551 1897 652 1984 possit
673 1897 760 1983 quod
779 1906 958 1963 mercatum
979 1898 1026 1963 ibi
1046 1899 1164 1964 hahere
1183 1898 1301 1963 debeat

194 2012 228 2068 et
257 2025 375 2089 panem
401 2002 543 2067 uendere
569 2009 604 2066 et
630 2001 809 2080 ceruisiam,
835 2002 915 2067 dicit
941 2025 999 2088 per
1024 2009 1204 2068 attornatos
1227 2025 1302 2067 suos
1429 2025 1433 2031 ’

195 2107 281 2194 quod
304 2106 464 2184 nonnisi
490 2105 577 2192 quod
600 2106 706 2170 solent
732 2105 879 2173 uendere.
925 2107 968 2170 Et
995 2107 1072 2193 quia
1094 2108 1194 2172 nichil
1221 2107 1301 2172 scire
1329 2176 1330 2180 ,

194 2211 315 2298 poterit
329 2219 441 2276 utrum
456 2210 597 2275 uendere
613 2210 754 2274 debeant
774 2202 892 2296 panem
912 2220 947 2276 et
966 2211 1146 2289 ceruisiam,
1160 2212 1213 2276 uel
1229 2235 1302 2288 non,

195 2323 229 2378 et
252 2314 330 2400 quie
352 2313 415 2400 ipsi
438 2314 537 2378 nichil
561 2313 738 2378 ostendunt
764 2314 851 2400 quod
874 2314 1015 2380 uendere
1038 2315 1192 2393 debeant,
1217 2316 1301 2382 Oen·

195 2417 373 2483 sideratnm
393 2425 443 2481 est
463 2416 549 2503 quod
568 2440 633 2481 non
654 2416 799 2482 uendant
819 2439 937 2502 penem
959 2441 1018 2483 nec
1040 2418 1210 2484 ceruisiam
1232 2418 1302 2483 sine

197 2521 366 2586 uoluntate
382 2528 416 2584 et
431 2541 586 2584 consensu
602 2519 696 2584 Dom.
713 2519 814 2606 Regis
828 2519 913 2584 sicut
925 2529 1127 2587 mercatores.

138 2695 145 2709 ‚
260 2626 380 2691 Jurata
405 2624 497 2689 uenit
519 2624 724 2712 recognitum
745 2623 786 2689 de
808 2619 969 2690 consensu
985 2627 1131 2712 parcium
1153 2626 1181 2691 si
1203 2627 1303 2714 Hugo

197 2730 360 2795 Senzauer
381 2736 416 2793 et
438 2729 510 2794 Eua
531 2751 612 2793 uxor
633 2727 704 2792 eius
726 2728 858 2793 fuerunt
880 2729 914 2793 in
940 2729 1059 2794 seisina
1081 2731 1122 2795 de
1146 2754 1218 2797 xxx.
1241 2752 1302 2796 aer.

198 2841 283 2898 terre
312 2857 387 2898 cum
413 2841 493 2919 pert.
519 2833 554 2897 in
581 2833 804 2898 Bathecumbe
831 2856 911 2919 quas
936 2833 999 2920 ipsi
1024 2835 1166 2900 clamant
1190 2856 1303 2900 uersus

198 2937 392 3025 Magistrum
417 2937 592 3002 Ricardum
619 2935 659 3001 de
686 2937 719 3001 la
744 2937 857 3004 Onolle
884 2945 922 3002 ut
947 2937 988 3001 de
1015 2934 1201 3003 racionabili
1226 2937 1302 3003 dote

197 3042 299 3128 ipsius
313 3043 384 3106 Eue
400 3049 434 3106 et
448 3039 748 3106 illamdimiserunt
763 3040 891 3105 cuidam
906 3041 1051 3107 Fabiano
1067 3042 1242 3129 Capellano
1262 3041 1304 3106 ad
1377 3049 1379 3052 ’
1498 3051 1499 3054 ’

198 3147 374 3212 terminum
389 3145 446 3232 qui
460 3145 609 3231 preteriit
624 3145 679 3208 uel
694 3167 759 3208 non
774 3153 833 3209 etc.

261 3251 430 3316 Juratores
454 3249 567 3314 dicunt
590 3248 676 3335 quod
699 3247 883 3327 Willelmus
909 3255 1002 3332 pater
1025 3248 1162 3312 Fabiani
1184 3257 1304 3313 terram

189 3357 287 3421 'illam
308 3353 441 3420 habuit³
455 3355 490 3418 in
510 3350 672 3418 dominico
692 3376 751 3418 suo
771 3361 805 3418 et
825 3352 998 3418 seruicium
1019 3349 1220 3417 alternatum
1241 3352 1305 3417 fuit

199 3459 351 3544 predictis
366 3457 501 3544 Hugoni
516 3464 550 3521 et
563 3455 694 3521 Emme‘
704 3457 739 3520 in
751 3455 916 3538 dctem,'et
927 3464 1054 3520 mortuo
1065 3455 1121 3519 illo
1133 3455 1304 3532 willelmo,

199 3570 361 3628 uenerunt
380 3561 444 3646 ipsi
464 3561 564 3648 Hugo
585 3569 619 3626 et
641 3561 758 3626 Emma
777 3569 811 3625 et
834 3567 990 3646 ceperunt
1014 3568 1134 3626 terram
1157 3559 1245 3624 illam
1270 3560 1305 3624 in

197 3673 331 3732 'manum
347 3687 448 3743 suam,
463 3673 497 3731 et
512 3669 626 3751 postea
644 3665 738 3730 uenit
758 3665 921 3731 Fabianus
941 3674 976 3730 et
996 3666 1094 3731 finem
1117 3663 1208 3730 fecit⁶
1230 3687 1304 3729 cum

199 3771 245 3836 eis
281 3771 331 3834 ite
366 3768 452 3855 quod
489 3769 623 3856 haberet
659 3769 810 3834 seisinam
848 3769 888 3834 de
918 3769 1030 3835 eedem
1061 3778 1147 3834 terra
1173 3769 1304 3858 qualem

199 3875 383 3940 Willelmus
409 3881 502 3960 pater
527 3897 605 3939 suus
631 3873 755 3950 habuit,
779 3881 830 3937 set
854 3873 967 3938 dicunt
992 3872 1078 3960 quod
1101 3896 1166 3937 non
1189 3871 1306 3938 habuit

199 4001 271 4044 eam
294 3977 358 4043 nisi
379 3977 421 4042 ad
443 3977 548 4041 uitam
570 3983 721 4054 suamet
743 3975 812 4061 ipse
835 3977 1040 4062 postmodum
1063 3999 1134 4041 eam
1157 3974 1306 4040 uendidit

200 4081 306 4146 eidem
322 4079 479 4167 Magistro
494 4079 641 4144 Ricardo.
678 4079 722 4142 Et
737 4079 837 4165 Hugo
852 4087 887 4143 et
903 4079 974 4144 Eua
988 4077 1108 4164 quesiti
1122 4078 1150 4142 si
1162 4099 1305 4164 unquam

199 4193 276 4252 ante
291 4191 422 4270 tempus
433 4177 590 4247 Willclmi
598 4181 702 4268 patris
718 4181 855 4248 Fabiani
866 4182 1050 4246 habuerunt
1065 4181 1140 4246 inde
1155 4180 1305 4246 saisinam

233 4325 242 4358 ¹
261 4326 359 4389 supply
370 4327 492 4376 mactent.
811 4326 822 4359 ‘
840 4325 891 4378 She
900 4326 922 4377 is
932 4326 1081 4378 sometimes
1089 4327 1147 4377 Eva
1159 4325 1307 4376 sometimes

232 4391 360 4441 ¹Hubert
382 4405 434 4441 was
460 4388 637 4441 chamberlain
659 4391 729 4454 early
779 4391 884 4442 Emma.
1285 4416 1286 4420 =

201 4457 231 4506 in
242 4457 336 4506 John's
346 4455 427 4518 reign.
811 4459 823 4490 ὅ
833 4457 995 4522 feeitinterl
1010 4457 1202 4520 byannotator.

234 4521 245 4555 ³
261 4523 350 4572 habuit
360 4521 445 4571 interl.
458 4519 493 4585 by
504 4523 651 4571 mnotetor.
