3276 5234
388 399 451 464 242
596 413 828 478 mensurnis,
851 413 917 465 nn,
940 397 1033 478 1228,
1056 415 1120 465 nn.
1144 399 1280 467 la-re.

385 586 473 673 cepit
498 585 585 673 quod
610 586 722 652 ueniet
743 610 764 654 a
786 586 840 654 die
867 587 900 655 S.
924 587 1013 673 Hyli
1040 587 1075 653 in
1099 611 1150 656 xv.
1178 589 1255 655 dics.
1300 587 1392 654 Idem
1422 589 1493 654 dies

385 691 482 758 datus
508 699 559 758 est
583 692 740 780 Episcopo
769 693 804 759 in
833 693 936 760 banco
965 693 1023 781 qui
1051 693 1204 782 cognouit
1233 692 1319 782 quod
1348 692 1493 760 nondum

386 797 476 864 uisus
490 805 548 864 est.

451 900 617 988 ¹Rogerus
653 899 694 966 de
724 901 809 966 Hele
847 909 882 967 et
912 901 1029 968 Emms
1057 925 1138 968 uxor
1166 903 1237 969 eius
1265 925 1324 990 per
1352 902 1492 969 eundem

320 1003 341 1034 ²
386 1005 550 1092 Rogerum
571 1011 773 1070 attornatum
793 1005 896 1092 ipsius
920 1006 1035 1072 Emme
1059 1007 1145 1094 petit
1170 1029 1283 1072 uersus
1308 1007 1493 1072 Johannem

386 1108 427 1174 dc
450 1108 663 1176 Dunessland'
688 1109 713 1196 j.
740 1109 821 1196 uirg.
846 1117 931 1175 terre
954 1133 1029 1176 cum
1051 1119 1132 1198 pert.
1157 1111 1192 1176 in
1216 1111 1378 1178 Smitham
1401 1117 1435 1176 et
1459 1109 1495 1174 in

387 1207 507 1276 Feida⁸
527 1218 566 1275 ut
582 1210 634 1276 ius
654 1218 689 1276 et
710 1211 919 1298 maritagium
942 1212 1044 1300 ipsius
1059 1213 1175 1278 Emme
1196 1221 1231 1278 et
1252 1213 1287 1278 in
1310 1235 1407 1300 quem
1427 1233 1494 1276 non

386 1314 486 1382 habet
507 1314 687 1402 ingressum
709 1315 772 1380 nisi
794 1337 853 1402 per
874 1315 1070 1382 Mauricium
1091 1315 1133 1382 de
1155 1315 1322 1382 londonia
1350 1314 1494 1401 primum

386 1418 494 1484 uirum
518 1417 621 1505 ipsius
642 1419 758 1486 Emme
780 1420 834 1486 cui
855 1420 927 1507 ipsa
948 1420 983 1486 in
1005 1420 1077 1486 uita
1098 1442 1158 1486 sua
1188 1417 1405 1486 contradicere
1427 1441 1494 1484 non

386 1521 495 1610 potuit
510 1521 591 1588 etc'

451 1627 495 1692 Et
516 1627 683 1694 Johauncs
704 1627 798 1694 uenit
819 1636 854 1694 et
876 1628 1009 1696 uocauit
1034 1627 1076 1694 nd
1102 1635 1282 1696 warantum
1311 1626 1494 1694 Robcrtum

385 1732 427 1800 de
456 1732 624 1798 Londonia
652 1733 756 1798 filium
787 1733 925 1820 predicti
956 1733 1106 1800 Mauricii
1135 1757 1194 1820 per
1230 1741 1353 1800 certam
1389 1732 1495 1819 ipsius

386 1838 535 1906 Mauricii
557 1861 655 1924 quam
674 1840 797 1926 profert
818 1848 854 1905 et
869 1861 932 1926 que
954 1847 1096 1906 testatur
1117 1839 1204 1927 quod
1218 1839 1383 1926 predictus
1398 1839 1493 1904 hinu-

385 1940 482 2006 ricius
496 1941 588 2007 dedit
602 1941 748 2028 predicto
765 1941 909 2008 Johanni
930 1949 1033 2008 totam
1055 1943 1235 2030 predictam
1257 1952 1377 2010 terram
1399 1965 1493 2010 suam

385 2043 420 2108 in
446 2043 608 2110 Fordham
630 2045 722 2111 etin
746 2045 910 2112 Smitham
939 2069 1014 2112 cum
1044 2045 1194 2112 omnibus
1223 2055 1303 2133 pert
1335 2045 1402 2112 suis
1431 2054 1494 2112 etc.

385 2146 567 2214 habendam
590 2155 625 2212 et
647 2147 822 2214 tenendam
844 2147 960 2214 sibiet
979 2148 1152 2214 heredibus
1172 2148 1213 2214 dc
1233 2148 1377 2235 predicto
1398 2147 1493 2212 Mau-

384 2251 461 2318 ricio
485 2260 520 2318 ot
541 2250 715 2318 heredibus
736 2252 811 2332 suis,
833 2250 997 2318 reddendo
1018 2251 1095 2318 inde
1124 2274 1183 2338 per
1203 2274 1326 2318 annum
1348 2251 1412 2336 xvj.
1434 2251 1491 2316 soh

385 2364 445 2424 etc.
471 2364 506 2421 ct
534 2356 563 2422 ei
592 2364 712 2423 terram
741 2355 831 2422 illem
858 2356 1065 2422 warantizare
1095 2379 1160 2421 non
1192 2363 1300 2443 posset
1334 2354 1428 2420 deret
1462 2353 1494 2418 ei

385 2461 582 2528 escambium
597 2463 633 2528 in
647 2463 804 2530 comitatu
820 2462 969 2530 Deuonio
984 2471 1046 2530 cto.

450 2565 495 2630 Et
514 2566 677 2632 Robertus
699 2565 792 2633 uenit
814 2574 849 2632 et
870 2566 1034 2654 cognoscit
1049 2565 1156 2653 quod⁴
1176 2573 1298 2631 cartam
1320 2572 1355 2630 et
1369 2564 1492 2630 donum

385 2677 420 2734 et
439 2671 511 2736 war'
527 2678 578 2735 set
599 2669 685 2756 quod
707 2669 808 2736 nichil
830 2668 931 2736 habet
952 2669 989 2736 in
1010 2669 1161 2736 Deuonia
1182 2669 1269 2734 unde
1284 2667 1494 2734 warantizare

384 2773 486 2859 possit
500 2781 559 2840 etc.
572 2781 607 2840 et
620 2773 704 2839 bene
719 2773 884 2862 cognoscit
898 2773 986 2862 quod
1000 2773 1060 2840 hoc
1075 2773 1140 2840 fuit
1154 2772 1363 2860 maritagium
1378 2772 1494 2838 matris

384 2901 451 2948 sue.

451 2983 495 3050 Et
523 2983 690 3050 iohannes
719 2983 813 3049 uenit
842 2990 877 3048 et
902 2981 983 3050 dicit
1009 2981 1095 3069 quod
1117 2990 1263 3069 tempore
1285 2980 1494 3048 confectionis

385 3097 472 3156 certe
488 3097 522 3154 et
542 3097 766 3176 temporeque
784 3089 907 3155 donum
928 3089 959 3154 ei
981 3090 1103 3154 factum
1124 3088 1188 3154 fuit
1205 3087 1292 3154 idem
1315 3087 1493 3152 Mauricius

386 3193 521 3261 habuit⁶
543 3193 703 3281 quoddam
726 3194 907 3260 manerium
929 3193 964 3260 in
985 3193 1144 3274 Deuonia,
1166 3192 1288 3260 scilicet
1310 3191 1493 3256 manerium

385 3300 426 3366 de
443 3300 565 3379 Assele,
579 3299 628 3366 ita
647 3299 733 3386 quod
755 3308 868 3384 postea
885 3299 1032 3365 feoffauit
1053 3298 1238 3364 iohannem
1259 3296 1300 3362 de
1322 3297 1493 3383 Argentea

385 3427 443 3492 per
457 3404 630 3470 seruicium
650 3427 680 3470 x.
696 3427 790 3470 marc.
806 3427 865 3492 per
884 3427 1016 3484 annum,
1031 3403 1080 3469 ita
1100 3402 1186 3491 quod
1208 3401 1355 3489 predicta
1373 3401 1493 3466 Emma

386 3516 491 3574 mater
511 3507 649 3595 predicti
670 3507 805 3573 Roberti
827 3507 941 3573 dotata
962 3515 1012 3573 est
1033 3507 1074 3573 de
1096 3505 1250 3594 predictis
1272 3529 1301 3572 x.
1316 3527 1411 3570 marn
1427 3527 1491 3591 que

386 3613 417 3678 ei
453 3613 615 3700 assignate
650 3613 782 3678 fuerunt
819 3612 854 3678 in
890 3611 1009 3692 dotem,
1039 3619 1075 3678 et
1103 3611 1179 3678 inde
1209 3609 1302 3698 ponit
1330 3633 1365 3676 se
1394 3632 1493 3696 super

385 3717 525 3806 patriam
533 3718 552 3784 ⁶.

451 3825 495 3890 Et
509 3824 671 3890 Robertus
682 3822 762 3888 dicit
777 3820 863 3908 quod
877 3809 1231 3908 predictus'hiauricius
1241 3818 1331 3905 prius
1340 3818 1492 3884 feoffatus

385 3932 449 3998 fuit
463 3932 504 3998 de
519 3931 632 3998 eadem
647 3939 734 3996 terra
748 3930 788 3996 de
800 3930 954 4016 Essclega
967 3937 1143 4016 antequam
1158 3926 1289 4014 aliquod
1304 3926 1490 3991 feoffamen-

275 4051 321 4101 [nl
385 4045 457 4103 tum
475 4036 481 4126 Ι
501 4039 623 4103 factum
637 4037 752 4102 fuisset
767 4034 873 4102 eidem
889 4035 912 4100 J
913 4033 1034 4100 ohanni
1042 4029 1061 4101 ⁹.

416 4209 426 4244 ¹
442 4209 472 4262 B.
486 4223 522 4260 m.
534 4213 563 4271 ὃς
582 4209 611 4260 0.
623 4223 658 4262 m.
673 4213 696 4262 7.
994 4203 1191 4257 ⁰Thevorsion
1202 4203 1262 4256 ind
1280 4203 1303 4254 is
1320 4203 1422 4254 shomm
1437 4200 1490 4254 and

415 4275 426 4308 ¹
443 4277 567 4328 smirnam
578 4283 602 4326 et
614 4277 708 4335 Forda,
720 4275 751 4326 B.
962 4275 1071 4336 stopsat
1082 4271 1136 4322 this
1147 4274 1228 4334 stege.

414 4341 543 4392 8ΒωοΒι.
556 4341 573 4392 f.
586 4341 633 4389 321
645 4339 670 4390 b.
994 4337 1078 4388 ⁷Thc
1089 4335 1265 4388 versioninB
1282 4335 1306 4385 is
1317 4333 1420 4386 shorter
1436 4335 1491 4388 and

414 4407 425 4439 ⁴
442 4407 500 4456 Om.
512 4407 585 4469 quod.
960 4403 1026 4454 ends
1037 4402 1100 4454 with
1111 4418 1127 4454 s
1138 4403 1281 4453 encardia.

414 4473 425 4506 ⁵
443 4475 540 4535 habeut,
553 4471 693 4522 interlined
704 4471 737 4534 by
748 4473 897 4522 annotator.
