3314 5238
382 455 444 518 ιιι
680 465 815 527 unsrun,
838 465 901 514 sn.
927 451 1019 526 1231,
1042 465 1104 515 sn
1130 453 1179 514 15.

380 637 535 704 auunculi
556 637 658 724 ipsius
680 635 840 702 Beatricie
862 635 955 700 cuius
976 635 1069 701 heres
1089 635 1160 721 ipsa
1178 643 1228 699 est
1242 641 1277 698 et
1292 631 1349 720 qui
1364 630 1494 736 Philip

379 765 442 829 pus
463 742 545 808 obiit
566 764 625 829 per
646 763 697 806 xx.
719 763 820 806 annos
841 747 1018 826 antequam
1038 739 1112 804 finis
1127 739 1232 804 factus
1246 744 1340 814 esset,
1355 745 1390 802 et
1403 735 1494 800 bene
1517 825 1523 836 ι

380 845 543 932 cognoscit
564 845 663 910 finem
686 851 721 910 et
743 843 969 930 cirographum
991 851 1026 908 et
1046 841 1143 908 finem
1165 842 1259 907 illum
1279 841 1333 906 et¹
1349 840 1496 904 libenter

380 946 689 1114 ‘indidimus
710 1047 789 1112 sats
811 1047 975 1134 cognoscit
996 1047 1084 1134 quod
1105 1045 1243 1133 peuce
1265 1045 1283 1110 l
1307 1044 1362 1110 ⁸01.
1384 1042 1496 1108 uenia

218 1111 301 1232 titt..
316 1156 360 1230 ‘'l-¹·
382 1151 515 1216 fuerunt
537 1171 595 1236 pro
616 1149 738 1215 releuio
760 1148 801 1214 de
822 1157 928 1214 morte
949 1149 1053 1236 ipsius
1075 1149 1220 1236 Philippi
1239 1157 1290 1214 set
1309 1148 1393 1213 bene
1409 1146 1496 1212 dicit

227 1251 256 1372 :n
282 1251 313 1372 ui·⁸
331 1249 355 1324 ἴ
381 1253 468 1342 quod
489 1262 562 1340 post
582 1253 680 1318 finem
700 1252 794 1318 illum
814 1252 913 1318 soluti
928 1254 1061 1319 fuerunt
1076 1261 1110 1318 et
1125 1252 1194 1339 ipse
1206 1275 1259 1318 eos
1273 1251 1417 1317 reddidit
1433 1273 1495 1337 pno

282 1343 328 1419 'se-¹¹
381 1359 511 1424 delectu
525 1357 628 1445 ipsius
642 1357 811 1423 Beatricie.

448 1463 491 1528 Et
513 1463 591 1550 quia
611 1461 815 1550 recognitum
837 1471 888 1526 est
908 1461 1004 1548 plane
1023 1461 1111 1548 quod
1125 1459 1264 1548 predicti
1278 1461 1298 1527 l.
1313 1461 1368 1526 sol.
1384 1460 1496 1526 debiti

382 1567 514 1632 fixerunt
536 1572 713 1652 antequam
736 1565 810 1630 finis
833 1565 938 1630 factus
960 1573 1046 1630 esset
1068 1588 1126 1651 per
1148 1565 1281 1652 longum
1302 1571 1436 1650 tempus
1459 1573 1496 1629 et

382 1670 455 1736 finis
477 1669 615 1734 exclusit
636 1689 748 1734 omnes
767 1667 992 1733 contenciones
1010 1677 1045 1734 et
1059 1667 1136 1755 quia
1150 1668 1221 1754 ipsa
1234 1668 1328 1732 illum
1343 1668 1495 1754 equieta-

383 1775 434 1841 uit
449 1774 489 1840 de
504 1774 653 1839 omnibus
668 1771 812 1838 seruieiis
827 1771 947 1838 debitis
966 1781 1040 1858 post
1062 1772 1160 1837 finem
1182 1772 1285 1848 illum,
1299 1770 1494 1837 Considera-

383 1885 455 1942 tnm
479 1884 530 1940 est
556 1875 642 1962 quod
668 1874 831 1940 Beatricia
855 1873 932 1939 inde
955 1873 1025 1938 sine
1049 1873 1102 1938 die
1129 1883 1164 1939 et
1189 1882 1302 1939 teneat
1326 1873 1429 1938 finem
1457 1881 1494 1938 et

382 1979 561 2044 Rollandus
575 1977 609 2042 in
624 1977 841 2042 misericordia
855 1999 913 2062 pro
928 1977 1007 2042 falso
1021 1976 1165 2042 clamore.

326 2140 333 2156 ,
448 2079 606 2144 Ricardus
635 2079 820 2166 capellanus
848 2079 889 2144 de
920 2078 1093 2144 Liddeford
1121 2079 1328 2145 athnchiatus
1357 2079 1423 2144 fuit
1449 2077 1493 2144 ad

382 2184 640 2271 respondendum
663 2183 786 2249 Thome
808 2183 849 2249 de
871 2183 1023 2270 Renigny
1038 2206 1136 2269 quare
1157 2193 1288 2250 secutus
1308 2184 1372 2250 fuit
1389 2183 1493 2270 placi-

383 2297 454 2354 tum
477 2289 512 2354 in
535 2289 625 2353 curie
645 2288 870 2354 cristianitatis
893 2289 934 2354 de
957 2289 1038 2353 laico
1060 2288 1152 2355 feodo
1178 2289 1279 2376 ipsius
1305 2289 1430 2354 Thome
1455 2289 1492 2353 in

382 2391 589 2458 Liddefordia
607 2399 719 2456 contra
737 2391 990 2478 prohibicionem
1010 2400 1080 2469 etc,
1095 2400 1130 2457 et
1144 2391 1231 2457 unde
1245 2391 1332 2456 idem
1348 2391 1492 2456 Thomas

383 2497 531 2583 queritur
549 2497 636 2583 quod
653 2519 727 2562 cum
742 2497 812 2582 ipse
828 2496 948 2562 habeat
963 2496 1126 2582 quandam
1140 2505 1308 2583 pasturam
1322 2496 1358 2560 in
1372 2495 1490 2560 eadem

382 2602 462 2666 uilla
476 2609 657 2687 separatam
672 2599 730 2666 ubi
744 2601 831 2665 idem
845 2600 1003 2666 Ricardus
1013 2601 1137 2666 nullam
1148 2621 1352 2666 communem
1367 2599 1490 2664 habere

380 2705 479 2770 debet
497 2703 585 2769 idem
606 2703 763 2768 Ricardus
779 2703 905 2768 inmisit
919 2705 1030 2770 aueria
1043 2727 1103 2770 sua
1116 2705 1152 2769 in
1166 2713 1332 2791 pasturam
1346 2703 1439 2768 illam
1455 2713 1491 2768 et

380 2831 455 2875 cum
477 2809 621 2874 seruiens
641 2829 719 2872 suus
734 2829 773 2872 ea
786 2807 858 2893 capi
873 2808 993 2873 faceret
1007 2807 1094 2873 idem
1109 2807 1267 2872 Ricardus
1280 2807 1491 2894 inplacitauit

398 2911 404 2998 l
424 2935 500 2980 eum
521 2912 598 2978 inde
619 2912 654 2976 in
677 2911 766 2978 curia
788 2911 1012 2978 cristianitatis
1033 2913 1083 2977 ite
1102 2911 1188 2998 quod
1208 2934 1284 2978 cum
1299 2913 1376 2978 fecit
1390 2913 1491 2977 eum'

380 3016 650 3082 excommunicari
664 3025 699 3082 et
719 3025 793 3104 post
808 3017 848 3082 xl
869 3016 940 3087 dies
961 3017 1039 3103 quia
1060 3017 1282 3103 perseuerauit
1303 3017 1338 3081 in
1360 3039 1489 3082 excom-

380 3119 600 3185 municacione
622 3141 698 3184 eum
720 3118 792 3206 capi
814 3119 892 3184 fecit
912 3127 947 3184 et
966 3119 1158 3205 inprisonari
1172 3143 1231 3206 per
1244 3143 1274 3184 x.
1289 3120 1489 3206 septimanas

380 3221 429 3286 ita
453 3221 540 3308 quod
565 3221 779 3287 deterioratae
804 3229 855 3286 est
880 3229 915 3286 et
939 3221 1118 3308 dampnum
1142 3221 1243 3288 hebet
1267 3232 1327 3289 etc
1352 3231 1387 3288 et
1410 3223 1488 3288 inde

379 3325 528 3411 producit
543 3333 672 3391 sectam.

445 3428 489 3492 Et
504 3427 661 3493 Ricardus
675 3427 769 3493 uenit
783 3436 818 3494 et
833 3427 979 3494 defendit
993 3437 1105 3495 contra
1119 3451 1195 3494 eum
1207 3437 1242 3496 et
1256 3437 1378 3495 sectam
1392 3453 1488 3496 suam

380 3529 466 3617 quod
488 3553 655 3616 nunquam
677 3538 751 3616 post
771 3531 1026 3617 prohibicionem
1047 3532 1149 3597 traxit
1163 3541 1224 3598 etc.
1239 3541 1274 3597 ει
1288 3532 1430 3598 maxime
1445 3532 1488 3598 de
1590 3520 1593 3531 ’

379 3635 469 3699 nullo
484 3634 565 3699 laico
579 3635 672 3699 feodo
687 3635 789 3722 ipsius
804 3635 927 3701 'l'home
942 3645 994 3701 set
1014 3659 1129 3701 nerum
1151 3637 1226 3702 uult
1246 3637 1352 3702 dicere
1372 3659 1489 3702 reuera

379 3738 448 3824 ipse
470 3759 597 3824 semper
618 3738 682 3802 fuit
701 3739 737 3803 in
757 3739 876 3805 seisina
894 3749 929 3804 et
944 3748 1160 3806 antecessores
1175 3741 1226 3806 sui
1241 3741 1282 3806 de
1297 3750 1432 3828 pastura
1445 3741 1487 3806 ad

378 3841 435 3927 iiij.
451 3841 551 3906 boues
566 3847 600 3906 et
614 3841 695 3906 duas
709 3863 824 3906 uaccas
839 3850 873 3906 et
891 3841 933 3908 ad
952 3865 1055 3908 unum
1075 3844 1222 3909 suerium
1242 3852 1281 3908 ut
1301 3843 1487 3930 pertinente

378 3944 421 4010 ad
443 3966 541 4008 unam
565 3943 680 4030 ningat
705 3953 789 4009 terre
810 3967 873 4030 que
893 3954 944 4010 est
958 3945 999 4011 de
1014 3946 1173 4011 dominico
1188 3946 1290 4033 ipsius
1305 3946 1438 4012 ecclesie
1452 3955 1488 4010 et

379 4047 466 4113 unde
481 4047 615 4113 ecclesia
628 4071 687 4113 sua
701 4048 814 4113 dotata
828 4049 892 4114 luit
907 4058 941 4114 et
956 4073 1058 4136 quum
1078 4049 1221 4116 seruiens
1240 4049 1343 4136 ipsius
1362 4049 1487 4114 Thome

379 4151 467 4237 cepit
481 4150 592 4215 auerie
605 4173 665 4215 sua
682 4149 716 4214 in
737 4150 850 4216 eadem
872 4159 1006 4238 pastura
1026 4161 1221 4239 conquestus
1243 4153 1307 4218 fuit
1328 4153 1486 4219 archidia-

380 4277 459 4319 cono
473 4254 534 4319 loci
548 4253 589 4319 de
604 4254 797 4340 spoliacione
817 4255 874 4320 illa
891 4264 925 4322 et
940 4256 1036 4321 aliter
1049 4279 1114 4321 non
1129 4257 1335 4342 inplacitauit
1350 4280 1435 4336 eum,
1450 4267 1485 4323 et

412 4421 576 4537 {Ometflg
605 4487 634 4500 ..
958 4441 1021 4490 way.
1058 4427 1286 4490 Hammath

439 4487 492 4537 But
503 4487 547 4537 the
575 4503 671 4539 ecrsron
687 4489 760 4540 looks
774 4490 818 4542 the
833 4491 907 4543 other
990 4493 1074 4544 ³0m.
1087 4508 1211 4544 oneeum.
