3308 5226
362 441 426 511 716
594 454 830 518 muniemus,
851 453 916 506 un.
940 441 1034 518 1224,
1056 455 1120 504 nu
1143 440 1237 506 8-9.

360 627 509 696 eoncedit
523 627 610 716 quod
624 629 682 696 ille
696 629 776 718 uirg.
792 637 878 696 terre
899 651 999 716 quem
1022 635 1138 696 tenent
1159 636 1300 716 ponetur
1320 627 1355 693 in
1376 635 1469 716 purte

360 733 447 798 inter
462 755 524 812 eos,
539 741 574 798 et
588 731 661 798 ideo
677 731 736 798 fiet
750 733 886 820 particio
901 733 988 798 inter
1001 754 1062 800 θοι

282 853 307 913 ·,
427 838 565 926 'Magne
600 837 701 904 uesieu
736 837 823 903 inter
862 837 1044 904 Robertum
1083 837 1187 924 Amye
1226 844 1396 924 petentem
1435 842 1472 900 et

360 940 537 1006 Oebertum
551 942 654 1028 Assye
668 939 899 1006 desoreientem
913 939 955 1006 de
972 939 1110 1005 seruieio
1128 948 1164 1006 et
1180 937 1472 1005 eonsuetudinibus

359 1051 420 1110 etc.
436 1043 569 1130 ponitur
582 1043 617 1108 in
638 1049 821 1130 respectum
842 1063 945 1129 usque
965 1041 1150 1108 eoneordeti
1169 1041 1237 1108 sint
1256 1051 1292 1108 et
1312 1040 1473 1108 osbertus

359 1148 418 1215 dut
432 1149 464 1235 ij.
481 1171 604 1214 merem
618 1170 677 1236 pro
691 1147 826 1214 licencia
840 1145 1064 1213 coneordendi.
1086 1155 1089 1162 ’

424 1251 602 1318 'Henricuu
631 1253 764 1318 Bucnnt
800 1251 887 1338 petit
923 1273 1037 1317 uersus
1073 1249 1257 1317 Johnnnem
1287 1247 1473 1316 Welerund’

360 1364 501 1443 quatuor
524 1355 646 1442 uiginti
670 1377 732 1422 uer.
756 1363 842 1420 tene
867 1377 943 1420 eum
973 1363 1055 1442 pert
1085 1353 1121 1420 in
1147 1352 1334 1421 Steninere⁸
1356 1375 1472 1420 uersus

358 1459 544 1526 Johennem
575 1457 616 1524 de
647 1457 823 1546 Stepingee
851 1465 887 1524 et
916 1458 1026 1524 Gilum
1055 1479 1188 1524 uxorem
1217 1459 1288 1524 eius
1316 1466 1383 1523 tues
1414 1457 1471 1522 eoi

359 1563 507 1630 redditus
526 1571 561 1628 et
582 1561 663 1628 duas
684 1585 746 1628 aer.
762 1571 848 1628 terre
870 1583 946 1628 eum
966 1563 1099 1650 pertin
1120 1563 1234 1630 eedem
1257 1563 1338 1628 uille
1358 1571 1398 1628 ut
1419 1561 1473 1628 ius

358 1689 465 1732 uuum.

426 1771 470 1838 Et
491 1769 658 1838 Johennee
680 1769 847 1836 Johennee
866 1777 902 1836 et
924 1769 1000 1836 Gile
1021 1791 1079 1858 per
1099 1777 1302 1836 attenuatum
1323 1770 1472 1836 eiusdem

361 1875 434 1942 Gile
457 1875 598 1942 ueniunt
617 1883 652 1940 et
671 1881 792 1961 petunt
811 1874 888 1940 inde
908 1875 1027 1940 uiuunt
1070 1873 1233 1940 Habeant
1278 1874 1358 1940 Dies
1373 1874 1473 1941 dutus

360 1988 411 2046 est
425 1979 472 2045 eis
486 1979 564 2046 tulis
578 1987 639 2045 ete.

425 2083 518 2150 Idem
533 2083 696 2148 Henn'eus
705 2082 792 2169 petit
803 2105 917 2149 uersus
927 2082 1035 2170 ipsum
1046 2082 1231 2150 Johennem
1241 2081 1283 2148 de
1295 2081 1474 2170 Stepingee

359 2186 445 2274 quod
460 2185 575 2253 reddet
590 2187 622 2253 ei
635 2209 664 2253 v.
680 2207 804 2252 merens
818 2194 853 2252 et
863 2186 889 2273 j.
904 2186 1051 2274 gladium
1066 2209 1129 2274 que
1149 2186 1181 2252 ei
1201 2186 1321 2252 iniuste
1341 2187 1473 2252 detinet

361 2297 399 2354 ut
420 2289 501 2354 dieit
522 2289 600 2376 quie
618 2289 654 2354 in
673 2289 770 2376 pleno
789 2289 948 2355 comitatu
968 2311 1027 2376 pre
1046 2290 1300 2376 transguessione
1319 2313 1418 2378 quem
1439 2290 1473 2356 ei

359 2393 437 2460 feeit
458 2393 614 2460 coneeseit
635 2393 668 2460 ei
688 2393 762 2460 illus
783 2415 812 2459 v.
834 2415 958 2460 mareas
983 2401 1018 2460 et
1039 2394 1147 2481 ipsum
1168 2393 1315 2483 gladium
1336 2403 1372 2462 et
1393 2394 1473 2460 inde

359 2497 508 2585 producit
522 2505 645 2564 sectum
659 2505 722 2564 etc.

424 2601 469 2666 Et
497 2599 664 2666 «Iohannes
693 2599 788 2666 uenit
816 2608 852 2666 et
881 2599 1029 2666 defendit
1057 2607 1171 2668 contre
1194 2623 1271 2666 eum
1297 2609 1333 2666 et
1357 2609 1474 2668 eontra

359 2711 482 2770 sectum
497 2727 590 2770 suem
605 2703 655 2770 et⁴
670 2703 757 2792 quod
771 2705 900 2770 nullum
914 2704 1085 2770 denudum
1100 2705 1132 2770 ei
1142 2704 1241 2772 debet
1252 2727 1312 2770 nec
1322 2705 1471 2792 gladium

359 2817 394 2873 et
417 2808 512 2874 offert
536 2807 597 2874 hoe
621 2807 795 2874 defendere
821 2807 907 2874 sieut
932 2808 1023 2874 euuie
1051 2807 1305 2874 considerauerit
1333 2817 1369 2874 et
1397 2808 1473 2874 ideo

359 2911 521 2978 defendit⁸
534 2934 569 2978 ee
584 2911 637 2998 xij.
654 2933 753 2978 menu
768 2919 803 2978 et
817 2911 931 2978 ueniet
945 2935 1020 2978 eum
1035 2912 1107 3000 lege
1122 2935 1143 2978 e
1155 2912 1209 2978 die
1224 2912 1347 2978 Peeche
1366 2911 1401 2978 in
1416 2937 1470 2980 xv,

359 3015 436 3080 dieu
480 3015 648 3082 Johennes
669 3015 764 3080 uenit
785 3021 822 3080 et
843 3015 921 3080 iecit
943 3015 1050 3102 legem
1070 3023 1105 3082 et
1124 3015 1198 3082 ideo
1218 3022 1269 3081 est
1288 3015 1421 3102 quietus
1435 3025 1472 3082 et

361 3119 524 3185 Henrieue
537 3119 573 3186 in
587 3117 813 3186 miserieordin

304 3289 311 3304 ,
425 3224 559 3290 ‘Emme
572 3247 636 3310 que
651 3223 716 3290 fuit
734 3247 816 3290 uxor
829 3223 969 3291 Walteri
987 3224 1049 3290 filii
1067 3223 1199 3290 Rieurdi
1217 3223 1259 3290 de
1279 3225 1469 3310 Felebuigge

360 3353 419 3416 per
442 3337 646 3396 automatum
667 3351 765 3396 suum
787 3328 874 3416 petit
896 3351 1010 3396 nereus
1033 3327 1209 3394 Rimrdum
1234 3327 1276 3394 de
1301 3329 1470 3415 Felebrige

361 3441 511 3519 quartem
525 3442 653 3520 purtem
668 3433 807 3500 duarum
822 3457 925 3501 carue.
940 3441 1026 3500 terre
1040 3455 1115 3498 eum
1129 3440 1211 3518 pert.
1222 3431 1258 3496 in
1269 3431 1470 3519 Felebuigge,

362 3536 803 3622 Steuntonu‚Aylmu1-tone,
828 3535 1021 3602 Suthstedie
1048 3543 1084 3600 et
1114 3535 1265 3600 Mortene
1292 3542 1332 3599 ut
1360 3533 1471 3600 dotem

360 3661 453 3704 suum
482 3637 570 3704 unde
599 3639 766 3725 predictus
792 3640 958 3706 walterus
986 3662 1060 3706 eum
1089 3638 1219 3704 dotauit
1247 3639 1300 3704 die
1325 3647 1386 3704 ete
1412 3660 1472 3724 per

360 3765 525 3810 assensum
548 3751 584 3810 et
606 3744 813 3810 uoluntatem
835 3745 981 3811 eiusdem
1002 3743 1135 3810 Rieeudi
1156 3743 1258 3830 petris
1279 3743 1331 3809 sui
1352 3751 1414 3809 etc.
1435 3751 1472 3808 et

361 3847 438 3914 inde
452 3847 574 3934 profert
588 3855 712 3914 eertum
732 3848 878 3916 eiusdem
897 3849 1030 3916 Ricurdi
1048 3873 1113 3936 que
1133 3849 1194 3915 hoe
1213 3848 1301 3914 idem
1320 3855 1471 3925 testetur,

362 3953 448 4039 quod
473 3951 629 4018 eoneeesit
653 3950 761 4017 eidem
783 3952 929 4020 Waltero
954 3953 1021 4020 filio
1046 3975 1105 4019 suo
1130 3952 1173 4019 ed
1194 3952 1297 4040 ipsum
1320 3953 1471 4020 Emmem

362 4055 537 4121 dotandum
552 4055 656 4142 ipsum
672 4064 822 4142 quartam
837 4065 973 4144 purtem.

265 4187 270 4197 .
396 4225 406 4257 ¹
423 4225 453 4277 Δ.
472 4239 507 4274 ιιι.
525 4225 565 4276 80.
598 4225 664 4276 This
679 4225 787 4291 entryie
802 4226 892 4291 eopied
974 4227 985 4261 ⁸
1002 4227 1100 4292 supply
1111 4235 1143 4290 et,
1157 4226 1188 4277 A.

364 4289 461 4352 merely
477 4289 585 4342 bouem
600 4290 668 4342 ind
688 4291 735 4342 the
755 4292 830 4343 merk
852 4297 892 4344 tet
973 4292 1104 4354 (ΟΜ,
1118 4293 1148 4345 Δ.

364 4353 891 4470 ἲςιίηειιὴοηοιῐωοεοωαίίιῦειοο
973 4357 1210 4420 'Oomdeseedat
1223 4357 1255 4408 Δ.

376 4435 412 4471 er.
974 4421 1158 4476 ‘nutet

398 4484 556 4536 Quum.
590 4487 780 4540 mauult.
