3276 5234
476 442 616 504 nassas,
639 441 704 492 an.
728 429 823 506 1227,
844 442 908 492 aa
932 431 979 491 11.
1218 429 1281 496 207

159 611 329 681 descendit
350 617 412 686 ius
431 626 522 683 terre
544 618 633 683 illius
655 617 781 706 Rogero
802 619 870 684 filio
891 639 958 695 suo,
981 617 1021 683 de
1052 618 1187 705 Rogero,
1210 619 1282 684 Elis

163 719 310 798 filiosuo,
324 721 368 786 de
384 722 481 810 Elya,
496 723 561 808 ipsi
575 724 702 809 Rogero
716 732 755 787 ut
770 723 837 787 lilio
852 731 887 788 et
900 723 1013 788 heredi
1027 745 1086 788 suo
1101 731 1162 788 etc.

229 823 273 888 Et
288 825 453 912 Georgius
468 826 564 891 uenit
579 835 613 892 et
627 827 774 892 defendit
787 828 839 892 ius
853 849 950 892 suum
965 850 1051 892 nunc
1066 835 1102 892 et
1121 827 1201 892 alias
1221 835 1280 892 etc

167 935 201 991 et
213 926 295 992 dicit
309 929 399 1014 quod
414 929 515 1016 Elyas
528 938 622 1015 pater
635 951 713 995 suus
727 953 894 1017 perquem
914 931 1041 1008 clamat,
1057 939 1188 996 tantum
1203 931 1283 996 fecit

168 1031 253 1118 quod
267 1031 357 1098 idem
373 1033 522 1120 Rogerus
537 1033 664 1098 nullum
680 1032 732 1097 ius
746 1031 847 1097 habet
866 1033 901 1098 in
921 1043 1008 1098 terra
1027 1034 1085 1098 illa
1103 1041 1138 1098 et
1160 1035 1282 1120 profert

168 1143 292 1200 cartam
313 1136 419 1222 ipsius
443 1137 524 1221 Elye
547 1157 609 1222 que
632 1143 774 1200 testatur
790 1135 877 1222 quod
898 1135 967 1222 ipse
983 1136 1060 1200 fecit
1082 1136 1282 1202 concordiam

168 1261 244 1304 cnm
259 1239 448 1305 Alexandro
463 1239 531 1304 filio
546 1239 665 1326 Rogeri
684 1238 725 1302 de
739 1239 851 1303 Ruilla
869 1239 911 1304 de
930 1241 1074 1305 manerio
1094 1241 1136 1306 de
1158 1242 1283 1306 Estona

168 1343 257 1428 quod
278 1343 467 1408 Alexander
488 1342 605 1418 tenuit,
628 1341 714 1406 unde
740 1341 897 1426 placitum
920 1351 991 1408 erat
1016 1343 1051 1408 in
1075 1344 1164 1409 curia
1187 1344 1281 1410 Dom.

168 1447 280 1532 Regis,
290 1445 341 1510 ita
354 1445 442 1532 quod
457 1445 526 1531 ipse
542 1445 632 1510 dedit
647 1453 682 1510 et
698 1445 853 1510 concessit
867 1445 1012 1531 predicto
1024 1446 1209 1513 Alexandro
1225 1469 1282 1533 pro

168 1549 255 1614 bono
283 1549 375 1635 pacis
396 1549 570 1614 dimidium
596 1547 796 1614 manerium²
822 1548 862 1614 de
889 1550 1013 1614 Estona
1038 1551 1216 1616 tenendum
1239 1552 1281 1617 de

168 1674 207 1716 eo
223 1661 259 1718 et
274 1652 449 1717 heredibus
464 1653 531 1718 suis
546 1653 646 1718 libere
661 1661 695 1718 et
710 1653 821 1738 quiete
836 1653 871 1718 in
886 1653 1036 1718 omnibus
1051 1653 1225 1742 rebusque
1240 1656 1281 1721 ad

168 1757 257 1822 idem
287 1757 471 1821 manerium
500 1764 658 1842 spectant,
684 1765 720 1820 et
740 1756 873 1842 insuper
900 1765 1109 1842 patronatum
1139 1759 1280 1834 ecclesie,

168 1870 203 1925 et
226 1861 298 1946 ipse
320 1860 506 1925 Alexander
530 1860 606 1925 inde
632 1861 711 1925 fecit
733 1860 766 1926 ei
789 1861 986 1948 homagium.
1030 1861 1155 1928 Profert
1177 1864 1280 1929 eciam

168 1972 294 2028 cartam
317 1963 463 2027 eiusdem
478 1962 656 2028 Alexandri
670 1985 734 2049 quc
755 1971 896 2028 testatur
910 1963 997 2050 quod
1011 1963 1102 2030 dedit
1116 1965 1281 2031 Willelmo

168 2067 210 2132 de
240 2067 389 2132 Saffuble
417 2089 476 2153 pro
498 2067 649 2154 homagio
674 2076 710 2132 et
734 2067 870 2132 seruicio
895 2067 1106 2133 medietatem
1135 2069 1214 2134 uillc
1239 2069 1280 2135 de

169 2173 295 2237 llstona
326 2171 413 2236 sicut
441 2172 532 2236 illam
562 2172 671 2237 tenuit
699 2169 740 2237 de
770 2173 859 2258 Elya·
888 2171 929 2237 de
967 2171 1112 2238 Oliftona
1146 2171 1209 2236 sibi
1245 2181 1281 2238 et

168 2274 346 2340 heredibus
367 2273 443 2350 suis,
463 2273 638 2339 tenendam
660 2273 701 2339 de
724 2295 763 2340 eo
784 2283 819 2339 et
841 2273 1013 2338 heredibus
1035 2273 1109 2338 suis
1155 2273 1280 2339 Profert

168 2379 273 2444 eciam
296 2385 419 2442 cartam
440 2377 445 2462 Ι
465 2376 718 2464 Henrici'Regis
740 2377 796 2442 aui
815 2376 908 2441 Dom.
930 2377 1038 2463 Regis,
1053 2399 1117 2462 que
1139 2385 1281 2444 testatur

169 2483 257 2568 quod
294 2481 367 2568 ipse
402 2483 559 2547 concessit
591 2489 626 2546 et
654 2481 858 2547 confirmauit
887 2481 1088 2546 concordiam
1117 2489 1152 2546 et
1181 2481 1278 2547 finem

168 2589 293 2653 factum
314 2609 421 2652 coram
440 2609 479 2652 eo
493 2587 580 2651 inter
594 2586 709 2671 Elyam
724 2584 765 2650 de
782 2583 926 2651 Oliftona
940 2593 974 2649 et
994 2583 1145 2650 heredem
1160 2585 1281 2672 Rogeri

170 2692 211 2756 de
225 2691 342 2756 Ruilla
356 2690 397 2755 de
412 2689 556 2754 manerio
573 2689 613 2754 de
629 2689 759 2766 Estona,
774 2689 839 2754 scil.
855 2689 941 2774 quod
962 2689 1059 2774 Elyas
1078 2689 1118 2753 de
1138 2689 1281 2755 Oliftona

168 2792 319 2858 concedit
340 2791 553 2856 medietatem
575 2791 653 2856 uille
672 2791 712 2856 de
731 2791 853 2856 Estona
872 2789 1057 2854 Alexandro
1076 2790 1143 2855 filio
1161 2791 1280 2878 Rogeri

168 2896 209 2961 de
232 2895 347 2960 Ruilla
377 2903 411 2960 et
432 2895 490 2959 dat
512 2895 544 2959 ei
572 2895 673 2959 filiam
702 2916 794 2959 suam
823 2895 989 2981 Agnetem
1013 2895 1048 2960 in
1078 2917 1219 2972 uxorem,
1245 2903 1280 2961 et

169 3009 321 3088 preterea
341 2999 497 3065 concessit
519 2999 624 3064 cidem
647 2999 832 3064 Alexandro
852 3000 1127 3086 presentaoionem
1147 3001 1279 3066 ecclesie

168 3105 315 3170 eiusdem
335 3103 480 3179 manerii,
498 3103 554 3168 'et
576 3104 633 3168 illa
654 3103 813 3169 medietas
833 3105 1015 3170 remanebit
1035 3105 1138 3191 ipsius
1160 3105 1280 3192 Rogeri

169 3207 312 3272 tenenda
335 3215 397 3272 etc
422 3216 458 3272 et
480 3207 563 3293 Elya
583 3207 624 3272 de
647 3207 792 3273 Oliftona
812 3215 847 3272 et
869 3206 1068 3273 heredibus*
1090 3231 1148 3294 per
1178 3209 1278 3274 serui·

167 3311 254 3376 cium
525 3308 544 3374 ⁸.
589 3309 633 3375 Et
669 3309 743 3375 ideo
778 3310 855 3375 uult
892 3319 927 3374 et
962 3311 1103 3397 precipit
1132 3311 1279 3388 firmiter,

168 3413 254 3499 qnod
278 3411 355 3476 finis
379 3411 435 3477 ille
464 3412 549 3476 sicut
578 3412 666 3478 inter
695 3434 749 3478 eos
779 3411 885 3478 sactus
914 3421 965 3478 est
994 3411 1121 3479 stabilis
1153 3435 1278 3500 perma-

168 3531 254 3588 neat
300 3521 344 3586 Et
363 3521 437 3586 ideo
457 3543 522 3585 non
536 3522 594 3586 wlt
613 3521 690 3586 inde
710 3521 902 3607 respondere
920 3521 983 3586 nisi
997 3521 1087 3587 curia
1100 3521 1278 3587 considera·

170 3625 265 3691 uerit

234 3727 279 3792 Et
295 3727 443 3813 Rogems
457 3749 522 3792 non
533 3727 656 3792 dedicit
670 3735 774 3792 cartas
788 3727 868 3804 illas,
880 3748 939 3792 nec
953 3727 1074 3792 donum
1086 3727 1276 3813 predictum

170 3829 214 3894 Et
233 3829 308 3896 ideo
330 3829 570 3895 consideratum
592 3838 643 3894 est
665 3829 751 3916 quod
772 3830 930 3916 Georgius
951 3837 1064 3895 teneat
1085 3831 1121 3896 in
1142 3852 1221 3918 pme
1243 3840 1278 3897 et

169 3935 280 4020 quiete
295 3933 537 4020 inperpetuum,
552 3943 588 4000 ot
602 3935 749 4021 Rogerus
763 3935 798 3999 in
812 3933 1037 4000 misericordia

234 4037 280 4102 Et
302 4037 464 4124 Georgius
484 4038 648 4124 cognoscit
669 4037 917 4104 eduocecionem
940 4037 1073 4106 ecclesie
1098 4038 1187 4104 illius
1208 4061 1277 4106 esse

199 4199 701 4328 l'flmee‘tfldiiddieilldimitiidii'teri'rerrurrreln't
750 4201 1278 4331 mdidr.bllnioffllh?mliiemdididdd

167 4333 301 4382 tenditur
318 4333 402 4393 ipsias
419 4332 514 4393 Ropert
531 4334 637 4382 urendo
654 4341 700 4383 etc.
752 4333 891 4384 nota-book
912 4333 962 4383 has
988 4333 1053 4384 been
1079 4334 1202 4398 earelully
1224 4335 1277 4386 and

165 4400 204 4476 de·
218 4399 286 4510 Ego
309 4398 342 4446 dr
372 4396 490 4458 Gltftom
516 4403 543 4446 et
569 4397 701 4448 teretibus
752 4399 845 4462 totally
855 4399 952 4449 erased.

163 4479 224 4524 sau,
264 4499 272 4512 .
