3360 5236
378 433 442 498 600
672 447 823 508 rnrmrr,
846 447 910 497 an.
935 433 1028 510 12³3,
1050 449 1113 498 an.
1138 433 1188 502 17.

377 630 464 686 terra
477 643 552 685 cum
567 619 685 684 aueriia
700 617 776 684 suis.
815 619 859 684 Et
874 619 988 684 dicunt
1003 619 1089 705 quod
1104 619 1192 684 idem
1204 621 1343 686 Thomas
1358 643 1489 706 semper

376 723 512 788 immisit
527 723 638 788 aueria
657 745 716 788 sua
736 731 770 787 et
790 722 884 808 pauit
904 722 1096 810 herbagium
1117 745 1213 788 suum
1233 725 1318 789 sicut
1337 724 1436 810 prius,
1451 733 1489 789 et

375 829 424 894 ita
449 828 535 914 quod
565 828 687 892 nullam
715 827 865 892 seisinam
889 827 1014 902 habuit,
1041 827 1118 912 quia
1143 827 1230 893 idem
1257 828 1396 892 Thomas
1420 849 1487 891 non

375 932 479 997 exiuit
495 954 515 996 a
534 931 657 996 seisina
705 931 748 994 Et
768 930 841 995 ideo
861 929 1099 995 consideratum
1121 939 1171 995 est
1191 929 1277 1016 quod
1300 930 1488 994 Rannulfus

375 1035 450 1100 inde
466 1034 597 1121 quietus
612 1043 646 1098 et
661 1034 828 1099 iohannes
843 1033 878 1098 in
893 1033 1117 1100 misericordia
1134 1056 1264 1120 pauper.

441 1138 565 1202 Dicunt
580 1139 682 1204 eciam
698 1138 784 1225 quod
799 1138 886 1204 idem
902 1139 1043 1204 Thomas
1058 1138 1150 1204 dedit
1164 1138 1309 1224 predicto
1322 1138 1487 1203 Herberto

374 1243 501 1309 circiter
515 1243 572 1328 iiij.
588 1266 648 1308 acr.
665 1252 734 1308 tam
750 1243 790 1308 de
806 1251 899 1330 prato
920 1266 1018 1330 quam
1038 1243 1079 1308 de
1100 1252 1187 1309 terra
1206 1267 1263 1330 per
1282 1243 1364 1308 duos
1383 1267 1486 1310 annos

374 1355 451 1412 ante
466 1355 603 1413 mortem
618 1371 720 1427 suam,
736 1357 770 1414 et
785 1348 872 1413 idem
890 1349 1072 1413 Herbertus
1093 1357 1212 1412 terram
1232 1349 1322 1413 illam
1344 1349 1487 1414 excoluit

311 1453 319 1468 '
374 1459 409 1515 et
424 1450 558 1514 bladum
573 1450 732 1524 uendidit,
750 1461 800 1516 set
820 1452 961 1516 Thomas
982 1458 1077 1536 pater
1099 1473 1177 1516 suus
1199 1473 1327 1537 semper
1347 1451 1485 1517 cariauit

208 1871 337 1960 itm.

375 1555 485 1618 fenum
501 1554 588 1640 quod
602 1556 707 1620 creuit
725 1555 759 1619 in
775 1563 869 1640 prato
884 1555 940 1618 illo
954 1555 989 1618 iu
1009 1553 1130 1618 curiam
1150 1577 1242 1619 suam
1262 1563 1298 1619 et
1316 1554 1391 1620 inde
1407 1556 1486 1620 fecit

374 1661 587 1725 uoluntatem.
649 1660 693 1724 Et
728 1660 801 1725 idco
836 1659 1074 1724 consideratum
1104 1667 1155 1723 est
1184 1657 1271 1744 quod
1300 1659 1485 1724 Herbertus

374 1763 578 1848 recuperauit
599 1763 750 1828 saisinam
771 1785 863 1828 suam
883 1761 924 1826 de
945 1770 1033 1826 terra
1046 1762 1133 1826 unde
1148 1761 1236 1848 cepit
1250 1761 1403 1848 expleta¹‚
1418 1786 1484 1828 non

374 1868 462 1954 capit
476 1891 535 1954 per
548 1866 680 1931 assisam
695 1865 785 1930 illam
800 1865 840 1930 de
861 1874 954 1952 prato
975 1866 1061 1930 unde
1081 1865 1172 1930 nulla
1191 1865 1279 1952 cepit
1299 1867 1430 1952 expleta
1449 1875 1485 1931 et

208 1967 349 2014 ΝΜ·
374 1973 417 2036 ait
441 1973 475 2036 in
499 1971 715 2036 misericordia
738 1995 795 2057 pro
819 1971 898 2036 falso
920 1972 1066 2036 clamore.
1112 1972 1156 2035 lii
1178 1971 1361 2036 Rannulfus
1383 1971 1482 2036 finem

209 2015 342 2144 ¹3:323&

246 2107 331 2144 mm„
374 2073 451 2138 fecit
467 2095 525 2159 per
539 2073 562 2159 j.
580 2097 674 2138 marc
690 2097 748 2160 pro
769 2074 986 2139 misericordia
1005 2097 1064 2160 per
1083 2075 1207 2162 plegios
1227 2075 1432 2153 sufficientes,
1448 2085 1483 2140 et

209 2155 351 2193 marsuam.

246 2283 319 2355 781.

374 2177 556 2242 Herbcrtus
570 2199 694 2264 pauper
708 2186 765 2244 est.
782 2178 924 2264 dampna
933 2180 957 2264 j.
974 2201 1068 2243 manc.

439 2279 550 2344 Assisa
563 2281 656 2345 uenit
671 2281 876 2368 recognitum
890 2281 918 2346 si
933 2281 1095 2346 Henricus
1106 2281 1218 2347 Abbas
1232 2281 1273 2346 de
1286 2281 1482 2347 Kirkestede

373 2382 494 2446 iniuste
510 2391 569 2448 etc.
586 2383 762 2448 disseisiuit
778 2383 956 2448 Radullirm
977 2385 1092 2449 Baaset
1111 2384 1152 2449 de
1173 2384 1273 2450 libero
1293 2393 1483 2450 tenemento

373 2507 431 2549 suo
445 2485 481 2549 in
497 2484 727 2572 Medingeham
743 2494 816 2572 post
830 2487 969 2573 primam
984 2495 1054 2566 eie,
1070 2495 1104 2552 et
1124 2487 1212 2553 unde
1232 2488 1380 2575 queritur
1394 2490 1482 2575 quod

373 2587 550 2652 disseisiuit
564 2610 640 2652 eum
655 2588 696 2654 de
712 2590 851 2675 quodam
866 2599 960 2676 prato
975 2590 1061 2676 quod
1076 2591 1184 2678 iungit
1201 2614 1236 2656 se
1251 2591 1380 2656 cuidam
1396 2600 1482 2657 terre

370 2689 485 2754 arabili
499 2689 602 2775 ipsius
616 2691 764 2771 Abbatis,
775 2703 809 2756 et
825 2693 910 2779 quod
925 2693 1013 2758 idem
1028 2693 1140 2758 Abbas
1154 2717 1244 2758 arare
1260 2695 1337 2760 fecit
1351 2707 1479 2780 partem

370 2794 472 2880 ipsius
495 2797 580 2881 prati
606 2805 640 2861 et
670 2798 824 2883 ocupauit
849 2798 912 2863 sibi
937 2799 1109 2884 plusquam
1135 2798 1178 2863 ad
1203 2799 1310 2885 ipsum
1337 2801 1482 2885 pertinet

370 2899 564 2966 habendum.

436 3003 479 3066 Et
502 3003 614 3068 Abbas
640 3005 733 3069 uenit
759 3013 793 3069 et
817 3005 896 3070 dicit
920 3005 1006 3092 quod
1029 3005 1064 3070 in
1087 3006 1178 3071 nullo
1204 3029 1278 3071 eum
1302 3006 1482 3072 disseisiuit

369 3108 448 3193 quia
482 3107 582 3172 nichil
620 3109 719 3175 habet
756 3109 842 3196 quod
871 3133 936 3174 non
965 3109 1081 3174 habuit
1111 3132 1151 3174 ex
1181 3109 1409 3196 antiquorum¹
1438 3111 1479 3176 de

369 3210 544 3277 donacicne
560 3221 798 3278 antecessorum
813 3213 915 3299 ipsius
930 3222 964 3278 et
979 3213 1066 3278 unde
1081 3221 1169 3277 mete
1191 3223 1225 3277 et
1245 3213 1354 3278 bunde
1374 3215 1480 3300 posite

369 3324 455 3392 sunt,
470 3325 504 3380 et
519 3316 599 3381 dicit
615 3316 743 3403 quodsi
759 3317 921 3382 conuersi⁸
935 3318 986 3382 sui
1008 3317 1133 3405 aliquid
1153 3317 1229 3382 inde
1250 3319 1398 3383 fecerunt
1417 3321 1479 3386 hoc

369 3441 433 3481 non
449 3427 498 3484 cst
513 3441 571 3505 per
585 3443 670 3496 eum,
685 3428 719 3484 et
735 3420 762 3484 si
777 3420 825 3485 ita
840 3429 925 3486 esset
940 3431 974 3486 et
990 3421 1050 3486 hoc
1070 3432 1156 3487 esset
1176 3422 1207 3487 ei
1227 3430 1393 3488 ostensum
1408 3424 1478 3510 ipse

369 3522 429 3586 hoc
460 3523 563 3589 facere
595 3524 791 3602 emendare⁴,
817 3534 868 3590 set
893 3525 921 3590 si
946 3525 1071 3612 aliquid
1097 3527 1219 3592 factum
1249 3527 1293 3591 sit
1323 3527 1383 3592 hoc
1412 3551 1478 3593 non

369 3625 432 3688 fuit
462 3625 493 3690 ei
523 3634 697 3705 ostensum,
728 3636 762 3692 et
792 3627 879 3692 uude
898 3627 903 3714 Ι
924 3627 1004 3692 dicit
1029 3627 1117 3714 quod
1146 3628 1216 3714 ipse
1246 3629 1370 3694 nullam
1400 3630 1479 3695 fecit

368 3728 569 3794 disseisinam
591 3730 619 3794 si
640 3730 750 3817 aliqua
771 3732 858 3796 facta
880 3731 951 3795 fuit.

434 3833 477 3898 Et
501 3833 660 3898 Radulfirs
686 3834 766 3900 dicit
792 3834 878 3921 quod
902 3835 1014 3899 Abbas
1039 3834 1100 3899 hoc
1125 3833 1209 3900 bene
1235 3835 1331 3900 sciuit
1357 3844 1392 3902 et
1418 3837 1479 3904 hoc

367 3935 430 4000 fuit
453 3935 484 4000 ei
506 3943 680 4014 ostensum,
701 3945 735 4001 et
757 3937 837 4002 dicit
859 3937 946 4023 quod
967 3937 1101 4002 bladum
1124 3946 1326 4023 asportatum
1349 3939 1414 4004 fuit
1435 3941 1478 4005 ad

365 4039 535 4126 grangiam
549 4039 651 4126 ipsius
666 4040 813 4106 Abbatis

431 4145 599 4210 «iuratores
625 4145 738 4211 dicunt
764 4147 850 4233 quod
872 4170 985 4214 caruce
1008 4148 1110 4234 ipsius
1129 4147 1270 4213 Abbatis
1292 4149 1333 4214 de
1356 4149 1476 4216 Linde-

399 4337 481 4388 ¹'I'he
508 4343 649 4391 annotator
676 4340 741 4392 adds
768 4349 792 4392 et
819 4350 894 4406 pater
976 4343 1055 4396 ’Sic

365 4405 473 4454 donator
487 4407 578 4456 nichil.
612 4406 684 4456 Alter
705 4410 772 4470 cepit
794 4410 894 4472 expieta
977 4408 1060 4458 'The
1071 4407 1254 4471 laybreibren.

366 4469 427 4520 read
439 4478 462 4519 et
473 4472 554 4520 nichil
566 4470 667 4521 instead
678 4472 707 4520 ol
715 4488 773 4522 non.
976 4473 986 4506 ⁴
1004 4474 1075 4524 Oorr.
1083 4477 1182 4537 faceret
1194 4475 1321 4524 mundari
1335 4474 1377 4538 (t).
