3276 5234
484 477 622 538 unsrun,
644 475 710 526 sn.
734 461 827 536 1227,
849 473 917 524 sn·
938 463 988 526 11.
1223 465 1284 530 201

173 645 263 710 cuius
277 646 432 711 custodia
445 646 595 733 predicta
608 644 768 710 Katsrina
782 651 841 722 est,
853 652 888 709 et
902 643 982 710 dicit
997 644 1083 730 quod
1101 645 1173 732 ipsa
1187 647 1289 714 Lucia

175 749 237 814 fuit
264 771 432 836 pregnans
462 749 505 814 de
534 749 605 835 ipsa
634 747 802 824 Katerina,
825 747 916 810 etin
938 747 1106 834 uigilias.
1130 749 1288 815 Keterine

175 855 301 940 peperit
315 855 424 940 ipsam
446 853 647 928 dietericum,
663 851 749 916 unde
770 859 887 916 uocata
905 851 969 915 fuit
992 851 1151 917 Katerina
1172 861 1207 918 et
1228 854 1289 918 hoc

176 960 371 1024 monstrabit
398 967 471 1036 etc„
493 959 580 1024 unde
609 958 706 1022 datus
734 956 799 1020 fuit
828 955 898 1020 dies
927 955 1032 1020 eidem
1063 956 1221 1044 Episcopo
1246 958 1289 1023 ad

177 1064 359 1130 habendam
389 1063 497 1149 ipsam
524 1060 715 1126 Katerinam
740 1082 846 1124 coram
868 1059 1054 1124 iusticiariis
1083 1067 1121 1124 ut
1143 1059 1290 1146 predicta

177 1169 278 1234 Lucia
296 1168 428 1234 uideret
450 1189 530 1232 eam
575 1165 629 1230 Ad
648 1166 735 1230 hunc
749 1164 836 1228 diem
851 1164 944 1228 uenit
959 1164 1046 1229 idem
1061 1163 1239 1251 Episcopus
1253 1173 1288 1230 et

174 1272 331 1358 produxit
357 1269 561 1346 Katcrinam‚
583 1276 617 1333 et
646 1268 726 1333 dicit
755 1269 842 1355 quod
872 1269 931 1334 hec
961 1277 1011 1334 est
1039 1269 1107 1334 filia
1135 1277 1170 1334 et
1195 1269 1288 1334 heres

175 1378 396 1464 predictorum
425 1373 587 1438 Johannis
617 1381 651 1438 et
685 1373 795 1450 Lucio,
824 1382 859 1438 et
888 1374 948 1438 hoc
977 1373 1060 1438 bene
1089 1380 1182 1459 patet
1211 1373 1289 1460 quia

174 1483 264 1547 idem
285 1481 310 1545 J
311 1479 454 1545 ohannes
473 1500 532 1563 per
550 1485 672 1542 cartam
694 1501 787 1542 suem
807 1501 904 1564 quam
919 1479 1040 1564 profert
1055 1485 1167 1564 etque
1187 1485 1286 1543 testa-

175 1593 231 1649 tur
250 1583 321 1659 hoo,
336 1580 493 1646 concessit
516 1579 725 1666 maritagium
752 1580 897 1646 eiusdem
920 1580 1078 1646 Katerine
1100 1580 1148 1644 et¹
1163 1581 1229 1646 filie
1252 1590 1287 1646 st

175 1687 305 1754 heredis
334 1709 392 1750 sue
422 1684 567 1750 Johanni
593 1685 791 1761 Maresoallo‚
813 1693 848 1750 et
869 1673 956 1750 idem
979 1684 1144 1750 Johannes
1166 1685 1286 1751 Mares-

174 1793 277 1858 callus
307 1790 518 1877 maritagium
540 1788 623 1854 illud
648 1789 804 1854 concessit
827 1787 949 1854 eidem’
970 1813 1028 1877 per
1050 1798 1172 1856 camum
1193 1813 1285 1856 suam

175 1919 276 1982 quam
307 1897 429 1982 profert
453 1903 488 1958 et
510 1914 574 1979 que
596 1892 656 1957 hoc
678 1900 829 1969 testatur,
851 1900 885 1956 et
907 1892 993 1978 quod
1014 1893 1086 1978 ipsa
1106 1893 1150 1958 sit
1172 1894 1285 1959 eadem

176 1999 338 2064 Katerina
351 1997 501 2086 producit
515 2004 646 2073 sectam,
662 1995 726 2060 soii
745 1995 936 2060 Sauaricum
951 1996 991 2060 de
1006 1996 1285 2062 Boh1m⁸f1atrem

173 2103 322 2190 predicte
336 2103 436 2167 Lucio
452 2101 509 2188 qui
524 2101 584 2166 hoc
599 2107 740 2164 testatur
755 2107 789 2163 et
805 2098 1006 2164 Willelmum
1020 2091 1066 2164 'de
1088 2101 1120 2166 S.
1134 2100 1285 2166 Johanne

174 2218 346 2296 parentem
375 2207 478 2294 ipsius
507 2205 664 2270 Katcrine
694 2203 751 2290 qui
779 2203 839 2268 hoc
861 2211 1009 2280 testatur,
1032 2211 1066 2268 et
1088 2203 1222 2270 Petrum
1244 2204 1285 2270 de

174 2313 263 2377 Malo
278 2312 369 2376 Lacu
389 2310 446 2396 qui
467 2331 540 2374 eam
560 2307 712 2386 nutriuit,
730 2316 764 2372 et
786 2306 953 2372 dominum
976 2307 1139 2373 Comitem
1161 2307 1285 2374 Oestrie

175 2417 233 2502 qui
255 2439 329 2482 eam
348 2415 500 2480 similiter
519 2411 661 2478 nutriuit
679 2434 738 2498 per
759 2412 892 2497 longum
914 2419 1044 2498 tempus
1065 2420 1100 2477 et
1123 2412 1284 2479 Comitem

175 2517 403 2583 Earescailum
418 2526 453 2582 et
472 2517 593 2582 multos
612 2517 700 2594 alios,
715 2523 749 2580 et
769 2516 933 2602 Rogerum
954 2515 984 2580 le
1006 2517 1112 2582 Suche
1134 2519 1191 2604 qui
1212 2541 1284 2584 eam

175 2621 328 2686 similiter
349 2621 498 2686 nutriuit.
543 2621 602 2686 Set
624 2620 702 2706 quia
730 2619 832 2684 Lucia
859 2641 894 2684 se
923 2619 1099 2684 essoniauit
1127 2621 1169 2686 ad
1198 2621 1285 2688 hunc

175 2725 273 2801 diem,
293 2725 392 2789 datus
412 2733 462 2789 est
483 2724 589 2789 eidem
611 2723 769 2810 Episcopo
789 2723 858 2788 dies
879 2745 900 2788 a
921 2723 974 2788 die
997 2723 1117 2790 Pasche
1139 2727 1285 2812 proximo

176 2826 333 2912 preterito
353 2825 388 2890 in
406 2826 430 2911 j.
446 2849 591 2892 mensem
609 2835 649 2892 ut
664 2827 841 2914 Episcopus
855 2835 935 2892 tunc
949 2827 1069 2892 habeat
1083 2829 1284 2896 Katerinam.

175 2931 247 2995 Ad⁴
275 2929 364 2994 diem
393 2929 487 2993 illum
516 2952 581 2994 uon
611 2930 704 2995 uenit
733 2930 842 3008 Lucia,
872 2939 906 2996 et
941 2931 1100 2996 Keterina
1128 2933 1221 2998 uenit
1250 2943 1285 2999 et

177 3037 356 3123 Episcopus
370 3034 492 3119 optulit
506 3057 540 3098 se
556 3042 671 3120 quarto
685 3035 739 3100 die
754 3057 867 3100 uersus
887 3058 968 3113 eam,
984 3043 1018 3100 et
1040 3036 1064 3101 J
1064 3037 1207 3102 ohannes
1226 3061 1285 3124 per

175 3149 380 3206 attomatum
409 3161 505 3204 suum
528 3146 562 3203 et
587 3139 769 3205 Willelmus
790 3139 831 3205 de
854 3139 966 3204 Monte
989 3140 1096 3204 Acuto
1118 3149 1283 3226 presentes

174 3253 259 3309 sunt
307 3243 351 3307 Et
373 3241 451 3328 quia
471 3241 637 3306 Johannes
658 3242 738 3306 alias
760 3265 818 3328 per
839 3251 961 3308 certem
983 3266 1075 3308 suam
1097 3244 1187 3310 illam
1209 3269 1282 3312 con-

173 3347 270 3412 cessit
292 3345 335 3410 ad
356 3345 575 3410 maritandum
598 3354 636 3411 ut
657 3345 758 3411 filiam
780 3369 873 3412 suam
895 3357 929 3412 et
951 3347 1104 3413 heredem
1126 3372 1230 3429 suum,
1248 3360 1283 3416 et

172 3451 221 3515 ita
249 3449 425 3514 aduocauit
453 3471 526 3514 eom
554 3472 612 3536 pro
641 3450 709 3516 filia
737 3473 804 3526 sua,
826 3459 862 3516 et
890 3450 993 3516 eciem
1015 3453 1161 3538 predicta
1182 3455 1284 3520 Lucia

173 3553 328 3642 cognouit
350 3553 436 3639 quod
458 3553 575 3619 habuit
604 3577 702 3618 unam
732 3555 833 3620 filiam
864 3555 1057 3621 Katerinam
1086 3559 1225 3637 nomine,
1248 3569 1283 3624 st

171 3659 339 3745 predictus
366 3659 542 3744 Episcopus
571 3658 647 3724 inde
676 3659 825 3745 producit
854 3669 976 3726 sectam
1005 3663 1218 3728 sufficientem
1248 3673 1283 3730 et

172 3763 260 3850 quod
282 3763 349 3827 ista
370 3771 420 3826 est
442 3761 556 3826 eadem
579 3763 745 3840 Kotenna,
767 3763 1016 3830 consideratum
1036 3775 1086 3831 est
1107 3767 1192 3853 quod
1212 3768 1283 3855 ipsa

171 3873 341 3931 remaneat
363 3862 456 3928 heres
477 3864 580 3950 ipsius
601 3865 769 3944 Johannis,
788 3867 852 3932 nisi
872 3871 954 3934 forte
973 3869 1042 3957 ipse
1062 3870 1097 3934 in
1117 3879 1281 3956 posterum

172 3970 295 4035 habeat
310 3969 415 4032 filium
430 3976 465 4033 et
480 3969 503 4033 J
504 3968 646 4034 ohannes
661 3969 696 4034 in
711 3970 935 4039 misericordia
954 3971 960 4058 Ι

57 4079 123 4140 248.
238 4071 439 4138 'Willelmus
455 4053 585 4139 ‘Comes
609 4073 772 4140 Wareune
802 4083 837 4141 et
858 4075 959 4163 Hugo
981 4077 1071 4142 Prior
1092 4078 1132 4143 de
1155 4078 1282 4144 Leues⁸
1336 4143 1399 4183 mm

204 4301 216 4334 ¹
235 4301 305 4351 Gorr.
318 4309 356 4359 ut,
368 4301 399 4350 B.
786 4302 796 4333 ⁵
812 4303 844 4350 B.
857 4317 892 4352 m.
905 4305 920 4351 2
933 4301 958 4352 d.

205 4367 217 4398 ²
235 4367 333 4430 Supply
345 4369 479 4431 Episcopo,
490 4367 522 4416 B.
785 4365 926 4418 ⁸Monast.
944 4369 968 4418 5.
984 4383 1010 4430 p.
1033 4369 1055 4420 1.
1092 4368 1147 4419 The
1168 4369 1231 4419 Earl
1254 4371 1283 4420 of

205 4433 304 4491 ’Βοηζ
316 4431 348 4481 Β.
753 4431 883 4484 Wsrenns
905 4433 928 4484 is
950 4433 994 4484 the
1016 4433 1157 4486 advocatus
1181 4435 1211 4485 oi
1236 4435 1281 4486 tho

205 4499 217 4530 ⁴
234 4497 297 4547 This
308 4497 332 4548 is
344 4496 494 4560 postscript,
508 4497 540 4545 B.
753 4497 853 4561 Priory.
