3360 5236
362 447 425 510 612
571 457 805 516 mosminse,
826 457 892 504 sn.
918 441 1011 515 1233,
1034 454 1095 502 nu
1120 437 1257 505 17-18.

362 625 461 712 Regis
477 623 562 688 inter
576 624 683 710 ipsum
699 629 733 688 et
751 623 915 708 Rogerum
936 620 977 685 de
997 620 1200 685 Dsunteseia
1219 629 1253 684 et
1274 617 1471 683 Metillidem

362 750 494 793 uxorem
506 727 580 828 eius
594 749 652 812 per
665 725 899 813 cyrographum
920 723 1007 809 quod
1026 723 1147 808 profert
1167 731 1202 787 et
1222 721 1308 808 quod
1330 727 1474 785 testetur

363 830 449 916 quod
463 829 601 916 predicti
617 829 763 915 Rogerus
782 835 817 891 et
832 825 969 890 Motillis
989 831 1246 911 recognouerunt
1266 831 1372 888 toturn
1394 821 1473 884 resi-

362 933 464 998 duum
480 933 626 998 omnium
641 941 799 997 terrarum
815 939 849 995 et
866 927 1146 994 tenementorum¹
1166 927 1202 992 in
1221 925 1418 1014 cyrographo
1437 931 1473 988 et

362 1059 425 1122 que
440 1037 464 1101 J
465 1037 607 1102 ohannes
622 1036 730 1102 tenuit
745 1035 785 1100 de
801 1033 982 1099 hereditate
998 1033 1051 1097 uel
1072 1032 1113 1098 de
1133 1031 1312 1119 perquisito
1334 1027 1474 1094 Galfridi

362 1141 421 1204 filii
444 1141 533 1204 Petri
555 1140 656 1226 petris
678 1139 821 1223 ipsorum
843 1135 1003 1202 Johannis
1024 1143 1059 1200 et
1082 1133 1253 1200 Matillidis
1275 1132 1473 1216 ubicumque

362 1245 504 1321 fuerunt,
518 1266 587 1309 esse
602 1243 653 1308 ius
668 1241 770 1328 ipsius
780 1240 804 1304 J
805 1239 949 1316 ohannis,
960 1246 995 1303 et
1010 1245 1159 1324 preterea
1173 1235 1311 1324 predicti
1326 1235 1475 1322 Rogerus

362 1355 397 1412 et
412 1345 549 1411 Matillis
563 1350 789 1410 concesserunt
803 1363 861 1428 pro
876 1363 910 1405 se
931 1350 965 1406 et
985 1339 1159 1406 heredibus
1179 1338 1281 1425 ipsius
1302 1335 1475 1402 Matillidis

362 1451 448 1537 quod
463 1450 549 1515 idem
565 1450 587 1515 J
590 1449 733 1514 ohannes
748 1455 782 1512 et
797 1445 931 1510 heredes
946 1444 998 1509 sui
1018 1443 1161 1509 habeant
1180 1465 1292 1508 omnes
1314 1450 1416 1507 terras
1437 1447 1475 1504 et

363 1561 551 1619 tenemento
566 1575 628 1638 que
645 1551 828 1638 perquirere
843 1557 999 1636 poterunt
1013 1571 1126 1614 uersus
1140 1569 1253 1612 omnes
1273 1547 1329 1632 qui
1348 1545 1475 1633 aliquid

362 1659 438 1724 inde
454 1667 568 1724 tenent
583 1658 623 1723 de
639 1655 821 1722 hereditate
844 1655 898 1719 uel
918 1654 959 1720 dc
980 1653 1158 1740 perquisito
1178 1651 1316 1739 predicti
1336 1652 1476 1717 Gslfn'di

363 1764 422 1828 filii
452 1763 541 1828 Petri
570 1771 630 1827 etc
676 1761 720 1825 Et
748 1759 915 1825 «lohannes
941 1757 1098 1844 quisitus'
1124 1757 1284 1845 quomodo
1313 1757 1475 1842 hospitale

361 1868 445 1932 illud
460 1867 523 1932 fuit
538 1863 753 1952 perquisitum
769 1862 906 1928 Gelfridi
921 1863 980 1926 filii
995 1862 1095 1940 Petri,
1109 1862 1189 1928 dicit
1204 1862 1290 1949 qnod
1306 1869 1475 1926 tenemen-

364 1979 435 2036 tum
467 1969 523 2036 ubi
554 1967 712 2054 hospitale
742 1965 824 2031 illud
861 1973 1082 2030 constructum
1119 1974 1170 2031 est
1206 1965 1270 2030 fuit
1306 1963 1476 2029 cuiusdam

364 2075 544 2141 Clementis
565 2073 605 2138 de
629 2071 826 2137 Monasterio
848 2070 905 2157 qui
927 2070 1036 2135 tenuit
1059 2079 1285 2137 tenementum
1311 2093 1406 2135 suum
1433 2069 1476 2134 de

363 2179 476 2246 eadem
492 2178 633 2244 ecclesis
679 2177 722 2240 Et
738 2176 889 2242 Clemens
903 2197 1034 2261 presens
1054 2183 1105 2240 est
1124 2184 1160 2240 et
1179 2175 1259 2240 dicit
1280 2175 1366 2262 quod
1386 2175 1475 2239 idem

363 2283 528 2348 Gelfridus
556 2283 591 2346 ui
620 2281 758 2348 abstulit
787 2281 818 2345 ei
844 2289 962 2345 terrem
990 2280 1088 2344 illam.
1134 2281 1178 2344 Et
1200 2280 1367 2344 Johennes
1390 2279 1475 2344 bene

363 2386 526 2474 cognoscit
555 2385 641 2472 quod
670 2385 840 2450 aduocatio
869 2384 1001 2450 ecclesie
1030 2384 1120 2449 illins
1145 2383 1289 2471 pertinet
1313 2383 1356 2448 ad
1385 2383 1476 2448 Ples-

363 2489 494 2557 setnm'.

430 2596 473 2659 Et
496 2594 658 2659 Henricus
680 2594 773 2660 uenit
795 2602 831 2658 et
852 2593 938 2680 petit
960 2593 1036 2658 inde
1056 2592 1273 2671 iudicium,et
1293 2592 1476 2678 dicitquod

364 2711 433 2762 tam
448 2696 583 2762 ecclesie
596 2719 694 2782 quem
715 2695 875 2781 hospitale
896 2694 1063 2781 pertinent
1077 2694 1120 2758 ed
1135 2694 1325 2774 Plessetum‚
1339 2703 1374 2759 et
1389 2695 1477 2780 petit

364 2801 521 2867 iudicium
536 2823 632 2866 suum
650 2799 777 2890 desicut
797 2799 1002 2886 recuperauit
1021 2798 1267 2864 aduocationem
1287 2799 1385 2864 illam.
1432 2801 1477 2866 Et

366 2907 443 2992 quis
464 2906 551 2970 idem
573 2904 740 2970 Johannes
762 2903 925 2991 cognoscit
949 2903 1035 2991 quod
1061 2911 1286 2968 tenementum
1312 2905 1394 2970 illud
1418 2905 1478 2970 ubi

365 3010 524 3096 hospitale
553 3017 774 3074 constructum
804 3016 854 3072 est
883 3008 948 3073 fuit
977 3016 1202 3073 tenementum
1238 3009 1404 3095 pertinens
1433 3010 1477 3074 ad
1595 3044 1602 3055 ·

364 3114 531 3180 ecclesiam
561 3112 651 3176 illem
681 3111 722 3177 de
752 3111 936 3190 Tilleburia,
963 3122 998 3178 et
1024 3121 1172 3199 pretereo
1197 3114 1360 3200 cognoscit
1389 3115 1476 3200 quod

365 3219 499 3284 ecclesia
513 3218 655 3305 pertinet
670 3217 712 3281 nd
732 3217 922 3297 Plessetum,
938 3227 972 3283 et
993 3218 1071 3305 quin
1089 3219 1297 3284 manifestum
1318 3219 1476 3304 estquod

365 3323 465 3388 nichil
494 3323 574 3386 iuris
599 3322 646 3387 ibi
672 3322 772 3387 hebet
798 3345 856 3409 per
881 3324 1125 3410 cyrographum,
1151 3323 1399 3390 Considemtum
1426 3333 1478 3388 est

365 3425 452 3512 quod
467 3424 629 3490 Henricus
643 3423 760 3490 habet⁴
773 3425 924 3490 seisinem
940 3427 1198 3512 presentationis,
1210 3435 1245 3491 et
1258 3427 1281 3492 J
1283 3426 1426 3492 ohannes
1441 3428 1474 3492 in

366 3529 589 3606 misericordia,
605 3537 640 3594 et
661 3529 823 3594 Henricus
845 3529 966 3594 habeat
987 3529 1087 3595 breue
1110 3529 1152 3594 ed
1174 3530 1369 3617 Episcopum
1392 3531 1477 3596 Lon·

365 3633 561 3712 doniensem,
577 3641 611 3698 et
626 3634 649 3698 J
649 3634 792 3699 ohannes
807 3634 922 3700 reddat
937 3635 968 3700 ei
982 3635 1125 3720 dampna
1138 3658 1204 3701 sua

309 3823 315 3836 .
431 3738 631 3802 ⁶Willelmus
654 3738 770 3802 Buzun
790 3746 823 3802 et
839 3739 1001 3825 Mergeria
1021 3761 1102 3804 uror
1121 3738 1192 3804 eius
1211 3739 1303 3804 cuius
1325 3739 1393 3805 loco
1415 3751 1476 3806 etc.

266 3885 313 3917 xon
367 3843 488 3930 optulit
503 3865 536 3908 se
551 3843 630 3928 ifijte
646 3842 699 3907 die
715 3865 828 3906 uersus
848 3841 1007 3906 Thomem
1027 3841 1068 3906 de
1089 3842 1186 3927 Hays
1204 3850 1239 3907 et
1256 3843 1477 3910 Alexandrum

367 3969 499 4012 uxorem
514 3946 585 4011 eius
599 3954 634 4010 et
649 3945 838 4010 Eusteeium
853 3945 894 4010 de
911 3945 1079 4010 Grenuilla
1093 3953 1128 4009 et
1141 3945 1327 4011 Johannam
1342 3971 1476 4012 uxorem

367 4052 437 4117 eius
466 4052 507 4116 de
536 4050 656 4137 placito
685 4049 783 4114 essise
814 4049 930 4114 ultime
967 4049 1217 4136 presentationis
1254 4075 1352 4138 quam
1389 4052 1478 4118 idem

367 4156 562 4222 Eustachius
582 4163 616 4220 et
637 4155 789 4220 Johsnna
811 4162 846 4219 et
868 4153 924 4219 elii
945 4154 1204 4220 armmieuerunt
1226 4178 1339 4221 uersus
1361 4179 1415 4221 eos
1438 4157 1479 4223 de

397 4355 407 4453 ζ
425 4355 524 4468 θηρρέγ
535 4362 713 4468 copecntomm,
725 4353 756 4402 A.
945 4352 990 4450 thp
1001 4350 1218 4468 ffiifdm

398 4436 546 4549 ⁸31⁴?ng
561 4455 684 4534 wirensis
701 4483 746 4533 the
765 4481 845 4533 cestle
867 4482 896 4532 ol
977 4481 1033 4533 Ἀ.
1046 4497 1081 4532 m.
1096 4453 1147 4532 ld.⁸
