3308 5226
348 433 411 496 630
557 443 791 504 mensuruus,
812 441 878 491 nn.
902 428 996 502 1233,
1019 441 1083 492 nn.
1109 427 1247 494 17—18.

347 641 420 696 auo,
450 617 588 683 retinuit
618 617 652 682 in
682 639 781 681 manu
812 637 872 680 sua
900 615 941 680 lx.
966 614 1120 680 solidatas
1150 623 1185 680 et
1215 617 1258 702 xj,
1289 615 1463 682 deneratas

348 720 495 786 redditus
529 742 626 806 quom
657 717 822 784 redditum
854 717 981 803 postca¹
1012 719 1140 804 Rogero
1170 717 1304 796 Ohouel,
1334 719 1369 783 in
1400 741 1465 804 quo

351 830 536 889 tenemento
552 821 639 908 quod
654 821 811 886 remansit
833 820 939 886 eidem
961 820 1088 907 Rogero
1108 821 1172 885 fuit
1192 821 1278 886 idem
1299 822 1464 887 Jordanus

349 937 464 1014 captus
478 927 520 992 ad
543 927 708 1012 querelam
729 925 948 1011 predictarum
969 925 1110 1012 Agnetis
1130 934 1164 990 et
1187 926 1348 1012 Margerie
1369 935 1404 990 et
1422 926 1464 990 ad

349 1053 461 1095 earum
491 1037 613 1095 sectam
644 1028 785 1093 traditus
815 1029 879 1092 fuit
901 1028 1123 1116 borgesaldro¹
1146 1029 1248 1114 ipsius
1269 1028 1407 1094 Jordani
1430 1037 1465 1092 et

350 1142 460 1200 secute
483 1135 617 1198 fuerunt
639 1156 752 1197 uersus
774 1157 849 1198 curn
873 1133 976 1198 donec
999 1155 1056 1219 per
1075 1141 1196 1198 sectam
1212 1157 1323 1198 earum
1340 1134 1462 1198 factum

351 1236 413 1300 fuit
437 1237 478 1300 de
504 1258 542 1300 eo
572 1235 746 1300 iudicium⁸
776 1235 862 1320 quod
892 1235 950 1300 ubi
976 1235 1141 1321 predictus
1164 1235 1327 1301 Jordauus
1349 1246 1466 1322 captus

351 1340 414 1404 fuit
444 1339 531 1404 idem
561 1339 711 1404 Jollauus
740 1339 840 1402 nichil
871 1338 971 1404 habet
1001 1361 1061 1404 neo
1097 1341 1132 1403 in
1166 1340 1310 1417 seruicio‚
1339 1363 1400 1406 nec
1430 1342 1464 1404 iu

350 1441 518 1508 dominico

415 1549 460 1611 Et
481 1548 632 1612 Jollauus
654 1570 712 1633 per
734 1555 937 1612 attornatum
961 1569 1056 1611 suum
1080 1547 1173 1611 uenit
1203 1555 1237 1612 et
1266 1548 1347 1612 dicit
1377 1549 1464 1633 quod

351 1650 500 1714 bidentes
514 1651 569 1715 ille
585 1651 720 1715 inuente
737 1651 869 1714 fuemnt
890 1650 924 1714 in
945 1649 1083 1736 quodam
1107 1673 1220 1737 campo
1240 1653 1401 1717 Johaunis
1423 1653 1464 1717 de

353 1754 540 1820 Cobbcham
556 1756 613 1841 qui
628 1756 721 1820 ten'ct
736 1753 776 1818 de
797 1755 944 1840 predicto
964 1755 1108 1819 manerio
1129 1764 1163 1820 et
1186 1756 1226 1820 de
1247 1757 1340 1821 feodo
1362 1757 1466 1843 ipsius

352 1859 482 1936 Jollani,
505 1859 608 1924 stibi
630 1867 793 1923 uenerunt
815 1859 916 1924 uicini
939 1867 974 1924 et
996 1860 1026 1924 le
1048 1859 1265 1946 borgelaldre⁴
1287 1869 1321 1924 et
1343 1869 1466 1926 aresta-

354 1969 474 2025 uemnt
489 1970 523 2025 et
538 1962 699 2046 predictas
711 1961 847 2026 feminas
859 1970 893 2026 et
904 1961 928 2026 J
929 1961 1085 2026 ordonum
1097 1969 1132 2026 et
1143 1962 1304 2047 predictas
1314 1962 1466 2027 bidentes

354 2073 389 2130 et
404 2076 535 2151 propter
549 2073 680 2151 tempus
695 2066 879 2152 pluuiosum
895 2066 1006 2131 educti
1018 2067 1150 2131 fuerunt
1161 2089 1263 2152 usque
1278 2067 1320 2131 ad
1331 2066 1465 2131 domum

355 2169 522 2234 cuiusdam
538 2168 610 2233 Ade
630 2168 683 2232 del
705 2169 785 2233 Broc
809 2192 868 2254 per
885 2169 1008 2234 uicinos
1031 2177 1065 2233 et
1086 2171 1116 2233 le
1139 2168 1352 2256 borgesaldre,
1375 2168 1467 2232 etin

356 2274 495 2338 crastino
510 2283 672 2338 uenerunt
687 2273 866 2338 seruientes
881 2273 974 2338 Dom.
996 2273 1104 2359 Regis,
1125 2281 1160 2338 et
1174 2273 1388 2358 inposuerunt
1403 2271 1467 2357 ipsi

356 2373 941 2460 ,1011100000οά1101101110101111101ἱ
957 2383 992 2438 et
1013 2374 1220 2440 abduxerunt
1240 2397 1325 2450 cum,
1341 2381 1465 2438 etcum

355 2479 522 2542 uenissent
551 2477 586 2542 in
617 2478 697 2542 uilla
726 2477 766 2542 de
798 2478 939 2543 Shomes
976 2478 1070 2542 uenit
1106 2478 1239 2564 quidam
1278 2477 1467 2562 Stephanus

355 2581 500 2646 seruiens
514 2581 617 2667 ipsius
631 2582 755 2646 Jollani
775 2591 809 2646 et
829 2582 914 2646 dixit
936 2581 1038 2668 quod⁸
1059 2584 1124 2647 fuit
1146 2583 1306 2669 probator,
1322 2590 1357 2646 et
1379 2580 1467 2666 quod

355 2686 512 2750 iudicium
528 2685 689 2771 pertinuit
703 2686 745 2751 ad
763 2687 931 2751 dominum
952 2708 1048 2750 suum
1069 2687 1196 2752 racione
1217 2685 1379 2750 libertatis
1398 2707 1467 2760 sue,

355 2799 390 2855 et
405 2791 451 2855 ibi
467 2791 554 2876 cepit
569 2791 677 2876 ipsum
691 2790 715 2855 J
716 2791 873 2855 ordonum
889 2800 924 2856 et
938 2790 1077 2855 adduxit
1097 2791 1131 2855 in
1151 2790 1320 2877 grangiam
1342 2788 1467 2853 domini

356 2894 407 2958 sui
428 2905 461 2958 et
476 2893 621 2958 detinuit
635 2895 670 2958 in
691 2895 819 2981 cyppo⁷,
835 2895 937 2960 donec
959 2918 1070 2960 omnes
1090 2895 1227 2981 predicti
1249 2902 1411 2959 uenemnt
1432 2900 1468 2956 et

357 3020 414 3083 per
429 2998 497 3062 uim
513 2997 620 3083 ipsum
636 2997 843 3062 abduxerunt
859 2999 1034 3064 secundum
1052 2999 1138 3085 quod
1153 2998 1335 3084 predictum
1351 3005 1408 3062 est.

422 3102 499 3166 Post
525 3101 617 3166 uenit
643 3100 729 3165 idem
754 3101 921 3166 Johannes
945 3111 979 3166 et
1009 3102 1089 3166 dicit
1119 3101 1204 3187 quod
1230 3101 1378 3166 Jollsnus
1401 3124 1466 3165 non

357 3205 457 3269 habet
473 3205 657 3270 libertatem
674 3204 714 3269 de
729 3205 983 3292 infangenethef,
999 3228 1057 3269 nec
1073 3206 1113 3270 de
1137 3205 1389 3291 utfangenethel
1406 3227 1467 3268 nco

357 3309 515 3373 iudicium
538 3308 578 3373 de
601 3309 711 3394 aliquo
733 3310 880 3374 fecerunt
902 3311 964 3374 nisi
987 3317 1132 3395 tempore
1155 3331 1218 3394 quo
1242 3308 1403 3373 Henricus
1425 3308 1466 3372 de

359 3411 546 3476 Cobbeham
576 3413 639 3476 fuit
669 3412 810 3478 balliuus
840 3413 1001 3478 hundredi
1032 3414 1071 3480 de
1103 3414 1255 3479 Shamele
1288 3421 1323 3477 et
1359 3421 1468 3477 custos

358 3515 494 3579 manerii
509 3515 549 3579 de
566 3515 708 3580 Shomes
723 3525 757 3580 et
773 3525 847 3602 post
861 3525 1027 3602 guerram.

422 3617 481 3682 ⁸Et
504 3619 655 3684 Julianus
678 3641 737 3705 per
761 3627 964 3684 attornatum
989 3642 1085 3683 suum
1114 3619 1195 3684 dicit
1224 3619 1310 3705 quod
1340 3619 1404 3682 fuit
1430 3618 1466 3681 in

358 3722 483 3800 misina,
513 3733 548 3788 et
576 3733 792 3789 antecessores
818 3725 869 3788 sui
900 3725 1031 3789 luerunt
1061 3724 1096 3788 in
1126 3723 1252 3800 seiteina,
1281 3723 1321 3788 de
1351 3722 1466 3787 eodem

358 3825 511 3890 libertate
542 3825 628 3912 quod
659 3834 837 3911 potuerunt
866 3826 1024 3892 iudicium
1062 3827 1165 3891 facere
1203 3826 1243 3891 de
1273 3825 1403 3902 talibus,
1433 3833 1468 3888 et

391 4017 400 4048 ¹
419 4016 518 4080 Supply
529 4017 608 4074 dedit,
621 4017 651 4064 Δ.
938 4029 1010 4066 came
1026 4030 1061 4066 an
1078 4030 1203 4079 spprorer
1220 4015 1252 4063 he
1269 4013 1354 4063 would
1371 4013 1403 4061 be
1419 4012 1466 4062 the

391 4083 402 4114 ¹
419 4081 586 4131 11100111ποί
595 4081 640 4130 tho
649 4081 716 4141 bort,
728 4079 886 4138 borsholder,
939 4081 1029 4142 King's
1040 4080 1165 4144 prisoner.
1201 4081 1245 4129 Br.
1258 4080 1276 4128 1.
1290 4077 1369 4127 12211.

358 4145 886 4208 11011111101011311,11101101110111101111111-
970 4145 1097 4222 ⁰Sppply
1113 4161 1171 4206 11011,
1188 4145 1219 4194 Δ.
1253 4143 1393 4205 obviously
1412 4142 1468 4192 this

358 4211 518 4339 plldbiipply
530 4276 637 4336 111011,
651 4275 679 4326 1.
940 4209 1165 4326 wirffelihlii‘
1324 4339 1330 4349 Ι
1443 4337 1449 4349 1

392 4341 404 4374 ⁴
420 4341 669 4402 0011110191101110.
969 4340 1051 4390 81110
1071 4341 1150 4390 latter
1166 4343 1226 4402 part
1245 4340 1274 4389 01
1291 4338 1345 4388 tlns
1363 4353 1423 4388 case
1442 4353 1466 4386 rs

393 4407 403 4437 ³
420 4405 607 4468 Theyohnrged
613 4404 712 4455 Jordan
719 4405 783 4454 with
790 4404 887 4464 having
937 4405 1029 4467 hardly
1041 4409 1068 4455 to
1078 4407 1111 4455 bs
1122 4405 1183 4455 read
1195 4405 1223 4454 in
1234 4405 1265 4453 A.

360 4471 464 4521 become
481 4485 515 4519 an
533 4484 658 4533 approver
676 4473 715 4531 (1).
750 4471 775 4518 11
791 4469 824 4518 he
845 4470 885 4518 be-
