3260 5218
335 421 465 470 uasrnn
488 423 562 471 run
584 423 732 486 ramur,
755 423 819 470 nn.
845 409 937 484 1219,
959 421 1022 472 aa.
1046 410 1073 471 3.
1218 409 1259 472 33

160 589 334 656 Willelmus
347 593 438 657 illam
455 593 547 658 dedit
565 595 717 680 predictis
737 593 931 658 monialibus
951 615 1024 657 cum
1045 613 1174 677 corpore
1194 612 1261 667 sno,

159 703 190 760 et
202 695 279 780 ipsi²
295 696 406 762 dicunt
420 697 509 784 quod
523 698 576 762 die
591 721 655 784 quo
669 698 768 763 breue
789 720 884 762 suum
905 697 968 761 fuit
983 697 1183 782 inpetratum
1199 703 1259 759 etc.

158 797 261 861 tenuit
291 798 373 885 ipse¹
402 807 508 864 totam
537 807 656 864 terram
685 800 774 864 illam
804 809 838 864 et
867 798 973 864 adhuc
1002 806 1094 863 tenet
1123 806 1158 862 et
1183 796 1258 862 inde

157 899 261 984 ponit⁸
274 924 309 966 se
328 925 427 988 super
443 903 591 968 iuratam.
637 905 681 968 Et
701 904 863 969 Robertus
882 904 962 968 dicit
982 902 1072 988 quod
1087 901 1128 966 dc
1146 899 1259 965 eadem

157 1011 239 1069 terra
263 1005 540 1092 inplacitauerunt
562 1030 637 1072 eum
661 1029 719 1093 per
745 1007 844 1072 breue
870 1006 911 1070 de
938 1015 1025 1070 recto
1054 1006 1138 1070 sicut
1167 1011 1260 1090 patet

157 1106 288 1173 inferius
302 1109 341 1173 de
357 1109 507 1195 Hugone.
645 1193 648 1200 Ι

218 1213 263 1277 Et
288 1213 387 1300 Hugo
407 1215 501 1278 uenit
521 1222 555 1278 et
575 1213 655 1278 dicit
675 1213 762 1300 quod
781 1213 880 1278 assisa
899 1234 964 1276 non
984 1211 1082 1276 debet
1099 1210 1175 1275 inde
1190 1210 1261 1275 lieri

157 1313 231 1398 quia
243 1314 331 1380 idem
349 1316 462 1380 Simon
478 1324 512 1380 et
527 1314 680 1380 Roheisia
693 1315 853 1380 dederunt
868 1323 987 1378 terram
1007 1314 1096 1378 illam
1116 1314 1261 1399 predicto

157 1417 318 1482 Willelmo
339 1419 521 1484 Senescallo
542 1441 600 1504 pro
622 1419 772 1505 homagio
793 1425 828 1482 et
849 1419 984 1483 seruicio
1005 1439 1063 1481 suo
1085 1417 1259 1482 tenendam

156 1519 194 1584 de
222 1521 271 1586 eis
295 1544 354 1608 per
382 1523 555 1588 seruicium
584 1521 734 1600 militare,
760 1530 794 1586 et
823 1521 910 1586 idem
940 1521 1122 1586 Willelmus
1151 1521 1260 1586 tenuit

156 1622 243 1688 illam
257 1623 298 1688 de
312 1624 361 1689 eis
374 1646 434 1710 per
447 1647 519 1688 xxx.
535 1646 635 1688 annos
649 1632 683 1688 et
698 1646 736 1688 eo
754 1623 893 1709 amplius
912 1632 946 1687 et
966 1623 1005 1688 de
1026 1623 1081 1688 illo
1095 1622 1260 1687 Willelmo

156 1726 320 1792 descendit
340 1737 428 1792 terra
445 1729 503 1792 illa
521 1729 584 1813 ipsi
605 1727 739 1814 Hugoni
759 1727 845 1792 unde
866 1727 998 1792 uidetur
1015 1728 1045 1792 ei
1066 1727 1152 1814 quod
1175 1736 1261 1792 terra

157 1828 209 1893 illa
229 1853 295 1894 non
317 1830 417 1895 debet
438 1832 559 1895 reuerti
581 1830 623 1896 ad
642 1831 728 1917 ipsos
748 1831 803 1916 qui
823 1831 944 1896 donum
960 1831 1041 1897 illud
1056 1833 1210 1908 fecerunt,
1226 1841 1260 1897 et

156 1943 300 2017 preterea
329 1933 411 1997 dicit
441 1933 527 2019 quod
556 1933 596 1998 de
627 1933 740 1998 eadem
775 1941 861 1997 terra
894 1933 1169 2019 inplacitauerunt
1197 1935 1260 2020 ipsi

157 2037 292 2100 eandem
308 2037 485 2122 Hugonem
505 2059 563 2122 per
581 2038 680 2102 breue
701 2037 823 2102 domini
843 2037 942 2124 Regis
961 2037 1002 2101 de
1019 2045 1107 2101 recto
1121 2037 1156 2101 in
1171 2039 1260 2102 curia

156 2137 275 2204 domini
290 2141 393 2227 Regis
407 2140 430 2204 J
431 2141 566 2205 ohannis
581 2149 615 2205 et
630 2141 755 2206 desicut
770 2150 843 2228 post
857 2142 956 2206 breue
971 2142 1052 2206 illud
1067 2141 1107 2206 de
1122 2149 1210 2206 recto
1225 2149 1258 2205 et
1270 2149 1416 2236 maggffm

157 2253 226 2326 post
239 2244 399 2330 placitum
414 2244 495 2308 illud
509 2244 758 2330 inpetrauerunt
777 2245 840 2330 ipsi
859 2245 958 2309 breue
979 2244 1019 2309 de
1034 2244 1133 2309 assisa
1147 2266 1259 2334 uersus
1271 2243 1397 2329 ffiffi

158 2365 229 2410 cum
243 2349 311 2411 non'
324 2347 459 2411 uidetur
473 2347 503 2410 ei
518 2347 603 2432 quod
618 2347 717 2412 assisa
730 2347 848 2412 debeat
862 2347 1032 2432 procedere
1047 2369 1159 2412 uersus
1174 2369 1257 2412 eum.
1270 2301 1368 2425 ml
1494 2363 1499 2372 ·

159 2447 247 2515 Idem
261 2451 344 2516 dicit
359 2451 521 2515 Robertus
535 2449 576 2514 de
591 2450 704 2515 eodem
719 2449 838 2534 placito
852 2471 965 2514 uersus
979 2471 1054 2513 eum
1069 2457 1129 2514 etc.
1228 2491 1229 2496 κ

102 2601 107 2614 .
219 2554 386 2618 Walterus
409 2553 450 2618 de
478 2553 637 2618 Kidewar'
661 2553 781 2638 optulit
804 2575 838 2616 se
864 2561 979 2637 quarto
1002 2539 1118 2616 diade
1142 2552 1261 2637 placito
1328 2565 1371 2604 Suf-

158 2655 308 2721 audiendi
338 2655 582 2742 inquisicionem
612 2655 652 2720 de
679 2663 766 2719 terra
790 2654 831 2718 de
857 2654 1150 2720 Ketelbernestona
1175 2655 1261 2720 unde

158 2757 238 2823 idem
249 2759 419 2823 Walterus
430 2767 564 2844 questus
579 2759 642 2822 fuit
657 2758 742 2844 quod
758 2759 826 2844 ipse
841 2757 1008 2822 disseitus⁴
1020 2758 1085 2822 fuit
1099 2758 1262 2823 occasione

158 2883 268 2949 guerre
300 2871 360 2926 etc.
389 2871 423 2926 et
453 2862 668 2948 recognitores
693 2861 782 2925 illius
810 2861 915 2926 iurato
944 2883 1009 2926 non
1038 2869 1199 2926 uenerunt
1228 2871 1263 2926 et

158 2975 345 3052 preceptum
371 2966 435 3030 fuit
458 2965 641 3030 uicecomiti
667 2965 753 3050 quod
776 2964 910 3029 haberet
936 2987 1067 3050 corpora
1092 2987 1203 3030 eorum
1229 2974 1263 3029 et

159 3069 334 3136 uicecomes
366 3068 536 3132 mandauit
569 3066 655 3153 quod
687 3066 770 3131 illud
806 3075 993 3152 preceperat
1027 3067 1200 3132 senescallo
1231 3067 1261 3132 S.

159 3170 342 3237 Eadmundi
356 3181 391 3235 et
406 3169 599 3234 senescallus
613 3170 686 3234 illos
696 3191 761 3232 non
773 3168 895 3233 habuit.
934 3169 978 3232 Et
990 3169 1062 3233 ideo
1074 3177 1263 3254 preceptum

158 3283 204 3338 est
231 3272 419 3338 uicecomiti
449 3271 535 3357 quod
563 3272 599 3336 in
624 3273 689 3337 fide
715 3273 749 3336 in
776 3294 841 3356 qua
866 3280 998 3336 tenetur
1023 3271 1153 3336 domino
1179 3273 1263 3359 Regi

157 3377 275 3442 habeat
296 3397 429 3460 corpora
450 3397 560 3438 eorum
583 3375 617 3438 in
640 3385 699 3439 oct
723 3375 754 3439 S.
780 3375 874 3439 Mich.
898 3383 957 3439 eto.
981 3383 1015 3439 et
1041 3397 1106 3439 non
1131 3375 1263 3440 omittat

157 3488 288 3565 propter
316 3478 502 3542 libertatern
538 3475 678 3541 Abbatis
714 3476 744 3541 S.
776 3475 961 3540 Eadmundi
984 3473 989 3562 Ι
1013 3477 1105 3541 cuius
1133 3477 1263 3542 balliuis
1325 3495 1379 3544 [⁶111

158 3581 323 3667 precipisti
337 3589 376 3644 ut
390 3579 484 3644 nobis
498 3579 659 3644 mandasti
675 3579 761 3664 quod
776 3579 847 3642 illos
868 3578 1025 3642 haberent
1040 3601 1059 3642 a
1073 3578 1126 3642 die
1143 3579 1173 3643 S.
1189 3579 1210 3644 J
1212 3578 1260 3642 oh.

156 3684 189 3748 in
219 3706 269 3747 xv.
300 3682 370 3746 dies
399 3691 435 3745 et
463 3681 534 3746 illos
564 3703 628 3745 non
657 3681 849 3758 habuerunt,
879 3691 913 3744 et
943 3681 1028 3766 quod
1061 3693 1263 3746 summoneat

155 3787 338 3874 predictum
362 3785 527 3850 Abbatem
551 3794 609 3849 etc.
635 3785 806 3850 auditurus
832 3785 988 3849 iudicium
1016 3809 1110 3850 suurn
1137 3786 1177 3851 de
1203 3787 1263 3850 hoc

155 3891 240 3977 quod
254 3891 418 3977 predictos
433 3890 590 3954 iuratores
604 3913 668 3954 non
685 3889 800 3953 habuit
815 3897 874 3954 etc.
891 3890 975 3954 sicut
990 3899 1178 3975 preceptum
1199 3891 1262 3955 fuit

154 3995 284 4060 balliuis
298 3994 393 4059 suis⁶.

101 4145 106 4158 .
220 4101 331 4164 Assisa
356 4099 450 4162 uenit
474 4097 677 4184 recognitum
704 4097 776 4184 quis
802 4097 978 4164 aduocatus
1004 4106 1147 4184 temporo
1174 4099 1261 4184 pacis
1320 4119 1379 4158 uon.

188 4297 268 4347 ¹'l'he
290 4297 419 4361 plaintills
442 4297 534 4346 Simon
556 4295 608 4346 and
634 4297 683 4346 Ro·
767 4295 866 4346 ³(lorr.
878 4295 1030 4360 peruncti).

156 4363 236 4412 hosis.
767 4363 777 4392 ⁴
795 4361 865 4410 Gorr.
878 4363 1024 4411 dissaisitio.

187 4428 198 4460 ²
213 4428 267 4478 The
279 4427 429 4485 defendant,
441 4427 545 4476 Bobert.
767 4427 777 4456 ⁵
796 4426 842 4477 See
854 4425 896 4475 Br.
910 4426 927 4476 l.
943 4427 999 4475 442.

284 4529 316 4575 n.
1039 4512 1176 4573 ·3
