3308 5226
474 477 612 550 nassau,
634 487 698 538 an.
724 475 817 553 1234,
839 488 901 541 aa
927 480 976 542 18.
1211 483 1273 547 659

166 666 239 723 tum
259 657 430 724 nadiatum
451 666 486 723 et
505 653 692 745 percuwm
714 660 778 725 drit
801 657 888 726 inter
908 658 963 728 eos
979 661 1014 727 in
1038 660 1163 730 eadem
1176 662 1281 745 c'uria,

165 769 200 826 et
215 761 264 826 ita
278 762 364 848 quod
379 762 565 828 Alexander
579 771 674 849 pater
686 785 765 828 suus
784 767 989 852 recuperauit
1009 768 1161 834 saisinam
1177 769 1281 836 'suam

166 865 207 930 de
230 866 342 932 eodem
359 867 452 932 ieodo
473 887 533 954 per
548 867 647 932 finem
669 868 779 946 duelli,
795 877 830 935 et
852 869 939 937 unde
961 871 1042 937 dicit
1064 873 1151 960 quod
1172 870 1273 942 nichil

165 966 359 1036 descendere
374 977 482 1057 potest
497 971 657 1036 Beatrieie
672 993 732 1036 nec
746 971 853 1037 eidem
868 974 891 1039 J
892 973 1020 1040 ohanni

231 1070 276 1135 Et
312 1071 479 1136 Johannes
514 1070 608 1136 uenit
637 1078 672 1136 et
700 1071 784 1136 bene
815 1073 963 1138 concedit
992 1074 1078 1160 quod
1108 1076 1274 1162 predictus

164 1172 352 1240 Alexander
372 1175 421 1240 ita
445 1175 649 1262 recuperauit
671 1175 823 1241 saisinam
845 1197 938 1242 suam
960 1200 1019 1264 per
1039 1178 1138 1245 finem
1162 1179 1272 1258 duelli,

164 1276 222 1342 sed
250 1285 423 1365 postquam
451 1279 541 1344 illam
571 1279 785 1366 recuperauit,
808 1281 904 1346 uenit
932 1281 1020 1347 idem
1049 1281 1213 1348 Robertus
1238 1291 1275 1349 et

164 1379 246 1445 emit
271 1389 391 1446 terram
417 1381 508 1447 illam
533 1381 575 1447 de
599 1381 746 1468 predicto
768 1379 954 1449 Alexandro
979 1405 1038 1471 pro
1062 1385 1153 1472 xliiij.
1177 1409 1272 1452 marr„

163 1492 198 1549 et
213 1485 277 1551 fuit
298 1485 375 1552 inde
397 1487 432 1552 in
453 1485 571 1552 neieina
592 1507 651 1573 per
671 1507 721 1551 xx.
745 1507 855 1564 annos,
877 1495 912 1552 et
933 1495 1048 1573 postea
1068 1489 1159 1554 illam
1181 1488 1273 1554 dedit

163 1587 251 1654 idem
266 1589 427 1655 Robertus
443 1589 602 1655 Beatricie
617 1588 686 1654 filie
699 1609 757 1653 sue
772 1585 864 1654 adse
879 1589 1051 1654 maritand'
1066 1597 1101 1654 et
1123 1591 1195 1676 ipsa
1208 1591 1279 1656 fuit

163 1691 199 1756 in
220 1692 339 1758 seisina
353 1714 411 1781 per
432 1694 564 1780 longum
586 1700 726 1779 tempus,
740 1693 842 1758 donec
863 1693 951 1758 idem
973 1693 1158 1759 Alexander
1178 1701 1273 1780 pater

162 1795 266 1882 ipsius
280 1797 457 1863 Alexandri
471 1797 561 1863 illam
576 1797 782 1884 recuperauit
796 1819 910 1862 uersus
924 1795 1060 1863 eandem
1076 1797 1271 1864 Beatriciam

163 1899 199 1965 i'n
221 1901 312 1966 curia
332 1901 472 1967 Abbatis
502 1901 535 1967 S.
558 1899 744 1966 Eadmundi
772 1919 832 1987 per
859 1899 1022 1978 defaltum,
1045 1908 1079 1966 et
1108 1901 1157 1966 ita
1184 1901 1271 1986 petit
1331 1953 1336 1965 ,

163 2003 205 2071 de
242 2005 361 2072 seisina
389 2005 534 2092 predicte
564 2005 727 2070 Beatricie
737 2003 756 2070 ¹.
800 2003 1002 2090 Perquisitus
1031 2025 1095 2090 quo
1125 2011 1270 2090 tempore

163 2125 350 2197 percussum
372 2108 436 2174 fuit
458 2108 613 2186 duellum,
635 2107 824 2193 dicitquod
846 2116 990 2193 tempore
1013 2106 1147 2172 Henrici
1169 2105 1269 2195 Regis

162 2210 226 2275 aui.
272 2210 315 2276 Et
330 2211 477 2297 quesitus
498 2234 562 2298 quo
584 2219 729 2297 tempore
752 2209 840 2275 idem
862 2209 1025 2274 Robertus
1046 2208 1127 2274 emit
1149 2211 1277 2274 terram

161 2313 252 2378 illam
288 2321 363 2401 post
399 2314 554 2392 duellum,
592 2313 672 2378 dicit
712 2312 799 2400 quod
835 2320 980 2398 tempore
1020 2310 1122 2398 ipsius
1159 2312 1278 2398 Regis.

161 2415 317 2497 Quesitus
344 2417 446 2483 eciem
476 2439 541 2504 quo
570 2424 715 2502 tempore
744 2415 823 2480 data
851 2415 915 2480 fuit
944 2413 1114 2492 Beatrioie,
1140 2423 1174 2480 et
1204 2437 1268 2502 quo

162 2527 307 2606 tempore
322 2519 393 2606 ipsa
406 2520 496 2585 illam
511 2518 628 2596 amisit,
643 2517 723 2582 dicit
739 2517 825 2603 quod
839 2524 985 2604 tempore
999 2517 1144 2584 eiusdem
1159 2517 1278 2604 Regis.

226 2622 346 2688 Postea
367 2623 461 2688 uenit
487 2631 522 2688 et
545 2619 668 2687 dedicit
691 2619 777 2707 quod
800 2619 966 2706 predictus
993 2619 1180 2685 Alexander
1202 2643 1268 2686 non

161 2723 313 2792 uendidit
348 2749 421 2792 eam
459 2725 604 2812 predicto
640 2725 792 2803 Roberto,
821 2732 873 2789 set
908 2722 1048 2810 quedam
1085 2723 1190 2790 Matil'
1226 2723 1267 2790 de

163 2827 351 2913 Sapertona,
373 2835 408 2893 et
430 2829 508 2915 quia
527 2829 577 2893 ita
597 2827 709 2892 uarius
730 2835 781 2892 est
802 2826 838 2891 in
859 2825 947 2891 dioto
969 2847 1036 2904 suo,
1062 2849 1122 2892 nec
1143 2827 1267 2914 aliquid

162 2931 305 2996 ostendit
333 2939 457 2996 cartam
484 2953 545 2997 nec
574 2929 664 2996 aliud
693 2929 780 3017 quod
809 2936 896 2994 terra
917 2929 975 2993 illa
998 2929 1077 2994 data
1102 2937 1187 2995 esset
1212 2931 1276 2996 uel

162 3031 298 3099 uendite
310 3033 374 3120 ipsi
384 3027 535 3111 Roberto,
546 3041 581 3098 et
596 3032 674 3119 quia
688 3031 873 3098 Alexander
886 3030 967 3096 dioit
982 3030 1069 3117 quod
1082 3031 1268 3096 Alexander

161 3143 255 3221 pater
283 3157 361 3202 snus
383 3153 551 3223 nunquam
576 3136 683 3202 exiuit
706 3157 727 3202 a
749 3135 867 3202 saisina
889 3143 940 3200 set
963 3134 1046 3200 obiit
1070 3133 1209 3211 saisitus,
1232 3141 1268 3198 et

161 3240 231 3326 ipse
259 3263 386 3328 semper
414 3248 488 3328 post
517 3263 592 3306 eum
616 3239 681 3306 fuit
705 3241 741 3306 in
767 3240 886 3306 saisina
908 3239 1070 3317 continue,
1094 3259 1154 3302 nee
1179 3235 1267 3302 idem

160 3343 184 3410 J
185 3345 327 3410 ohannes
345 3343 350 3432 Ι
370 3343 494 3431 aliquid
509 3343 653 3410 ostendit
668 3345 703 3409 in
725 3343 931 3420 contrarium,
946 3340 1194 3408 Consideratum
1216 3346 1267 3405 'est

162 3447 247 3534 quod
267 3447 452 3513 Alexander
473 3447 550 3513 inde
570 3447 641 3513 sine
660 3447 722 3526 die,
739 3457 774 3514 et
796 3448 963 3514 dohannes
984 3445 1021 3510 in
1044 3443 1266 3510 misericordia

162 3551 261 3616 finem
276 3551 355 3620 lecit
369 3575 428 3638 per
441 3543 542 3618 unam
554 3545 707 3630 marcam,
719 3552 765 3638 pl'
779 3559 838 3617 eta

103 3697 111 3714 ·
227 3653 391 3722 (histiana
413 3677 477 3742 que
500 3655 564 3720 fuit
586 3677 668 3720 uxor
688 3653 820 3720 Radulli
843 3653 884 3719 de
909 3653 942 3720 S.
967 3649 1160 3718 Eadmundo
1182 3650 1269 3737 petit
1384 3698 1390 3710 .

162 3775 275 3826 uersus
293 3761 487 3848 Margariam
511 3757 664 3848 Pudding
683 3758 817 3824 terciam
838 3763 966 3843 partem
986 3755 1062 3821 dim.
1080 3755 1162 3840 uirg.
1183 3758 1272 3819 terre

163 3885 238 3930 cum
264 3873 344 3952 pert
369 3865 404 3930 in
427 3863 581 3942 Thishou,
605 3871 644 3928 ut
667 3863 777 3928 dotem
803 3881 895 3926 suam
917 3867 977 3926 eto
1002 3867 1036 3925 et
1059 3858 1147 3924 unde
1172 3865 1269 3923 uocat

162 3966 204 4033 ad
232 3977 412 4034 warantum
442 3969 638 4055 Magistrum
667 3967 814 4032 Militum
846 3965 975 4050 Templi
1010 3964 1045 4028 in
1074 3961 1206 4048 Anglia,
1235 3967 1270 4025 et

163 4070 219 4157 qui
241 4071 334 4136 uenit
354 4079 389 4136 et
408 4080 505 4138 uocat
523 4071 566 4136 ad
585 4077 766 4136 warantum
788 4068 864 4134 inde
889 4067 1020 4134 Oliuum
1040 4071 1075 4130 et
1098 4063 1270 4130 Sabrinam

162 4195 284 4240 sorores
299 4183 334 4240 et
348 4175 483 4241 heredes
497 4175 635 4262 predicti
650 4174 781 4240 Radulfi
796 4182 856 4240 etc

229 4275 274 4340 Et
295 4275 394 4342 Oliua
416 4277 510 4343 uenit
536 4285 571 4344 et
593 4277 674 4342 dicit
699 4276 786 4362 quod
814 4274 978 4341 hereditas
1005 4271 1108 4360 ipsius
1137 4269 1269 4337 Radulfi

162 4379 286 4466 partita
300 4379 382 4446 iuit¹
396 4404 535 4447 sororem
550 4403 652 4460 suam,
669 4389 703 4446 et
718 4379 804 4467 quod
818 4380 891 4466 ipsa
909 4378 1027 4444 habuit
1048 4376 1269 4458 medietatem,

325 4507 392 4558 ¹No
404 4511 462 4574 stop
474 4507 502 4559 in
513 4507 570 4560 MS.
765 4507 1062 4572 ’supplyiateriprom
1073 4513 1106 4556 ct.

1075 4607 1182 4669 42-2
