3276 5234
444 444 592 507 amns,
614 443 678 494 nn.
702 429 796 506 1229,
819 443 882 492 aa
907 429 956 494 13.
1192 429 1255 495 267

147 617 236 682 libre
262 613 386 700 cymini,
415 613 472 678 uel
502 613 532 678 si
557 613 630 700 ipsa
657 633 785 697 semper
813 619 927 698 postea
963 611 1128 678 redditum
1164 614 1258 680 illum

148 719 386 797 refirtault,elc.

216 925 250 990 A
262 924 314 990 die
329 924 361 990 S.
377 922 513 988 Hillarii
528 923 564 986 in
579 929 645 988 tres
659 923 866 1010 septimanas

98 1185 104 1198 .
214 1131 342 1196 ‘Amisa
351 1130 445 1194 uenit
454 1127 662 1216 recognitura
670 1127 698 1192 si
707 1127 855 1194 Andreas
866 1127 907 1194 de
920 1128 1080 1195 Cancellis
1092 1129 1212 1196 iniuste
1224 1140 1259 1196 et
1336 1143 1351 1172 ¹¹

148 1237 219 1301 sine
231 1236 350 1302 iudicio
358 1233 538 1300 disseisiuit
546 1232 713 1298 Abbatom
723 1230 900 1298 Grestenn¹
908 1232 948 1298 de
961 1233 1061 1298 libero
1071 1243 1258 1302 tenemento

148 1363 207 1405 suo
222 1341 373 1405 inMerse
386 1347 461 1425 post
471 1345 532 1403 ete.
562 1337 607 1400 Et
616 1336 764 1402 Andreas
773 1359 838 1401 non
847 1337 941 1402 uenit
951 1345 1010 1404 eto.
1041 1339 1258 1406 EtRobertus

148 1443 189 1508 de
203 1441 342 1508 Aumari
357 1450 391 1506 et
406 1441 571 1505 Robertus
585 1438 626 1503 de
638 1439 799 1515 Valoines,
814 1439 978 1506 Hemious
989 1439 1030 1506 de
1046 1443 1212 1508 Scaooario
1223 1453 1258 1510 et

150 1547 314 1612 Robertus
327 1545 369 1610 de
384 1541 507 1630 Braey⁸
521 1551 664 1629 quatuor
678 1542 800 1608 milites
815 1542 857 1608 ad
872 1543 932 1608 hoo
946 1544 1117 1610 iusticiarii
1139 1547 1259 1611 eonsti-

151 1651 215 1716 tuti
231 1651 373 1716 ueniunt
392 1647 593 1714 recordaturi
615 1656 650 1712 et
672 1647 787 1712 dicum
811 1645 897 1733 quod
922 1647 1070 1713 Andreas
1091 1671 1258 1736 nunquam

150 1755 332 1841 comparuit
346 1776 454 1818 coram
470 1753 517 1818 eis
532 1760 567 1818 et
581 1751 699 1816 habuit
718 1752 798 1816 alios
817 1751 887 1818 dies
909 1775 1016 1818 eoram
1037 1753 1083 1818 eis
1107 1761 1141 1818 st
1164 1753 1257 1820 Dom.

150 1859 220 1923 Rex
243 1857 416 1923 mandauit
441 1856 529 1943 quod
552 1855 653 1920 assisa
676 1865 852 1941 poneretur
877 1878 984 1922 coram
1009 1857 1195 1924 iustician'is
1223 1860 1258 1924 in

150 1961 251 2026 baum
273 1969 357 2046 aput
378 1957 706 2024 westmonasterium
728 1957 771 2022 ad
794 1957 880 2024 hunc
903 1958 1000 2038 diem,
1014 1959 1056 2024 ad
1080 1983 1177 2046 quem
1200 1985 1259 2027 neo

151 2063 297 2130 Andreas
322 2064 424 2128 uenit
480 2063 525 2127 Et
548 2061 623 2127 ideo
646 2062 794 2148 oapiatm·
824 2063 924 2128 assisa
952 2085 1067 2128 uersus
1095 2087 1171 2130 eum
1200 2087 1260 2151 per

150 2166 315 2232 defaltam.
359 2165 404 2230 Et
429 2165 593 2230 Robertus
619 2163 660 2228 de
687 2163 868 2230 Chetwude
898 2172 933 2230 et
962 2165 1147 2231 Willelmus
1172 2167 1259 2233 filius

149 2271 324 2358 Reginaldi
350 2270 567 2356 recognitores
597 2269 744 2334 eiusdem
774 2268 872 2334 assise
895 2269 931 2333 in
955 2269 1173 2336 misericordia
1200 2294 1258 2357 pro

150 2375 277 2440 deblta

210 2479 234 2544 J
235 2485 385 2543 uratores
399 2475 515 2541 dicunt
535 2474 622 2561 quod
642 2475 809 2540 «lohannes
828 2473 869 2539 de
894 2475 1005 2540 Monte
1020 2475 1127 2541 Aouto
1149 2477 1258 2541 tenuit

150 2583 331 2648 manerium
346 2580 388 2646 de
404 2581 510 2646 Mersa
525 2580 567 2644 de
588 2580 719 2645 Abbate
740 2579 898 2658 Gresten',
913 2588 948 2646 et
969 2581 1056 2646 idem
1080 2580 1258 2646 Robertus⁴

150 2691 241 2756 uenit
270 2699 308 2756 et
329 2689 473 2754 reddidit
495 2687 602 2754 eidem
624 2687 749 2753 Abbati
770 2687 952 2752 manerium
974 2688 1056 2753 illud
1079 2696 1113 2753 et
1135 2696 1257 2754 cartam

151 2819 245 2882 quam
271 2796 351 2861 inde
375 2795 493 2860 habuit
516 2792 659 2858 reddidit
685 2792 791 2857 eidem
817 2791 941 2858 Abbati
969 2815 1028 2878 pro
1056 2793 1169 2879 quieta
1193 2794 1258 2857 ola-

151 2901 276 2966 manoia
305 2899 399 2964 firme
428 2921 527 2985 quam
556 2897 644 2962 idem
673 2897 841 2962 Johannes
870 2897 900 2963 ei
930 2896 1070 2978 debuit⁸,
1099 2907 1134 2963 et
1169 2897 1256 2963 idem

150 3006 260 3071 Abbas
299 3003 456 3069 remansit
485 3001 562 3068 inde
592 3001 626 3065 in
656 3000 775 3065 saisina
803 3009 837 3065 et
866 2999 975 3086 posuit
1004 3000 1050 3065 ibi
1082 3001 1256 3087 quemdam

151 3110 346 3175 monachum
361 3131 467 3174 suum.
513 3106 557 3172 Et
579 3112 693 3191 postea
715 3103 808 3168 uenit
830 3103 1074 3169 archidiaconus
1096 3105 1258 3170 Lersensis

151 3223 182 3279 et
201 3215 284 3279 tulit
306 3213 407 3277 breue
429 3211 525 3275 Dom.
548 3209 649 3296 Regis
670 3207 711 3272 de
734 3207 884 3273 habenda
905 3209 1024 3274 seisina
1045 3209 1085 3274 de
1107 3209 1257 3275 omnibus

151 3318 241 3382 terris
256 3315 346 3382 unde
361 3313 527 3402 predictus
541 3311 566 3378 J
566 3313 709 3376 ohannes
724 3311 764 3376 de
780 3311 893 3376 Monte
908 3311 1016 3377 Aouto
1031 3313 1113 3377 obiit
1127 3313 1257 3379 saisitus

150 3429 182 3486 et
203 3419 384 3486 monachus
407 3417 514 3483 noluit
540 3415 627 3482 exire
653 3415 694 3480 de
718 3416 832 3482 eadem
861 3424 956 3494 terra,
987 3417 1064 3504 quia
1092 3417 1256 3504 predictus

149 3523 315 3588 Johannes
334 3544 400 3586 non
422 3521 504 3586 obiit
526 3519 602 3584 inde
624 3519 763 3597 saisitus,
778 3529 812 3584 et
833 3527 908 3606 post
931 3521 1025 3585 uenit
1046 3521 1193 3586 Andreas
1215 3521 1256 3586 de

150 3627 309 3695 Oanoellis
323 3649 399 3691 cum
410 3625 447 3690 ui
457 3647 517 3690 sua
528 3633 561 3690 et
573 3624 697 3689 amouit
708 3623 815 3710 ipsum
827 3625 1021 3690 monachum
1034 3634 1068 3690 et
1079 3626 1256 3692 disseisiuit

149 3733 332 3817 predictum
346 3729 522 3805 Abbatem
536 3736 571 3792 et
585 3727 659 3792 ideo
669 3726 783 3792 dicum
794 3727 881 3814 quod
899 3727 904 3813 Ι
924 3727 1011 3792 idem
1022 3729 1169 3794 Andreas
1180 3751 1256 3794 eum

149 3835 269 3901 iniuste
285 3843 345 3900 eta
361 3832 546 3898 desseisiuit
560 3831 645 3896 sicut
660 3832 759 3898 breue
779 3832 867 3897 dicit.
912 3833 956 3896 Et
980 3833 1053 3898 ideo
1077 3832 1256 3898 considera-

150 3947 219 4003 tum
235 3936 391 4024 estquod
406 3936 518 4000 Abbas
538 3936 743 4021 recuperauit
763 3935 915 4001 saisinam
937 3958 1038 4013 suam,
1053 3944 1088 4000 et
1109 3935 1257 4002 Andreas

150 4043 183 4106 in
207 4039 434 4108 misericordia
480 4039 525 4104 Et
553 4038 711 4104 iuratores
734 4039 884 4125 requisiti
912 4039 960 4104 de'
977 4039 1126 4126 dampnis
1154 4039 1257 4126 ipsius

150 4147 290 4214 Abbatis
312 4145 427 4211 dicunt
453 4142 540 4230 quod
563 4165 628 4209 non
654 4152 789 4231 possunt
815 4141 992 4230 requirere⁶
1022 4165 1085 4230 que
1115 4143 1258 4230 dempna

180 4341 190 4374 ¹
206 4341 238 4390 A.
249 4355 287 4389 m.
298 4343 322 4390 8.
761 4338 772 4372 ⁴
789 4337 859 4387 Gorr.
870 4339 1005 4398 dotorum,
1017 4337 1048 4386 A.

181 4406 192 4437 ²
208 4405 329 4456 Grestain
341 4405 369 4456 in
381 4403 542 4468 Normandy.
762 4405 773 4438 ⁵
790 4403 861 4453 More
871 4403 900 4452 ol
909 4401 963 4452 thia
973 4405 1068 4453 matter
1082 4401 1111 4453 in
1123 4402 1186 4453 (lasa
1199 4403 1255 4452 ³54.

182 4473 193 4502 ³
209 4474 302 4536 Brocy.
314 4472 344 4521 A.
760 4469 771 4502 ⁰
789 4469 860 4519 Gorr.
872 4470 1008 4532 inquirere,
1021 4467 1052 4518 A.
