3276 5234
351 423 416 494 202
655 443 793 508 212122,
815 443 880 496 an.
905 430 1082 508 1222111
1108 437 1158 500 11.

349 626 468 704 petunt
482 639 595 682 uersus
609 615 717 682 Adam
731 616 772 681 de
789 615 885 682 Nouo
900 616 1045 684 Mercato
1059 619 1307 685 aduocacionem
1325 618 1457 684 ecclesie

348 720 390 786 de
413 719 560 785 Hatleud
583 743 657 785 cum
678 719 887 806 pertinenciis
907 729 946 785 ut
965 721 1016 786 ius
1037 745 1157 800 eorum,
1172 721 1259 788 unde
1273 722 1458 787 Willelmns

350 823 467 890 Comes
482 824 643 888 Warenne
658 831 840 887 antecessor
854 845 932 889 suus
952 825 1016 890 fuit
1035 826 1167 892 22121222
1187 835 1225 891 ut
1246 826 1286 892 de
1309 826 1402 891 feodo
1421 834 1456 890 et

348 928 389 993 de
404 928 474 992 iure
489 935 634 1014 tempore
649 927 691 992 Η.
708 927 807 1014 Regis
821 927 915 1004 senis,
930 929 1053 996 scilicet
1068 953 1153 996 anno
1168 940 1202 998 22
1217 931 1270 996 212
1286 953 1350 1017 quo
1365 930 1455 1006 obiit,

348 1031 397 1096 ita
416 1031 502 1117 quod
523 1030 771 1096 aduocacionem
790 1031 880 1094 illam
896 1030 988 1096 dedit
1007 1032 1136 1098 cuidam
1151 1033 1284 1099 Ankero
1299 1033 1401 1098 Priori
1415 1033 1456 1098 de

348 1137 468 1214 Leues,
490 1143 525 1201 et
553 1135 641 1200 idem
662 1135 815 1200 Ankerus
835 1143 909 1220 poet
931 1135 1053 1200 donum
1078 1136 1161 1202 illud
1188 1137 1393 1223 presentauit
1413 1135 1456 1202 ad

348 1241 515 1306 ecclesiam
544 1240 647 1326 ipsam
677 1239 839 1326 quendam
868 1238 1044 1306 Ricardum
1073 1241 1113 1307 de
1144 1241 1315 1306 Besewilla
1335 1241 1393 1327 qui
1414 1239 1457 1306 ad

348 1345 621 1431 presentationem
636 1366 729 1408 suam
744 1342 808 1408 fuit
822 1342 981 1408 admissus
995 1343 1151 1429 capiendo
1170 1344 1246 1410 inde
1261 1345 1394 1432 21111222
1414 1343 1455 1410 22

349 1448 528 1514 2212221221
547 1446 642 1512 caol
659 1453 719 1510 etc.

414 1553 458 1618 Et
473 1552 580 1617 Adam
595 1551 688 1616 uenit
703 1559 737 1616 et
751 1551 898 1616 defendit
918 1551 986 1616 uim
1002 1559 1037 1616 et
1051 1551 1204 1617 iniuriam
1219 1575 1306 1618 nunc
1321 1561 1356 1618 et
1375 1553 1456 1620 alias

348 1657 478 1742 quando
493 1665 528 1722 et
548 1656 606 1720 ubi
626 1656 733 1734 debet,
748 1664 783 1720 et
805 1655 885 1722 dicit
905 1656 992 1742 quod
1013 1678 1078 1720 non
1098 1657 1197 1722 debet
1211 1657 1318 1723 eidem
1335 1659 1458 1726 Comiti

348 1762 540 1848 respondere
555 1761 632 1847 quia
646 1761 762 1826 Comes
777 1762 940 1848 cognoscit
955 1761 1041 1848 quod
1061 1771 1244 1828 antecessor
1265 1786 1344 1828 suus
1364 1763 1457 1828 dedit

349 1866 503 1953 quicquid
532 1866 612 1931 iuris
641 1865 758 1930 habuit
787 1866 823 1930 in
852 1866 999 1952 predicta
1027 1867 1250 1945 aduocacione,
1271 1867 1359 1932 unde
1387 1868 1458 1954 ipse

348 1972 448 2038 nichil
477 1978 588 2058 petere
617 1978 732 2056 potest.
777 1970 829 2034 De
851 1970 921 2036 iure
945 1970 1064 2035 Prioris
1085 1971 1166 2036 dicit
1188 1973 1275 2058 quod
1296 1971 1379 2038 illud
1401 1971 1456 2036 de·

347 2075 452 2140 fendit
487 2073 617 2160 precise,
647 2082 682 2138 et
710 2074 803 2160 ponit
831 2097 866 2140 22
895 2073 930 2138 12
959 2095 1112 2161 magnam
1141 2076 1275 2142 assisam
1305 2084 1340 2142 et
1369 2075 1455 2161 petit

346 2175 600 2262 recognicionem
629 2173 707 2249 fieri,
730 2181 841 2238 utrum
871 2173 940 2259 ipse
969 2174 1075 2238 maius
1104 2175 1155 2239 ius
1184 2175 1305 2241 11211222
1334 2175 1370 2240 12
1398 2175 1455 2240 ad·

347 2279 517 2344 1122221222
532 2278 589 2343 1112
605 2284 645 2342 ut
663 2277 699 2341 in
717 2277 775 2342 illa
796 2300 859 2363 que
881 2278 1025 2364 pertinet
1044 2279 1086 2344 ad
1109 2288 1335 2346 tenementum
1357 2301 1453 2346 suum

348 2383 433 2469 quod
447 2391 540 2447 tenet
553 2381 595 2446 de
611 2381 739 2447 Gemite
755 2381 916 2446 Warenne
931 2404 974 2446 an
989 2382 1075 2448 idem
1093 2382 1184 2448 Prior
1199 2391 1234 2447 et
1248 2382 1382 2448 eeclesia
1396 2403 1457 2447 sue

347 2486 480 2551 tenendi
502 2486 630 2551 camin
652 2485 818 2552 dominico.
863 2487 909 2551 Et
931 2487 1047 2554 Comes
1062 2489 1225 2574 cognoscit
1239 2489 1327 2574 quod
1343 2509 1458 2554 reuera

345 2591 446 2658 nichil
461 2592 579 2656 2121222
599 2591 634 2655 12
653 2592 711 2656 1112
732 2592 945 2658 22222221222
967 2595 1031 2659 2121
1052 2602 1091 2659 112
1112 2594 1290 2660 aduocatos
1311 2593 1456 2659 eiusdem

347 2693 465 2760 Prioris
486 2693 527 2759 de
549 2693 762 2760 aduocacione
784 2695 849 2762 illa.
892 2697 938 2762 Et
957 2697 1030 2762 ideo
1051 2698 1288 2763 consideratum
1304 2705 1355 2763 222
1369 2697 1457 2784 (11122

347 2821 467 2885 magna
485 2797 585 2862 assisa
603 2797 662 2861 fiat
682 2797 770 2862 inter
789 2797 897 2883 ipsum
912 2798 1019 2864 Adam
1041 2809 1077 2866 et
1098 2801 1282 2886 predictum
1304 2799 1455 2866 Priorem.

347 2901 428 2966 Dies
442 2901 538 2966 datus
553 2909 603 2966 222
623 2902 669 2966 212
689 2901 742 2966 212
761 2902 922 2968 dominica
943 2911 1021 2969 ante
1042 2903 1291 2970 Asscencionem
1314 2905 1456 2983 Domini,

345 3107 498 3173 clericum
513 3131 609 3172 suum
624 3109 677 3172 uel
694 3108 870 3194 Hugonem
885 3108 926 3174 de
941 3109 1082 3175 Scuilu'.

227 3236 298 3300 249·
412 3210 621 3296 ⁸Preceptum
650 3210 714 3276 fuit
737 3211 922 3276 uicecomiti
943 3212 1030 3298 quod
1051 3212 1137 3278 iuste
1160 3221 1221 3278 etc.
1244 3235 1313 3278 esse
1336 3215 1456 3280 faceret

186 3337 330 3378 comnenae
348 3313 557 3380 racionabiles
579 3314 699 3380 diuisas
725 3315 813 3380 inter
834 3323 954 3380 2211212
976 3313 1107 3380 12122121
1129 3315 1170 3382 22
1193 3317 1399 3404 Leuingtona
1420 3319 1455 3383 in

348 3417 554 3503 Leuingtona
582 3426 617 3482 et
646 3426 765 3482 terram
792 3418 881 3482 Petri
903 3418 944 3484 22
966 3418 1071 3502 Tyllol
1092 3419 1127 3483 in
1150 3420 1260 3486 Scalas
1281 3421 1366 3486 212112
1388 3444 1457 3486 esse

348 3523 469 3588 debent
484 3522 643 3598 22221222,
654 3521 741 3586 unde
756 3522 843 3588 idem
859 3523 1017 3588 Ricardus
1032 3523 1179 3610 queritur
1190 3525 1276 3610 quod
1290 3526 1456 3612 predictus

347 3625 465 3692 Petrus
489 3625 563 3711 plus
589 3625 691 3690 2121112
716 3625 792 3690 1222
822 3626 864 3691 22
894 3626 1023 3691 feodum
1053 3649 1149 3692 suum
1179 3651 1277 3714 quam
1307 3629 1349 3694 22
1379 3653 1455 3695 2221

347 3728 491 3816 pertinet
511 3728 703 3794 habendum
750 3729 794 3794 Et
816 3752 914 3815 super
935 3730 995 3794 hoc
1016 3730 1110 3794 uenit
1131 3729 1219 3796 idem
1241 3731 1399 3798 Ricardus
1421 3743 1456 3799 et

348 3834 495 3920 queritur
523 3835 609 3920 quod
639 3835 726 3900 idem
756 3836 872 3901 Petrus
899 3835 1020 3900 iniuste
1042 3835 1179 3900 attraxit
1201 3837 1244 3902 ad
1273 3838 1457 3904 2211121122

347 3938 404 4025 iiij.
426 3947 590 4004 carucatas
613 3947 697 4003 terre
720 3961 794 4004 21112
816 3939 1025 4025 pertinenciis
1047 3939 1087 4003 de
1110 3940 1224 4004 eodem
1246 3940 1389 4004 12222112
1412 3940 1454 4006 (12

349 4043 466 4120 Scales,
480 4042 521 4108 de
536 4065 601 4129 qua
615 4051 702 4108 22112
716 4043 867 4110 Richirus
886 4066 968 4110 auus
988 4044 1091 4129 patris
1112 4044 1163 4108 sui
1184 4045 1248 4109 fuit
1270 4045 1400 4110 seisitus
1421 4046 1457 4110 in

347 4146 507 4212 dominico
535 4169 593 4212 suo
622 4156 657 4213 22
686 4156 725 4212 112
753 4145 794 4214 ’(12
824 4149 894 4213 iure
924 4157 1069 4234 tempore
1093 4149 1134 4212 H.
1159 4148 1259 4234 Regis
1281 4150 1336 4214 aui
1359 4150 1454 4216 Dom.

346 4251 455 4339 Regis,
476 4249 632 4337 capiendo
653 4249 729 4316 inde
758 4251 889 4338 expleta
918 4251 959 4317 ad
988 4252 1168 4318 2212221212
1192 4252 1325 4320 dimidie
1348 4276 1456 4319 marce

379 4413 475 4462 ι112111
490 4412 598 4477 knights
617 4417 645 4463 22
666 4411 760 4463 2112222
783 4411 872 4463 2112112
955 4413 1088 4470 16121111,
1100 4413 1131 4464 B.

347 4477 514 4541 recognitors.
954 4477 965 4512 ⁸
982 4479 1012 4528 B.
1025 4493 1061 4528 m.
1074 4479 1097 4530 4.
