3360 5236
383 411 446 475 596
672 421 828 487 ramni,
850 419 915 472 sn.
939 407 1032 483 1233,
1055 421 1117 474 aa
1142 407 1192 476 17.

383 592 466 657 illud
488 592 596 658 tenuit
617 591 652 656 in
674 613 752 678 pace
774 613 832 678 per
854 589 935 656 duos
956 613 1057 656 annos
1079 591 1180 658 donec
1202 593 1284 658 illud
1307 595 1399 659 dedit
1421 617 1492 681 pre·

383 695 479 762 dictis
494 697 542 762 et¹
558 695 700 761 Roberto
714 704 749 761 et
769 695 902 761 Juliane
922 697 1021 761 sorori
1041 719 1099 761 suo
1119 697 1298 764 secundum
1319 697 1405 785 quod
1420 721 1494 785 pre·

384 801 582 867 dictumest.

450 907 494 972 Et
508 907 672 971 Walterus
687 905 780 970 uenit
794 913 829 970 et
844 903 924 970 dicit
939 903 1025 991 quod
1040 904 1067 970 si
1082 905 1203 970 donum
1219 907 1341 972 lactum
1356 906 1419 972 fuit
1434 929 1495 993 per

384 1012 490 1098 ipsum
507 1011 685 1076 Robertum
702 1009 771 1096 ipse
786 1010 949 1074 Robertus
964 1033 1131 1096 nunquam
1146 1011 1250 1076 exiuit
1264 1035 1285 1077 a
1299 1011 1417 1077 scisina
1431 1035 1495 1076 nec

384 1115 453 1202 ipse
473 1116 656 1181 Willelmus
676 1135 831 1200 umquam
851 1114 1002 1180 seisinam
1023 1115 1139 1181 habuit
1159 1139 1218 1182 nec
1240 1115 1293 1182 die
1315 1139 1375 1182 nec
1397 1123 1495 1181 nocte

383 1228 444 1286 etc.

449 1326 566 1390 Postea
581 1322 763 1389 concordati
778 1331 855 1388 sunt
869 1322 910 1388 de
930 1322 1065 1388 licencia
1084 1324 1174 1388 saluo
1188 1323 1258 1388 iure
1273 1323 1367 1390 Dom.
1383 1323 1492 1411 Regis

385 1430 428 1494 Et
458 1437 507 1494 est
536 1427 704 1494 concordia
732 1418 807 1491 talia
837 1426 922 1512 quod
951 1426 1098 1513 predicta
1125 1428 1259 1493 Juliana
1293 1429 1493 1516 recognoscit

383 1542 488 1599 totam
502 1531 682 1619 predictam
696 1539 816 1594 terram
834 1552 907 1594 cum
928 1538 1007 1615 pert.
1025 1552 1093 1594 esse
1112 1530 1164 1594 ius
1182 1530 1284 1616 ipsius
1299 1531 1438 1596 Walteri
1457 1541 1493 1596 et

384 1637 473 1702 illam
489 1637 519 1701 ei
535 1635 642 1701 reddit
657 1634 691 1698 in
706 1635 796 1698 curia
810 1633 902 1698 Dom.
919 1632 1019 1720 Regis
1039 1641 1099 1698 etc.
1115 1641 1149 1699 et
1169 1657 1226 1720 pro
1246 1634 1307 1699 hac
1327 1643 1385 1700 etc
1402 1635 1491 1700 idem

385 1742 549 1806 Walterus
574 1737 666 1802 dedit
691 1736 722 1801 ei
748 1743 808 1802 etc.
836 1759 864 1800 x.
889 1758 949 1800 acr.
974 1735 1061 1800 bosci
1086 1736 1122 1800 in
1146 1737 1241 1802 bosco
1266 1736 1306 1801 dc
1333 1737 1492 1802 Bocstede

383 1842 626 1930 propinquiores
640 1841 735 1904 bosco
754 1839 795 1904 de
817 1839 1035 1925 Kingeswude
1050 1861 1108 1924 per
1127 1839 1334 1925 perticatam’
1347 1842 1490 1906 raciona-

383 1948 482 2012 bilem
508 1943 685 2010 secundum
712 1942 798 2028 quod
820 1942 935 2006 boscus
956 1951 1163 2006 mensuratur
1183 1941 1218 2006 in
1241 1941 1388 2028 partibus
1416 1942 1491 2020 illis,

382 2052 547 2117 habendas
569 2057 603 2114 et
626 2047 783 2113 tenendas
809 2045 915 2110 eidem
939 2045 1072 2110 Juliane
1096 2055 1131 2110 et
1158 2046 1331 2112 heredibus
1355 2047 1423 2112 suis
1449 2047 1491 2112 de

381 2157 526 2244 predicto
544 2155 689 2220 Waltcro
712 2160 746 2216 et
769 2150 942 2215 heredibus
964 2151 1031 2216 suis
1053 2150 1216 2216 reddendo
1237 2151 1313 2216 inde
1336 2175 1394 2238 per
1414 2175 1489 2216 ann

380 2260 536 2348 quasdam
559 2266 721 2344 cyrotecas
742 2255 796 2320 uel
816 2277 919 2318 unum
939 2253 1108 2319 denarium
1128 2254 1170 2319 ad
1191 2255 1313 2320 Pascha
1327 2278 1385 2340 pro
1399 2256 1489 2320 omni

380 2364 524 2440 seruicio,
539 2371 573 2428 et
589 2369 736 2449 preterea
750 2359 837 2424 idem
852 2359 1017 2423 Walterus
1032 2358 1063 2423 ei
1083 2358 1175 2423 dabit
1190 2359 1214 2445 j.
1231 2381 1324 2424 mara
1341 2359 1489 2425 redditus

379 2467 421 2532 ad
444 2465 599 2530 terminos
621 2462 827 2548 subscriptos,
842 2461 906 2526 scil.
923 2461 958 2526 in
979 2462 1061 2526 festo
1080 2461 1231 2547 Assump.
1253 2469 1311 2526 etc.
1327 2471 1363 2527 et
1383 2463 1489 2549 prima

378 2569 498 2636 solucio
513 2569 575 2633 crit
590 2591 696 2632 coram
711 2567 842 2632 Abbate
857 2564 898 2630 de
915 2564 1110 2631 Colecestria
1129 2564 1170 2629 de
1191 2587 1255 2651 quo
1275 2565 1384 2630 littere
1405 2567 1488 2632 fient

377 2682 536 2761 patentes
551 2683 586 2738 et
605 2695 717 2738 omnes
736 2671 799 2736 alie
820 2679 944 2748 eto.‚'et
966 2670 1029 2735 nisi
1051 2669 1229 2735 reddantur
1250 2669 1490 2757 distringantur

378 2787 437 2845 etc.
483 2780 527 2843 Et
552 2785 741 2865 preceptum
768 2784 818 2840 est
843 2774 1028 2840 uicecomiti
1050 2774 1136 2861 quod
1159 2783 1217 2840 etc
1264 2776 1342 2840 Post
1363 2776 1489 2842 habent

378 2883 545 2949 licenciam
567 2879 778 2946 concordandi
805 2901 864 2966 per
887 2887 953 2944 tres
978 2901 1074 2944 marc.
1097 2901 1178 2965 quas
1204 2878 1368 2944 Waltcrus
1394 2879 1489 2944 dabit

377 2997 411 3054 et
426 2989 513 3054 unde
528 2987 602 3052 finis
617 2987 722 3050 factus
736 2985 799 3050 fuit
815 3007 921 3050 coram
937 2984 1069 3070 capitali
1083 2983 1282 3048 iusticiario³.

320 3151 326 3165 ,
441 3091 568 3156 ⁴Assisa
589 3089 682 3154 uenit
704 3088 910 3176 recognitum
931 3087 960 3152 si
981 3087 1148 3152 Johannes
1170 3085 1210 3151 de
1234 3087 1343 3172 Burgo
1369 3094 1404 3152 et
1429 3087 1488 3152 alii

375 3197 496 3262 iniuste
512 3205 571 3262 etc.
587 3194 831 3260 disscisiuerunt
853 3193 1020 3258 Simonem
1040 3192 1145 3257 lilium
1165 3191 1300 3256 Martini
1322 3191 1362 3256 de
1385 3191 1487 3257 libero

376 3308 564 3365 tenemento
593 3321 651 3364 suo
680 3297 715 3360 in
745 3296 939 3361 Lexendene
969 3303 1042 3381 post
1071 3295 1209 3381 primam
1239 3302 1310 3372 etc,
1334 3302 1368 3358 et
1397 3295 1485 3358 unde

374 3405 522 3491 queritur
536 3404 622 3491 quod
636 3401 883 3468 disseisiuerunt
894 3422 970 3464 eum
984 3399 1025 3464 de
1040 3399 1181 3484 quodam
1196 3398 1388 3463 molendino.

440 3509 483 3573 Et
509 3531 619 3574 omnes
643 3516 752 3594 preter
775 3514 835 3570 etc.
858 3503 997 3570 ueniunt
1022 3510 1081 3567 etc
1128 3502 1172 3566 Et
1200 3501 1367 3566 sciendum
1398 3501 1485 3587 quod

372 3613 539 3678 «lohannes
560 3634 625 3676 non
647 3611 749 3688 uenit,
771 3609 828 3674 sed
850 3607 1034 3673 Willelmus
1059 3605 1100 3670 de
1125 3605 1318 3670 Lexendene
1343 3604 1486 3669 balliuus

373 3742 451 3784 suus
465 3718 558 3784 uenit
574 3726 608 3782 et
622 3717 703 3782 dicit
717 3739 775 3802 pro
790 3715 813 3780 J
814 3715 940 3778 ohanne
956 3712 1043 3798 quod
1057 3711 1085 3776 si
1099 3711 1209 3797 aliqua
1219 3711 1388 3776 disseisina
1398 3712 1486 3776 facta

372 3825 435 3890 luit
465 3847 529 3889 non
559 3823 622 3887 fuit
651 3823 738 3886 facta
766 3841 824 3906 per
853 3842 938 3895 eum,
964 3817 1042 3904 quia
1066 3817 1136 3903 ipse
1162 3817 1284 3881 factum
1310 3816 1392 3880 illud
1418 3839 1484 3881 non

371 3929 517 4005 aduocat,
532 3949 592 3992 nec
607 3925 634 3990 si
649 3947 707 4010 per
721 3946 795 3988 suos
810 3924 895 3988 facta
910 3922 973 3986 fuit
988 3943 1053 3985 non
1073 3920 1167 3985 uenit
1186 3919 1302 4007 aliquis
1317 3919 1482 4006 adipsum

372 4041 410 4098 ut
433 4033 492 4097 hoc
514 4030 563 4095 illi
586 4027 771 4094 ostenderet
791 4033 830 4090 ut
850 4025 919 4111 ipse
940 4024 1106 4111 congeret,
1122 4032 1156 4087 et
1175 4022 1255 4087 dicit
1275 4022 1361 4109 quod
1381 4023 1482 4088 nichil

404 4203 489 4253 1Om.
502 4211 534 4253 ct.
951 4212 1001 4248 one
1023 4211 1067 4247 ara
1088 4197 1163 4246 noval
1184 4193 1328 4245 ‹lisseiains¹
1363 4193 1377 4242 I
1404 4193 1481 4245 think

405 4269 415 4300 ¹
430 4269 454 4316 Δ
465 4267 552 4330 perch.
950 4261 1273 4325 thatthsymustbecascs
1279 4259 1365 4309 before
1372 4260 1480 4322 iustioes

403 4333 414 4366 ⁸
432 4333 545 4396 Stephon
558 4333 676 4394 Segrare.
949 4327 978 4376 ol
993 4327 1076 4376 assize
1093 4327 1121 4376 in
1138 4325 1184 4376 the
1200 4329 1298 4387 county
1314 4325 1344 4374 ol
1357 4325 1479 4375 Lincoln.

403 4398 494 4448 ⁴This
516 4397 568 4448 and
591 4397 635 4447 the
654 4397 713 4446 four
734 4399 797 4444 next
823 4407 898 4444 ceses
949 4393 1002 4442 Not
1013 4389 1285 4455 unfrequdrtlyaroll
1299 4391 1327 4439 ol
1341 4389 1440 4440 assizes
1456 4392 1480 4442 is

370 4463 436 4515 have
453 4479 488 4513 no
510 4463 637 4525 marginal
660 4475 750 4511 venue.
785 4459 827 4508 All
849 4459 897 4508 bnt
948 4457 1038 4508 bound
1050 4473 1085 4520 up
1094 4457 1157 4507 with
1169 4472 1185 4507 a
1196 4456 1246 4506 roll
1256 4457 1286 4506 ol
1296 4455 1341 4504 the
1352 4455 1451 4505 Bench.
