3212 5230
423 468 575 528 rsmrrr,
596 466 660 516 sn.
686 452 778 526 1230,
800 465 862 515 sn.
888 455 936 517 14.
1164 453 1227 522 337

186 638 291 705 Datus
314 649 366 706 est
388 650 451 708 etc
473 649 508 707 et
531 649 609 707 tuno
631 639 766 705 ueniant
788 640 842 728 xij.
888 641 931 706 Et
954 641 1119 708 sciendum
1142 643 1228 728 quod

127 743 285 810 recordum
299 744 342 810 de
357 745 519 810 warantis
531 767 629 831 quam
645 743 782 830 predicti
796 744 942 809 fecerunt
962 746 1034 810 eliis
1053 747 1228 812 nominatis

37 953 87 1016 ur
185 948 318 1014 ¹Jurata
337 951 435 1016 uenit
449 950 655 1038 recognitum
668 949 709 1014 de
725 971 880 1014 consensu
895 951 1040 1036 parcium
1055 974 1113 1038 per
1127 960 1228 1017 testes
1344 998 1349 1008 .

126 1049 300 1116 nominatos
317 1052 356 1116 in
379 1060 471 1117 carta
492 1075 589 1138 quam
612 1051 703 1115 Prior
723 1051 764 1116 de
787 1051 937 1138 Neuport
959 1052 1087 1118 Peinel'
1107 1055 1228 1140 profert

125 1155 180 1218 sub
193 1155 324 1220 nomine
341 1156 468 1220 Thome
488 1156 529 1220 de
548 1153 754 1242 Erdingtona
773 1155 875 1240 patris
897 1155 1006 1244 Egidii
1028 1156 1068 1222 de
1090 1157 1227 1244 Erding·

125 1267 195 1323 tona
221 1258 261 1324 de
291 1259 511 1324 aduocacione
541 1258 672 1324 ecclesie
698 1258 739 1323 de
761 1258 885 1324 Estona
907 1269 941 1324 et
963 1283 1022 1347 per
1042 1261 1097 1349 xij.
1119 1285 1227 1350 recog·

126 1363 237 1427 nitores
266 1363 310 1428 ad
342 1363 405 1429 hoo
434 1363 647 1428 summonitos
677 1363 705 1428 si
734 1363 900 1448 predictus
929 1364 1069 1430 Thomas
1093 1365 1128 1430 in
1150 1365 1228 1452 ligia

126 1477 278 1553 potestate
309 1491 375 1534 sua
402 1476 438 1532 et
466 1466 546 1532 dum
575 1466 640 1532 fuit
668 1489 797 1553 compos
826 1467 877 1532 sui
907 1467 1050 1554 quietam
1073 1469 1227 1534 clamauit

126 1571 219 1636 Priori
247 1581 283 1636 et
314 1572 495 1638 conuentui
523 1572 564 1638 de
590 1571 741 1657 Neuport
762 1571 1009 1636 aduocacionem
1032 1572 1163 1636 ecclesie
1185 1572 1226 1636 de

127 1676 240 1742 Fstona
253 1699 316 1763 per
330 1685 456 1742 cartam
472 1699 564 1741 suam
580 1684 615 1740 et
630 1676 657 1740 si
672 1675 759 1740 idem
780 1675 920 1740 Thomas
935 1683 1057 1740 cortem
1072 1699 1164 1740 suam
1180 1675 1226 1740 eis

127 1777 193 1842 inde
207 1780 287 1844 fecit
302 1781 346 1846 de
362 1781 476 1866 quieta
489 1779 666 1845 clemencia
680 1780 734 1844 uel
749 1802 821 1844 non.

183 1882 357 1948 Juratores
379 1883 493 1948 dicunt
515 1883 601 1968 quod
626 1883 791 1969 predictus
820 1882 960 1948 Thomas
989 1881 1064 1946 nec⁸
1085 1882 1120 1947 in
1149 1882 1228 1970 ligia

127 1993 281 2072 potestate
311 2009 374 2051 sua
397 2009 458 2050 nec
483 1985 547 2050 alio
571 1993 715 2072 tempore
739 1985 816 2050 fecit
840 1985 886 2050 eis
915 1993 1037 2050 cartam
1066 1985 1156 2050 illam
1186 1985 1226 2050 de
1240 2007 1359 2094 soom

128 2089 230 2172 quieta
244 2087 428 2154 clemencia
441 2096 492 2152 set
506 2088 534 2152 si
549 2089 635 2154 facta
648 2089 712 2153 fuit
727 2088 787 2153 hoc
802 2087 867 2152 fuit
880 2095 954 2174 post
968 2096 1105 2152 mortem
1126 2111 1224 2154 suam.
1239 2059 1390 2197 {ufmu-

128 2192 167 2256 Et
179 2215 275 2279 super
290 2193 355 2257 hoc
369 2192 522 2279 cognouit
535 2192 622 2257 idem
641 2193 732 2257 Prior
752 2192 838 2278 quod
857 2201 980 2257 cartam
1001 2193 1090 2258 illam
1110 2193 1226 2259 hebuit
1239 2198 1358 2282 ffltff
1369 2197 1390 2234 ⁰³

128 2317 180 2380 per
207 2297 399 2362 Siuestrum
430 2295 624 2381 Episcopum
654 2293 916 2382 wigornensem*
940 2303 975 2360 et
1004 2305 1227 2362 coexecutores

128 2421 201 2464 suos
231 2400 278 2464 Et
288 2399 366 2464 ideo
378 2407 468 2464 carta
479 2399 571 2486 quasi
585 2399 676 2464 nulle
689 2399 885 2464 cauoelletur
900 2408 934 2464 et
949 2399 1041 2486 quasi
1056 2401 1228 2467 conuincta

127 2502 164 2567 ad
191 2503 319 2580 salsam,
337 2501 344 2588 Ι
364 2511 399 2566 et
428 2501 518 2566 Prior
546 2502 581 2566 in
603 2502 828 2581 misericordia,
851 2502 951 2570 Carta
971 2505 1148 2569 cancellata
1168 2513 1225 2570 est.
1282 2525 1354 2575 [os]

128 2607 206 2672 Item
234 2607 390 2694 requisiti
419 2607 491 2694 quis
520 2607 696 2673 aduocatos
726 2616 871 2695 tempore
889 2607 993 2694 'pacis
1026 2610 1228 2694 presenteuit

128 2713 270 2778 ultimam
303 2735 474 2798 personam
505 2734 567 2798 que
597 2721 726 2777 mortua
754 2719 804 2776 est
833 2711 876 2776 ad
901 2710 1036 2775 eandem
1062 2713 1228 2778 ecclesiam

128 2815 233 2882 dicunt
263 2817 353 2903 quod
383 2815 549 2902 predictus
580 2816 719 2880 Thomas
748 2815 950 2900 presentuuit
975 2823 1119 2900 tempore
1141 2817 1229 2902 pacis

128 2921 285 3003 quendam
303 2919 485 2984 Henricum
501 2919 541 2984 de
558 2917 760 3005 Erdingtona
774 2917 879 2981 filium
894 2939 989 2980 suum
1004 2917 1167 2982 Willelmo
1187 2919 1228 2984 de

130 3021 302 3088 Comhulla
324 3031 403 3087 tunc
420 3021 579 3108 Episcopo
600 3017 829 3087 Oouentrensi⁶
842 3027 893 3084 set
913 3019 1079 3106 episcopus
1100 3021 1228 3087 distulit

129 3121 366 3190 institucionem
396 3124 532 3189 Henrici
561 3146 727 3210 quousque
758 3123 902 3212 Legatus
932 3123 1125 3189 Nicholeus⁶
1151 3126 1227 3190 fecit

130 3249 198 3293 eum
228 3227 362 3294 admitti
396 3228 438 3292 ad
471 3227 663 3292 mandatum
693 3249 788 3290 suurn
819 3235 854 3291 et
882 3226 923 3292 sd
952 3228 1226 3312 presentacionem

130 3329 245 3396 Thome
269 3331 311 3396 de
337 3331 540 3417 Erdingtona
563 3329 640 3416 quia
666 3329 837 3394 mandauit
862 3329 1022 3395 ordinario
1051 3330 1112 3395 loci
1141 3332 1227 3416 quod

130 3434 312 3500 admitteret
327 3434 478 3500 clericum
493 3434 585 3498 illum
602 3441 637 3497 et
651 3433 734 3497 bene
750 3432 864 3498 dicunt
879 3433 965 3519 quod
985 3433 1144 3499 admissus
1164 3435 1228 3500 fuit

131 3541 168 3606 ad
181 3539 455 3628 presentacionem
469 3537 607 3624 predicti
623 3537 752 3603 Thome.

189 3645 313 3710 Dicunt
350 3643 452 3708 eciam
489 3641 576 3729 quod
612 3643 778 3729 predictus
808 3643 947 3708 Thomas
975 3643 1017 3708 de
1048 3643 1363 3754 Erdinfflssstfffflgffi

130 3745 324 3832 presentauit
339 3753 483 3831 tempore
498 3767 614 3832 guerre
630 3745 791 3832 quendem
803 3746 960 3811 Thomem
972 3745 1013 3811 de
1029 3746 1227 3813 Shirefordia
1238 3755 1385 3802 umquem-

1302 3800 1368 3839 sollloe

132 3850 184 3933 qui
197 3849 236 3914 ed
255 3848 533 3936 presentacionem
554 3871 645 3914 suam
666 3857 726 3913 etc.
742 3857 776 3913 et
797 3849 913 3914 ultimo
935 3850 1016 3915 obiit
1035 3872 1170 3935 persona
1192 3852 1226 3916 iu
1238 3805 1383 3941 &⁰02⁰oess

132 3951 244 4020 ea'dem'
969 3972 970 3976 ,
1238 3949 1362 3988 peregeris.

192 4058 233 4124 Et
258 4058 336 4145 quia
357 4057 522 4144 predictus
543 4057 682 4123 Thomas
705 4057 907 4144 presentauit
936 4067 995 4124 etc.
1019 4065 1053 4122 et
1083 4067 1226 4145 tempore

162 4225 260 4278 lhm.
272 4227 297 4280 6.
702 4229 871 4280 1u1o-1mo.

162 4290 354 4343 ’senonas
366 4291 417 4342 vol.
429 4293 453 4350 t,
465 4305 491 4353 p.
503 4292 560 4342 754.
733 4295 808 4346 ⁵0b.
824 4296 895 4344 mes.

162 4355 228 4407 'nce
248 4355 395 4408 interlined.
444 4357 477 4406 In
499 4356 522 4405 A
543 4356 565 4407 it
585 4372 650 4408 runs
732 4358 881 4410 ‘cardinal
903 4359 996 4424 bishop
1018 4361 1047 4411 ot
1070 4360 1225 4418 Tusculum

135 4423 328 4486 qrtodpndietm
342 4423 447 4472 Thomas
457 4436 593 4484 nmrquom.
688 4437 772 4474 came
784 4430 811 4474 tc
822 4425 943 4488 England
954 4441 984 4477 as
995 4427 1077 4489 legate
1088 4427 1115 4474 in
1129 4429 1200 4476 1213.

164 4487 174 4518 ⁴
189 4487 305 4538 silvester
327 4487 355 4537 of
375 4486 514 4537 Eveshem.
552 4487 650 4552 Bishop

214 4604 246 4661 tt
1098 4595 1139 4654 22
