3308 5226
373 443 436 507 618
584 454 903 518 mommsen.
929 442 1022 516 1233,
1044 455 1106 504 sn
1131 439 1267 508 17-18.

247 638 319 708 807.
434 632 634 698 ¹Willelmus
655 632 686 697 le
707 631 901 697 Mercheunt
922 631 1019 718 petiit
1041 654 1154 698 uersus
1175 632 1349 720 Hugonem
1372 631 1481 696 filium

253 741 311 782 ⁸¹¹³·
371 736 501 802 Milonis
516 735 539 820 j.
557 735 639 822 uirg.
654 743 738 800 terno
753 757 827 800 cum
843 742 924 821 pert.
940 735 974 800 in
990 735 1180 802 Bertherest
1200 743 1239 801 ut
1258 734 1310 800 ius
1324 757 1429 812 suum,
1444 741 1480 798 et

370 839 418 904 its
437 837 523 925 quod
544 839 643 925 Hugo
662 846 739 904 ante
759 845 978 925 autumpnum
999 838 1075 904 feeit
1096 838 1258 924 quendam
1273 837 1429 904 defaltum
1445 843 1481 900 et

370 965 456 1008 nunc
472 942 563 1008 uenit
578 949 613 1006 et
627 941 707 1006 dicit
722 941 808 1028 quod
822 965 887 1006 non
903 949 994 1006 tenet
1010 942 1234 1008 terramillam
1254 964 1313 1006 nec
1333 963 1479 1026 unquam

370 1046 479 1111 tenuit
493 1069 553 1112 nec
567 1045 690 1132 aliquid
706 1047 740 1112 in
756 1069 795 1112 ee
809 1047 936 1112 clamet.
977 1045 1021 1110 Et
1032 1046 1199 1132 superhoc
1210 1046 1302 1111 uenit
1314 1043 1481 1110 Gelfridus

207 1141 356 1238 ffffitffi.
369 1150 410 1215 de
426 1151 516 1236 Lucy
530 1158 564 1216 et
584 1150 664 1215 dicit
683 1149 769 1236 quod
788 1149 877 1216 illam
898 1157 991 1214 tenet
1009 1157 1044 1214 et
1065 1150 1174 1214 tenuit
1194 1173 1221 1215 x.
1238 1149 1347 1214 eunis²
1361 1149 1481 1235 elapsis

207 1237 356 1332 ἶῗὲιῗῖῗὲιι
370 1263 404 1320 et
418 1263 566 1342 preterea
580 1254 667 1320 idem
683 1255 783 1341 Hugo
798 1255 942 1340 leprosus
956 1261 1006 1318 est
1021 1261 1055 1319 et
1071 1263 1260 1340 segregatus
1275 1277 1295 1318 n
1306 1275 1481 1319 commune

206 1333 325 1462 ἓξὲξ
369 1359 546 1425 hominum.
591 1359 635 1424 Et
661 1360 733 1425 ideo
756 1361 856 1446 Hugo
878 1359 954 1424 inde
976 1359 1046 1424 sine
1068 1359 1120 1424 die
1143 1368 1178 1424 et
1200 1360 1384 1426 Willelmus
1405 1380 1478 1444 per-

206 1470 316 1564 ggpggffi
369 1464 477 1550 quiret
492 1464 554 1529 sibi
569 1487 682 1530 uersus
697 1465 878 1530 Gnlfridum
894 1465 921 1528 si
936 1465 1084 1530 uoluerit.

247 1585 318 1646 808,
434 1567 615 1634 ‘Johsnnes
640 1591 776 1654 persona
798 1569 839 1634 de
864 1569 1044 1655 Hembyria
1067 1575 1202 1655 questus
1226 1569 1289 1634 fuit
1315 1568 1356 1633 de
1381 1567 1476 1632 Dom.

242 1681 322 1722 ΒΜ
370 1671 433 1737 W!
447 1671 620 1736 Exoniensi
636 1671 793 1758 Episcopo
807 1672 892 1758 quod
908 1672 994 1737 idem
1007 1672 1183 1758 Episcopus
1198 1671 1307 1736 tenuit
1318 1671 1476 1756 placitum

370 1774 404 1838 in
419 1773 509 1839 curis
522 1774 744 1838 cristianitatis
759 1773 800 1838 de
820 1773 945 1838 catellis
965 1783 998 1838 et
1021 1774 1140 1839 debitis
1162 1797 1225 1859 que
1248 1795 1312 1838 non
1334 1781 1413 1836 sunt
1435 1772 1478 1836 de

370 1885 566 1944 testamento
595 1901 654 1942 nec
683 1879 889 1944 matrimonio
919 1887 1031 1944 contra
1059 1879 1312 1965 prohibicionem
1341 1887 1411 1954 etc,
1442 1885 1478 1942 et

370 1981 456 2046 unde
478 1989 667 2068 preceptum
691 1982 754 2046 fuit
777 1982 960 2047 uicecomiti
982 1983 1068 2069 quod
1091 1983 1197 2068 ipsum
1221 1982 1426 2058 attechieret,
1441 1991 1477 2046 et

206 2107 326 2157 soe-quoe
369 2085 455 2150 unde
477 2085 565 2150 idem
587 2085 753 2150 Johcnnes
775 2093 909 2172 questus
932 2085 995 2150 fuit
1016 2085 1102 2171 quod
1125 2085 1232 2150 tenuit
1253 2085 1411 2171 placitum
1434 2085 1477 2150 de

204 2155 350 2287 §ffffffl
368 2188 464 2254 ulmo
479 2187 565 2274 quod
580 2187 857 2252 sternuisse
879 2187 983 2252 sorde
1004 2187 1124 2252 iniuste
1144 2195 1317 2274 asportato,
1332 2197 1367 2252 et
1388 2187 1477 2252 unde

204 2297 348 2342 sanemus
368 2289 455 2354 idem
477 2289 643 2355 Johannes
665 2289 768 2375 primo
788 2297 923 2375 questus
942 2289 1005 2354 fuit
1025 2289 1118 2355 Dom.
1136 2289 1292 2375 Episcopo
1312 2297 1347 2354 et
1361 2297 1478 2375 postea

205 2345 338 2475 ἓξὲξ-
369 2393 487 2460 Abbes.
533 2395 576 2458 Et
592 2394 668 2480 quia
688 2394 854 2459 Johennes
874 2394 979 2479 primo
998 2394 1124 2458 subiuit
1146 2393 1192 2458 ibi
1214 2395 1318 2458 forum
1341 2404 1375 2458 et
1398 2394 1479 2480 quie

205 2481 344 2613 ffiiffiiir.
368 2497 501 2582 empbo'
521 2507 598 2562 sunt
619 2520 752 2584 persone
773 2498 985 2564 ecclesiastice
1005 2507 1040 2564 et
1061 2507 1147 2564 terre
1168 2499 1270 2564 libere
1290 2499 1478 2576 elemosine,

243 2585 274 2613 ⁰'
369 2601 616 2667 Consideratum
632 2602 784 2689 estquod
804 2601 982 2688 Episcopus
1001 2601 1153 2688 procedat
1175 2611 1209 2666 et
1231 2603 1300 2688 ipse
1322 2602 1376 2667 hic
1398 2601 1476 2668 inde

367 2706 437 2772 sine
452 2706 514 2784 die,
529 2715 563 2772 et
577 2707 743 2772 Johennes
757 2708 792 2772 in
807 2705 1031 2773 misericordie

244 2818 317 2882 809.
433 2809 610 2875 'Robertus
624 2811 711 2875 filius
727 2810 877 2897 Symonis
891 2809 931 2875 de
946 2809 1088 2896 Roinges
1104 2810 1190 2896 petit
1205 2832 1318 2874 uersus
1332 2811 1477 2874 Alexan·

252 2916 310 2955 ΝΜ·
367 2911 462 2976 drum
484 2911 525 2978 de
548 2913 769 2978 Brethenham
792 2912 922 2978 feodum
944 2911 1072 2977 dimidii
1095 2912 1209 2976 militis
1234 2935 1308 2976 cum
1334 2920 1416 2997 pert
1440 2912 1476 2976 in

369 3017 590 3082 Brothenham
613 3026 652 3082 ut
673 3018 724 3082 ius
746 3040 842 3082 suum
865 3025 924 3082 etc.
944 3016 1030 3082 unde
1053 3017 1185 3103 quidem
1208 3017 1370 3083 Robertus
1391 3039 1477 3082 enus

366 3142 445 3184 suus
459 3120 523 3184 fuit
537 3119 667 3184 scisitus
680 3119 715 3184 in
730 3119 890 3184 dominico
904 3141 963 3182 suo
977 3125 1016 3182 ut
1030 3118 1070 3183 de
1085 3119 1177 3185 feodo
1193 3128 1227 3183 et
1242 3119 1311 3184 ium
1327 3129 1475 3205 tempore

368 3222 502 3288 Henrici
517 3223 617 3310 Regis
631 3224 686 3288 sui
700 3222 803 3309 cepit⁹
816 3223 892 3288 inde
908 3223 1039 3309 explete
1057 3223 1099 3288 ed
1120 3223 1299 3288 uulenciam
1315 3246 1342 3287 v.
1359 3224 1424 3298 sol„
1439 3231 1476 3288 et

367 3325 407 3392 de
423 3328 567 3413 predicto
582 3329 724 3394 Robcrto
739 3327 906 3394 descendit
921 3328 972 3394 ius
987 3336 1071 3393 tene
1086 3327 1175 3392 illius
1194 3327 1322 3392 cuidem
1339 3327 1477 3412 Symoni

367 3439 405 3494 ut
427 3432 494 3496 filio
515 3441 550 3497 et
572 3434 691 3510 heredi,
712 3434 806 3498 etde
828 3433 974 3519 predicto
996 3431 1137 3518 Symone
1159 3431 1248 3496 isto¹⁰
1270 3431 1413 3496 Roberto
1436 3440 1478 3496 ut

366 3533 433 3597 filio
448 3543 483 3598 et
498 3535 609 3600 heredi
624 3544 693 3613 eto,
708 3543 743 3600 et
757 3536 844 3622 quod
859 3535 925 3600 tale
940 3535 983 3600 sit
998 3534 1049 3598 ius
1064 3555 1159 3598 suum
1175 3531 1269 3597 offert
1283 3540 1342 3597 etc.

433 3637 476 3702 Et
491 3638 676 3704 Alexander
689 3639 782 3704 uenit
797 3648 832 3703 et
847 3637 994 3704 defendit
1008 3637 1060 3701 ius
1075 3659 1171 3702 suum
1187 3659 1273 3700 nunc
1288 3644 1323 3700 et
1342 3636 1425 3701 elius
1440 3645 1477 3702 et

368 3747 475 3806 totum
497 3751 532 3808 et
554 3744 647 3829 ponit
668 3767 702 3810 se
725 3743 759 3808 in
780 3765 931 3829 magnam
952 3742 1085 3808 assisam
1101 3742 1193 3807 Dom.
1210 3740 1318 3828 Regis,
1333 3749 1369 3804 et
1389 3742 1478 3826 petit

401 3947 561 4002 ¹Lmst
978 3951 1136 4002 *ΛΜΗ

400 4011 503 4062 'annis
514 4014 641 4077 repeated.
977 4015 1120 4065 ‘Willism
1131 4015 1241 4065 Brswer.

401 4075 626 4129 ¹Thisseemsto
643 4079 675 4129 be
691 4079 735 4130 the
751 4095 810 4130 cese
826 4081 893 4130 cited
976 4079 1075 4131 ‘Gom
1087 4082 1131 4130 obt
1143 4088 1477 4143 temtemmquumpetem

369 4141 403 4203 by
413 4141 457 4191 Br.
470 4143 487 4194 f.
503 4144 550 4201 123
567 4144 630 4193 item
641 4144 737 4196 donare
747 4160 801 4196 non
809 4149 894 4209 potest
944 4148 1110 4195 ecclesiastice
1132 4153 1191 4194 uem
1210 4160 1321 4208 persone.
1357 4145 1405 4194 See
1428 4145 1474 4196 Br.

369 4205 486 4268 leprosus
503 4213 576 4258 extre
590 4211 800 4260 communionem
812 4211 893 4272 genti·
945 4209 962 4261 i.
975 4212 1031 4260 408.
1055 4209 1119 4260 This
1130 4209 1153 4260 is
1164 4209 1231 4261 Fitz.
1247 4210 1422 4270 Protitr'ciou,
1433 4213 1475 4264 27.

370 4285 415 4318 „m
436 4271 601 4386 step
620 4273 894 4390 renisu
977 4275 1151 4392 :reu

369 4349 438 4449 diiii
449 4335 528 4450 tiiiegm
541 4354 639 4465 reddi),
653 4403 720 4454 siout
737 4355 784 4454 nii
798 4409 891 4468 petere.
976 4405 988 4436 ⁹
1004 4375 1228 4467 corr.'ccpieudo,·
1244 4405 1308 4468 cap'.
1319 4405 1348 4456 Δ,

370 4463 417 4512 See
428 4465 484 4512 niso
495 4467 513 4513 f.
525 4468 581 4515 421.
977 4469 998 4501 ¹⁰
1015 4471 1086 4520 Con.
1101 4470 1154 4530 isti,
1170 4470 1199 4517 Δ.
