3314 5238
486 461 635 523 1111111,
658 461 723 510 nn.
749 449 926 522 1131111.
952 449 1000 511 15.
1229 448 1288 510 451

180 637 316 716 pastura
331 629 481 696 eiusdem
502 631 654 696 Priorisse
673 639 707 696 et
727 631 805 717 quie
822 631 892 717 ipsa
910 655 975 696 non
996 633 1103 700 tenuit
1123 633 1292 699 9911191191-

182 755 277 797 onem
292 733 385 797 illam
406 734 412 820 Ι
431 733 504 800 ideo
520 756 583 800 nou
598 733 741 800 reddidit
755 735 786 800 ei
802 757 856 800 eos
867 736 907 820 vj.
923 737 988 814 sol„
999 745 1033 801 et
1045 736 1199 802 Prior-issa
1208 737 1293 804 dixit
1344 744 1374 792 [ὃΞ
1383 741 1409 790 11

183 835 270 922 quod
286 835 473 902 Willelmus
488 837 528 903 de
547 837 644 904 Nouo
666 839 810 904 Mercato
831 839 923 906 dedit
944 841 1056 906 domui
1078 863 1135 908 sue
1157 841 1230 908 illas
1251 843 1291 930 vj.

183 939 237 1003 991
269 939 420 1004 redditus
442 947 614 1026 postquam
635 939 723 1006 idem
746 941 907 1008 Henrieus
929 943 1045 1008 habuit
1067 952 1293 1010 tenementum

183 1043 267 1108 illud
296 1065 338 1108 ex
367 1042 454 1109 dono
475 1045 616 1110 Abbatis
635 1045 829 1130 Leycestrie,
854 1055 888 1112 et
911 1069 1008 1134 super
1028 1049 1089 1114 hoc
1111 1059 1208 1136 capta
1230 1051 1294 1116 fuit

184 1147 286 1214 assisa
315 1157 351 1214 et
381 1171 440 1235 per
468 1171 540 1215 eam
568 1151 771 1237 recognitum
794 1149 858 1216 fuit
880 1151 966 1237 quod
988 1152 1142 1219 Priorissa
1171 1153 1295 1219 solebat

184 1253 329 1340 recipere
355 1276 412 1320 sex
434 1255 488 1320 sol.
512 1254 552 1320 de
576 1263 762 1319 tenemento
784 1253 870 1341 quod
893 1253 979 1319 idem
1002 1255 1164 1321 Henrious
1186 1257 1295 1322 tenuit

184 1357 314 1422 racione
333 1357 514 1423 tenementi
537 1367 572 1422 et
593 1380 658 1422 non
679 1380 737 1443 pro
759 1357 869 1444 aliqua
890 1357 1113 1424 conuencione.
1160 1359 1205 1424 Et
1221 1359 1294 1426 ideo

185 1461 436 1528 Consideratum
451 1460 606 1548 estquod
628 1461 783 1528 Priorissa
803 1462 1009 1548 recuperauit
1029 1461 1181 1528 saisinam
1203 1485 1294 1528 suam

184 1575 219 1630 et
235 1565 401 1630 Hemicus
415 1565 449 1630 in
465 1565 689 1644 misericordia,
699 1565 900 1632 custodiatur
909 1575 943 1632 et
954 1567 1131 1632 satisfaciat
1143 1567 1294 1632 Priorisse

185 1669 225 1736 de
241 1669 437 1756 arreragiis¹.

135 1821 140 1832 .
250 1773 453 1838 'Willelmus
475 1771 516 1838 de
538 1773 689 1861 Allegate
712 1775 929 1840 summonitus
952 1776 1016 1840 fuit
1037 1774 1079 1840 ad
1101 1773 1294 1860 responden·
1387 1795 1417 1824 ⁰¹·

185 1875 265 1941 dum
296 1875 463 1941 Willelmo
485 1875 526 1940 de
552 1875 780 1962 Oheggewella
803 1900 903 1964 quare
926 1879 1024 1943 finem
1048 1877 1124 1943 fecit
1148 1878 1182 1942 in
1206 1878 1296 1942 curia

186 1978 280 2043 Dom.
297 1977 399 2066 Regis
414 1999 520 2042 eorem
535 1978 720 2044 iusticiariis
734 1980 822 2066 apud
838 1981 1163 2046 westmonasterium
1177 1981 1218 2045 de
1231 2003 1295 2045 uno

186 2081 355 2168 mesuagio
377 2090 412 2146 91
433 2082 604 2169 sexaginta
624 2105 686 2148 acr.
709 2091 793 2148 terre
816 2107 891 2148 cum
913 2092 994 2169 pert.
1014 2083 1048 2148 in
1069 2082 1296 2170 Cheggewella

186 2207 249 2271 que
265 2193 355 2250 terra
368 2194 419 2250 est
433 2187 484 2252 ius
499 2195 534 2253 et
548 2185 711 2252 hereditas
726 2187 827 2272 ipsius
839 2187 995 2253 Willelmi
1011 2187 1051 2252 de
1068 2186 1295 2272 Cheggewella

186 2299 220 2354 91
249 2289 286 2354 in
315 2311 413 2375 quam
443 2289 529 2356 idem
561 2290 743 2355 Willelmus
771 2289 812 2356 de
842 2290 992 2377 Allegate
1022 2311 1086 2354 non
1116 2288 1215 2354 habet
1244 2289 1293 2354 in-

186 2415 333 2480 gressum
357 2393 420 2458 nisi
442 2416 500 2478 per
521 2393 724 2459 Gilebertum
745 2394 843 2457 Brian
865 2401 992 2478 patrem
1014 2393 1115 2478 ipsius
1137 2390 1294 2457 Willelmi

186 2496 226 2562 (19
254 2495 484 2582 Cheggewella
514 2497 606 2561 cuius
637 2495 731 2564 heres
762 2497 831 2582 ipse
855 2504 905 2560 est
927 2496 983 2582 qui
1005 2497 1094 2562 illam
1117 2495 1148 2559 91
1170 2495 1293 2560 dimisit

187 2601 228 2666 ad
244 2599 422 2665 terminum
438 2602 494 2686 qui
509 2601 658 2686 preteriit
674 2609 711 2666 11
726 2601 812 2664 idem
822 2599 1006 2665 Willelmus
1017 2599 1057 2665 de
1071 2597 1297 2686 Cheggewella

187 2703 277 2768 dicit.

253 2807 300 2870 Et
318 2804 502 2870 Willelmus
526 2805 618 2871 uenit
640 2815 676 2872 et
698 2807 861 2893 cognoscit
884 2807 969 2892 quod
992 2806 1092 2870 talem
1116 2806 1296 2892 ingressum

189 2908 308 2974 habuit
323 2909 358 2973 in
375 2909 480 2987 inicio,
495 2919 545 2976 set
560 2919 674 2996 postea
692 2911 809 2975 habuit
831 2919 950 2974 terram
973 2909 1063 2974 illem
1086 2911 1120 2974 in
1143 2909 1234 2974 feodo
1257 2910 1297 2974 do

188 3013 274 3077 dono
289 3013 450 3078 Gileberti
464 3013 566 3098 patris
581 3013 682 3098 ipsius
698 3013 854 3078 Willelmi
869 3035 927 3099 per
941 3023 1063 3078 cartam
1085 3034 1177 3078 suam
1200 3021 1234 3076 et
1257 3012 1297 3076 de

189 3117 274 3181 dono
304 3124 340 3180 91
369 3115 612 3181 confirmacione
647 3117 748 3202 ipsius
786 3116 952 3182 Willelmi.
999 3117 1043 3180 Et
1072 3115 1148 3180 inde
1177 3116 1298 3201 profert

189 3229 313 3286 cartem
329 3219 467 3305 predicti
482 3219 641 3284 Gileberti
656 3243 719 3306 que
735 3227 875 3284 testatur
895 3220 981 3306 quod
1001 3219 1088 3284 idem
1112 3219 1298 3286 Gilebertus

189 3325 282 3392 dedit
304 3333 366 3390 etc.
390 3323 506 3390 Edrico
529 3325 569 3390 (19
593 3323 744 3409 Allegate
771 3324 908 3409 capitale
928 3325 1130 3410 mesuagium
1149 3346 1244 3390 suum
1264 3327 1298 3388 in

190 3431 270 3494 uilla
284 3429 327 3493 de
342 3427 576 3515 Thiggewella⁸
591 3437 625 3492 et
641 3451 751 3492 omnes
770 3437 873 3492 terras
893 3451 973 3513 quas
994 3428 1110 3492 hebuit
1130 3428 1165 3492 in
1185 3427 1298 3494 eadem

190 3533 350 3598 tenendae
359 3532 399 3597 de
409 3555 443 3596 se
452 3532 501 3596 ⁴et
511 3531 683 3597 heredibus
695 3533 761 3597 suis
773 3533 812 3597 de
825 3532 894 3618 ipso
905 3533 1071 3597 Gileberto
1083 3541 1117 3597 et
1127 3533 1299 3599 heredibus

190 3621 256 3702 suis
278 3658 339 3722 per
353 3636 394 3721 vj.
415 3635 486 3699 den.
504 3657 561 3720 per
583 3657 654 3700 ann.
678 3645 713 3698 et
735 3637 803 3720 ipse
825 3636 1047 3700 warentizebit
1069 3646 1127 3702 919.
1175 3637 1300 3702 Profert

191 3741 294 3806 eciam
318 3749 441 3804 cartam
466 3739 623 3804 Willelmi
643 3739 702 3804 filii
720 3740 863 3804 eiusdem
888 3741 1047 3806 Gileberti
1069 3763 1132 3827 que
1159 3750 1301 3806 testatur

191 3843 277 3930 quod
292 3842 386 3908 dedit
401 3849 435 3906 et
450 3841 654 3908 confirmauit
669 3841 777 3908 eidem
793 3843 957 3908 Willelmo
973 3843 1039 3907 filio
1060 3843 1169 3908 Edrici
1189 3865 1300 3907 omnes

191 3955 292 4009 terras
308 3952 344 4008 91
359 3951 549 4007 tenementa
563 3965 627 4027 que
650 3942 836 4008 Gilebertus
851 3953 945 4029 pater
966 3966 1044 4008 suus
1066 3945 1097 4008 ei
1119 3945 1243 4009 dimisit
1266 3946 1300 4009 in

191 4048 284 4113 feodo
311 4049 346 4112 in
371 4047 452 4112 uilla
473 4047 513 4111 de
537 4047 770 4134 Theggewella,
786 4048 952 4112 habendas
975 4057 1008 4112 91
1032 4048 1190 4112 tenendas
1212 4047 1243 4112 ei
1266 4059 1301 4112 91

192 4153 375 4236 cuicunque
390 4151 467 4214 dare
482 4150 536 4214 uel
559 4151 721 4237 assignare
745 4151 884 4214 uoluerit
905 4151 967 4214 sibi
988 4160 1021 4214 ct
1042 4150 1215 4214 heredibus
1235 4151 1301 4213 suis

223 4355 379 4419 1Ρ111119111
402 4355 425 4403 is
447 4354 559 4418 respited
586 4371 619 4404 on
647 4359 724 4405 terme
808 4354 995 4418 10111111919911
1006 4355 1166 4415 throughout
1174 4357 1205 4404 B.

193 4421 280 4535 111219Ιὲ1Ι
288 4421 321 4535 111ι
325 4421 510 4536 Ι(131111111911111.
524 4421 552 4471 B.
808 4423 819 4452 ⁴
837 4423 907 4470 Corr.
919 4424 968 4472 ribi
981 4425 1028 4472 not
1040 4423 1069 4470 tle
1080 4438 1122 4483 se;
1140 4422 1186 4470 but
1198 4422 1234 4470 sic
1246 4421 1276 4469 B.
1287 4525 1290 4528 „

1110 4589 1215 4648 1-1
