3276 5234
338 463 480 550 [Hilury
503 463 571 530 aad
592 464 719 540 Eaater,
740 479 804 528 nn.
831 467 925 542 1228,
948 480 1011 529 ιιι.
1037 465 1101 548 la]
1212 469 1274 530 233

159 650 347 716 manerium
383 651 424 716 de
456 652 613 717 Neutona
642 674 716 716 cum
746 659 826 737 pert.
856 659 895 716 ut
924 651 976 716 ius
1001 675 1096 716 suum
1126 659 1160 716 et
1190 651 1276 716 unde
1289 665 1370 704 emh·

160 753 329 818 Robertus
343 753 384 818 de
398 755 553 842 Reingny
568 777 650 820 auus
664 777 743 819 suus
761 753 825 820 fuit
845 755 974 819 seisitus
994 755 1030 819 in
1045 755 1204 820 dominico
1219 778 1276 820 sno

159 865 203 920 ut
217 857 260 920 de
276 857 369 922 feodo
391 867 539 944 tempore
559 858 694 922 Henrici
717 858 816 944 Regis
838 859 895 944 qui
916 860 980 923 fuit
1002 882 1084 924 auus
1105 859 1160 924 aui
1183 859 1275 923 Dom
1290 870 1411 911 Mulae*-

159 961 268 1047 Regis
282 961 440 1047 capiendo
460 963 543 1026 inde·
557 963 688 1048 expleta
709 962 751 1026 ad
773 962 952 1026 ualenciam
967 985 995 1027 v.
1012 963 1065 1026 sol.
1089 970 1123 1026 et
1145 962 1185 1026 de
1207 963 1277 1048 ipso

160 1064 311 1128 Roberto
325 1064 494 1130 deseendit
509 1065 561 1129 ins
576 1074 660 1128 terre
675 1064 765 1152 iilius
778 1065 800 1129 J
802 1064 922 1128 ohanni
938 1064 1004 1128 filio
1024 1087 1081 1128 suo
1102 1072 1141 1128 ut
1156 1064 1221 1128 filio
1242 1072 1276 1129 et

159 1167 279 1232 heredi
294 1191 362 1244 suo,
377 1177 412 1232 et
426 1169 467 1233 de
483 1169 553 1254 ipso
567 1168 717 1233 Johanne
736 1167 791 1232 isti
811 1167 948 1232 Ricardo
968 1175 1007 1231 ut
1027 1167 1093 1232 filio
1113 1176 1147 1232 et
1165 1167 1276 1234 heredi

160 1294 226 1335 suo
240 1281 276 1336 et
290 1271 352 1335 hoo
366 1271 461 1336 offert
475 1273 617 1357 probare.

231 1376 278 1440 Et
292 1376 461 1440 ,Iohannes
475 1376 568 1440 uenit
583 1383 617 1440 et
632 1375 805 1440 defendit
797 1397 848 1439 rus
863 1397 958 1439 suum
970 1398 1056 1440 nune
1072 1384 1105 1440 et
1121 1376 1199 1440 alias
1214 1384 1273 1441 ete
1288 1385 1383 1472 ξξιιιο
1309 1444 1357 1481 Ηξ
1343 1433 1427 1472 m
1356 1389 1413 1426 ποθ*

161 1489 200 1544 et
230 1479 385 1544 saisinam
414 1479 517 1565 ipsius
542 1479 677 1544 Roberti
703 1487 737 1543 et
766 1478 851 1565 petit
874 1477 1077 1542 iudicium·
1053 1502 1081 1542 ιι
1103 1479 1220 1544 debeat
1244 1480 1362 1566 ei²ffi²¹¹
1310 1483 1409 1566 ww
1403 1444 1439 1518 ¹¹²²

162 1583 369 1668 respondere,
385 1591 420 1646 et
434 1582 559 1648 desicut
574 1604 640 1646 ιιοιι
659 1581 805 1646 nominat
821 1604 943 1645 annum
959 1589 993 1646 et
1007 1581 1093 1646 diem
1110 1605 1173 1668 quo
1187 1583 1274 1648 idem
1288 1573 1317 1658 ²1¹;
1314 1527 1363 1660 ξιξ
1358 1575 1427 1658 ξωξῗξξ

163 1687 238 1750 Rex
254 1688 298 1751 H.
314 1710 398 1751 auus
412 1709 467 1751 aur
458 1687 546 1751 fuit
533 1687 659 1751 tuiuus
673 1695 707 1750 et
722 1695 876 1750 mortuus.
1287 1667 1438 1762 &TW

232 1791 278 1854 Et
294 1790 453 1854 Ricardus
472 1791 566 1854 uenit
588 1799 623 1854 et
645 1790 725 1855 dicit
747 1790 833 1876 quod
855 1790 998 1876 loquitur
1019 1790 1060 1854 de
1082 1791 1199 1856 saisina
1220 1791 1275 1856 aui

163 1893 225 1970 sui,
241 1893 334 1958 etde
351 1902 494 1979 tempore
510 1894 552 1958 H
569 1893 668 1980 Regis
683 1893 740 1979 qui
755 1894 819 1958 fuit
836 1916 918 1958 auus
938 1893 993 1958 aui
1013 1903 1046 1958 et
1070 1895 1110 1959 de
1132 1904 1276 1982 tempore

165 1999 256 2082 pacis
287 2007 322 2062 et
352 1998 437 2083 petit
466 1998 630 2062 iudicium
683 1999 726 2062 Et
764 1999 841 2084 quia
877 1997 959 2062 non⁸
994 2008 1102 2084 potest
1138 2001 1275 2066 clamare

163 2101 310 2186 aliquam
325 2109 445 2165 terram
461 2101 501 2165 de
517 2111 660 2188 tempore
681 2103 780 2190 Regis
801 2103 936 2168 Henriei
960 2103 1016 2189 qui
1034 2104 1097 2168 fuit
1119 2127 1200 2168 auus
1220 2106 1275 2169 aui

164 2217 242 2269 ante
257 2228 384 2269 annum
400 2213 433 2270 et
448 2205 535 2270 diem
551 2207 703 2292 quouius
718 2207 782 2272 fuit
802 2215 836 2272 et
856 2216 1011 2284 mortuus,
1027 2208 1274 2274 Consideratum

165 2319 216 2372 est
230 2307 320 2394 quod
335 2307 423 2372 idem
437 2309 461 2372 J
462 2308 605 2374 ohannes
619 2318 673 2374 eat
688 2309 763 2374 inde
783 2311 914 2395 quietus
936 2309 977 2374 de
997 2310 1066 2396 ipso
1081 2311 1218 2375 Ricanio
1240 2321 1275 2376 et

164 2410 343 2474 heredibus
357 2409 424 2474 suis
438 2411 679 2496 imperpetuum
695 2421 729 2475 et
743 2412 900 2476 Ricardus
914 2413 948 2476 in
964 2413 1186 2478 misericordia.

107 2572 114 2585 ,
233 2513 418 2578 Willelmus
433 2513 473 2578 de
495 2514 724 2600 Bissopestuna
741 2515 925 2580 Willelmus
944 2517 984 2580 de
1008 2516 1224 2604 Ludingtona,
1239 2527 1274 2583 et
1385 2569 1390 2579 .

167 2617 334 2682 Galfridus
361 2617 403 2680 de
426 2616 630 2682 Cherlescote
652 2618 773 2682 milites
795 2641 875 2704 quos
897 2620 989 2684 Dom.
1013 2621 1083 2684 Rex
1105 2622 1275 2687 constituit

164 2721 361 2788 iusticiarios
390 2719 432 2784 ad
468 2721 600 2786 assisam
636 2744 720 2786 noue
756 2721 922 2787 disseisine
959 2725 1146 2810 capiendam
1176 2751 1272 2812 quam

165 2827 307 2890 Thomas
325 2824 414 2888 filius
434 2823 506 2888 Ade
526 2824 713 2888 anamiauit
735 2847 848 2890 uersus
870 2826 1045 2892 Radulfum
1069 2829 1210 2894 Priorem
1232 2831 1273 2896 de

166 2928 345 3015 suffleppe⁴
375 2935 409 2991 et
433 2927 542 3013 plures
565 2927 644 2991 alios
665 2926 706 2990 de
729 2935 916 2991 tenemento
941 2929 976 2992 in
997 2929 1209 2996 Aldrestuna⁵
1230 2933 1272 2996 ad

165 3033 352 3098 faciendum
389 3031 556 3096 recorrium
586 3031 673 3095 illius
711 3031 807 3096 assisa
844 3055 950 3096 coram
979 3033 1163 3098 iusticiariis
1191 3045 1272 3120 aput

165 3135 494 3200 westmonasterium
531 3143 565 3199 et
595 3135 636 3199 ari
665 3135 908 3200 certificandum
938 3136 1059 3201 eisdem
1087 3137 1272 3204 iusticiariis

165 3251 329 3327 quatenus
358 3240 394 3304 in
415 3239 515 3304 assisa
535 3239 647 3304 eadem
669 3262 851 3325 processum
874 3248 923 3305 est
953 3247 987 3304 et
1015 3240 1101 3306 idem
1132 3243 1271 3308 Thomas

165 3344 386 3408 summonitus
416 3342 479 3406 suit
508 3341 550 3406 ad
578 3342 775 3406 audiendum
805 3343 886 3407 illud
909 3343 1082 3408 ιοοοιιιιιιιι.
1136 3345 1179 3409 Ει
1208 3346 1270 3430 ipsi

164 3447 353 3513 Willelmus
376 3453 411 3508 et
433 3443 598 3510 Galfridus
620 3445 758 3509 ueniunt
781 3453 814 3508 et
836 3445 1051 3522 recordantur,
1066 3447 1153 3532 quod
1172 3448 1270 3512 assisa

165 3551 260 3616 uenit
285 3549 492 3636 recognitum
517 3571 622 3612 eoram
649 3549 695 3613 eis
720 3549 747 3613 si
771 3549 934 3635 predictus
960 3551 1050 3615 Prior
1073 3559 1106 3615 et
1133 3552 1271 3617 Thomas

165 3655 253 3718 filius
268 3653 403 3740 Pagani,
418 3661 452 3717 et
475 3653 660 3718 Gilebertus
679 3653 764 3719 filius
780 3655 922 3732 Henrici,
938 3655 1090 3720 Osmarus
1105 3656 1135 3719 le
1151 3657 1272 3722 Bracur

164 3760 289 3824 iniuste
319 3767 354 3823 et
377 3757 447 3822 sine
472 3757 590 3822 iudicio
614 3766 648 3822 et
673 3765 746 3843 post
769 3757 923 3822 ultimum
945 3766 1003 3822 eta
1027 3759 1271 3825 dissaisiuerunt

199 3911 345 3961 1Τιιοιιιιιι
357 3885 474 3960 Μοιοιοιι
485 3925 537 3960 was
548 3925 596 3960 ono
608 3911 637 3960 of
651 3910 697 3961 the
748 3911 818 3962 Βοοιι
848 3911 914 3961 aster
944 3911 998 3960 this
1029 3911 1072 3961 the
1102 3911 1191 3974 period
1218 3929 1270 3964 was

164 3977 258 4040 judges
278 3976 383 4026 sentin
401 3975 446 4025 the
464 3991 522 4038 eyre
539 3977 568 4025 of
587 3978 650 4028 1226
668 3981 696 4026 to
747 3976 884 4026 shortened
896 3976 986 4039 hythe
998 3977 1100 4027 Statute
1115 3978 1144 4027 of
1158 3978 1269 4029 Merton.

165 4057 239 4092 soma
258 4042 286 4091 of
304 4042 348 4091 the
366 4041 493 4090 northern
510 4041 695 4099 oountiessbut
747 4041 794 4092 See
804 4042 848 4090 Br.
861 4041 879 4090 f.
892 4043 949 4092 373.

167 4107 312 4169 soemingly
322 4105 599 4156 nottoCumberland.
632 4107 691 4157 Rot.
778 4106 861 4164 ιιιοπ,
873 4105 1013 4156 mterlrned
1023 4105 1057 4169 by
1068 4109 1178 4157 annoto
1167 4111 1216 4157 ι.οι

166 4175 337 4234 ct.v01.ap
350 4173 407 4220 151.
777 4171 1229 4235 4ΤιιιοΙοιρειοιιιιοιιιιιιιιΙιιοιιιιιι
1211 4189 1268 4237 p,pe

200 4239 253 4287 1Ιι
271 4237 381 4286 willnot
393 4236 426 4286 do
442 4238 470 4284 ιο
481 4249 534 4310 say
549 4235 606 4286 that
624 4236 695 4286 one's
746 4235 855 4298 Ruislip,
876 4236 973 4294 Μιιιιιιι,
992 4236 1075 4286 where
1094 4237 1164 4287 thera
1181 4253 1269 4290 wasa

166 4307 286 4354 anoestor
304 4317 357 4352 was
377 4299 487 4350 seised
479 4316 507 4349 ιιι
527 4300 570 4350 the
589 4301 651 4350 time
669 4301 697 4350 of
745 4302 793 4351 eall
804 4303 833 4351 oi
843 4301 887 4351 the
897 4301 985 4364 Abba
995 4303 1023 4350 οι
1032 4303 1092 4351 Bee

166 4371 258 4430 Henry
271 4368 308 4424 1.;
325 4381 376 4416 οιιο
388 4371 461 4415 must
472 4381 519 4427 say
530 4365 588 4415 thot
598 4367 631 4415 he
643 4381 694 4416 was
779 4367 904 4428 ²Supply
933 4369 1077 4417 aunrrnontti
1102 4369 1209 4430 suerunt
1240 4384 1269 4419 οι·

166 4433 250 4484 aeised
262 4433 337 4482 when
349 4433 441 4490 Henry
452 4431 521 4480 died.
565 4431 694 4481 Thisrule
745 4431 844 4482 similar
854 4431 945 4482 words.

167 4515 251 4550 serres
275 4514 304 4548 as
326 4514 342 4548 a
366 4501 465 4548 statute
489 4497 515 4546 oi
541 4496 692 4547 limitation.
