3308 5226
361 429 425 495 696
590 429 825 500 molismus,
846 420 1028 499 1111224,
1050 433 1114 488 &a
1132 423 1232 487 '8-9.

239 615 311 679 905.
425 613 602 680 'Henricus
637 611 725 677 filius
761 607 918 674 Willelmi
954 607 1041 694 petit
1077 631 1191 675 uersus
1223 597 1389 676 Abbatem
1424 610 1467 677 de

243 710 306 752 Μ’·
360 716 535 784 Fontibus¹
549 739 646 804 quem
661 715 786 780 Alanus
801 712 842 778 de
858 712 1015 799 Kyrkeby
1029 713 1162 778 uocauit
1178 713 1221 780 ad
1235 722 1416 780 natantum
1431 725 1467 782 et

359 821 462 910 quisi
477 817 779 884 warantizauittres
793 837 895 880 caruc
911 821 996 880 terre
1012 837 1087 880 cum
1102 824 1183 902 pert.
1198 816 1234 882 in
1254 817 1413 905 Kyrkeby
1428 827 1468 885 ut

359 915 411 992 ius
425 947 529 1001 suum,
541 923 627 988 unde
641 921 824 987 Willelmus
839 927 933 1006 pater
946 941 1024 984 suus
1038 919 1103 985 fnit
1117 919 1248 987 aeisitus
1261 930 1302 987 ut
1316 923 1357 988 da
1372 923 1466 988 feodo

360 1036 398 1092 et
412 1027 482 1092 iure
502 1035 537 1090 et
556 1025 591 1090 in
611 1022 772 1089 dominico
791 1029 937 1108 tempore
959 1021 1060 1110 Regis
1082 1022 1214 1089 Ricanli
1234 1032 1294 1090 etc
1310 1025 1468 1112 capiendo

359 1133 436 1198 inde
450 1132 580 1217 expleta
594 1129 636 1194 ad
650 1129 794 1194 ualerem
809 1151 837 1192 v.
853 1127 907 1192 sol.
923 1135 984 1193 etc.

426 1237 469 1301 Et
483 1235 595 1300 Abbas
608 1233 701 1300 uenit
715 1241 751 1298 et
765 1231 846 1298 dicit
860 1231 947 1318 quod
961 1253 1026 1296 non
1041 1231 1174 1298 uidetur
1190 1231 1223 1298 ei
1242 1232 1329 1319 quod
1348 1233 1468 1300 debeat
1522 1247 1530 1282 ·'
1562 1275 1564 1278 -

359 1340 390 1404 ei
418 1338 494 1404 inde
523 1335 715 1423 respondere
744 1334 822 1422 quia
850 1333 939 1399 idem
977 1333 1139 1400 Henricus
1175 1357 1240 1400 non
1278 1337 1342 1401 luit
1378 1328 1467 1403 filius

360 1440 517 1507 Willelm'i
545 1441 645 1505 immo
675 1438 739 1504 fuit
774 1437 862 1502 filius
898 1437 1030 1502 Radulfi
1067 1438 1288 1504 Mausleuerer
1323 1449 1358 1505 et
1393 1440 1468 1507 ideo

360 1545 519 1610 Radulfus
541 1551 581 1608 ut
601 1549 696 1630 pater
717 1563 795 1606 suus
818 1563 893 1606 eum
915 1541 1057 1606 nutriuit
1077 1549 1116 1606 ut
1136 1542 1241 1608 filium
1261 1566 1358 1608 suum
1375 1545 1466 1612 etde

359 1647 500 1736 quadam
516 1646 619 1712 Elena
632 1651 736 1710 matre
753 1667 813 1710 sua
826 1652 861 1710 et
875 1643 948 1710 ideo
962 1667 1028 1710 non
1047 1646 1122 1710 uult
1141 1645 1174 1711 ei
1192 1648 1384 1735 respondere
1403 1649 1469 1716 nisi

359 1752 449 1818 curia
473 1749 724 1816 considerauerit
749 1757 785 1814 et
810 1749 838 1814 si
863 1747 960 1814 sciret
986 1748 1072 1834 quod
1096 1757 1183 1814 esset
1208 1750 1295 1816 filius
1320 1751 1467 1818 eiusdem

360 1849 516 1920 Willelmi
531 1853 728 1919 sufficienter
748 1851 932 1916 ostenderet
952 1852 1040 1938 quod
1059 1853 1186 1917 nullum
1206 1853 1258 1918 ius
1278 1853 1413 1920 haberet
1432 1857 1467 1922 in

361 1968 447 2025 tenu
461 1959 524 2024 illa
1366 1987 1369 1994 ¹

425 2063 469 2127 Et
484 2060 646 2126 Henricus
659 2059 740 2126 dicit
755 2059 842 2146 quod
863 2059 927 2124 fuit
942 2059 1029 2125 filius
1043 2060 1201 2126 Willelmi
1215 2069 1250 2128 et
1264 2061 1305 2127 de
1325 2062 1467 2149 quadam
1521 2111 1524 2119 ·

359 2161 520 2232 Matillide
539 2186 639 2228 uxore
659 2163 730 2228 eius
751 2171 786 2227 et
808 2162 868 2227 hoc
888 2170 1023 2248 paratus
1044 2171 1095 2228 est
1115 2164 1249 2250 probare
1271 2165 1356 2230 sicut
1377 2168 1469 2235 curia

358 2263 609 2334 considerauerit
624 2274 684 2332 etc.
1389 2257 1392 2266 ’

423 2368 622 2434 ’Willelmus
658 2366 773 2432 Comes
810 2365 898 2432 Sur’‘
933 2366 1019 2452 petit
1051 2387 1165 2432 uersus
1193 2368 1395 2435 Willelmum
1424 2371 1466 2438 de

359 2469 554 2539 Shor'ewella
582 2467 668 2558 quod
696 2469 812 2536 reddat
840 2470 872 2534 ei
897 2467 1098 2536 willelmum
1124 2471 1229 2538 filium
1255 2482 1291 2539 et
1312 2474 1466 2541 heredem

357 2576 493 2642 Jordani
528 2577 569 2641 de
607 2575 638 2642 S.
669 2575 812 2642 Martino
848 2575 941 2641 cuius
969 2576 1117 2641 custodia
1145 2577 1186 2642 ad
1216 2601 1291 2644 eum
1321 2575 1466 2666 pertinet

357 2673 483 2746 racione
499 2680 680 2746 tenementi
695 2679 782 2766 quod
796 2679 962 2766 predictus
975 2679 1000 2745 J
1000 2679 1140 2746 ondenus
1158 2681 1200 2746 de
1220 2705 1259 2748 eo
1275 2684 1388 2750 tenuit
1406 2708 1466 2772 per

356 2783 529 2849 seruicium
544 2781 685 2848 militare
699 2791 739 2847 ut
753 2781 843 2849 dicit.

421 2887 465 2951 Et
479 2887 655 2952 Abbatissa
668 2885 710 2951 de
722 2885 868 2952 Wiltona
881 2886 967 2973 petit
981 2909 1095 2952 uersus
1110 2888 1250 2954 eundem
1261 2890 1464 2959 Willelmum

356 2989 493 3055 eandem
529 2989 708 3054 custodiam
745 3011 783 3052 co
820 2988 907 3074 quod
935 2988 1099 3078 «londanus
1128 2991 1238 3056 tenuit
1266 2992 1308 3058 de
1337 3016 1378 3060 ea
1406 3019 1465 3082 per

355 3093 529 3158 seruicium
557 3091 698 3156 militare
727 3099 787 3157 etc.
813 3091 901 3156 unde
931 3091 1045 3156 eadem
1072 3092 1248 3159 Abbatissa
1271 3090 1352 3161 dicit
1378 3097 1465 3183 quod

355 3195 465 3261 tenuit
491 3195 532 3260 de
557 3218 597 3260 ea
621 3194 751 3260 feodum
776 3194 802 3281 j.
825 3194 1076 3273 111111111111ὅ
1104 3204 1287 3264 antecessor
1315 3200 1461 3267 eiusdem

354 3301 378 3366 J
379 3301 491 3366 ordani
505 3300 569 3365 fuit
583 3300 721 3364 feofatus
739 3308 870 3365 centum
891 3301 985 3366 annis
1005 3301 1177 3367 transactis
1198 3311 1233 3368 et
1253 3327 1292 3369 eo
1313 3307 1462 3393 amplius.

355 3405 399 3469 Et
413 3405 454 3468 de
470 3404 632 3470 Willelmo
648 3404 740 3468 uenit
756 3404 949 3471 Godefridus
963 3406 1050 3472 filius
1070 3429 1156 3483 suus,
1171 3417 1206 3473 et
1226 3409 1267 3474 de
1288 3411 1461 3479 Godefrido

354 3508 538 3574 Willelmus
559 3529 641 3571 auus
662 3507 807 3586 Jordani,
829 3517 864 3573 et
885 3509 931 3574 sic
952 3509 994 3574 de
1016 3509 1084 3576 filio
1105 3511 1141 3595 in
1162 3511 1266 3576 filium
1291 3535 1395 3601 usque
1420 3515 1461 3582 ad

353 3612 454 3676 iatum
483 3610 692 3688 Willelmum,
721 3611 770 3676 ita
799 3612 885 3698 quod
919 3612 1036 3680 Comes
1065 3637 1125 3680 nec
1158 3625 1375 3684 antecessores
1408 3619 1461 3684 sui

353 3712 537 3801 1111111111ο
558 3713 737 3779 custodiam
763 3714 949 3780 habuerunt
977 3739 1037 3782 nec
1059 3717 1177 3784 habere
1203 3717 1360 3787 deberent
1383 3724 1462 3809 quia

353 3818 529 3884 Abbatissa
542 3817 686 3882 Wiltone
708 3818 812 3904 ptimo
825 3817 970 3885 ‘feofauit
991 3829 1225 3888 antecessorem
1246 3823 1404 3890 Willelmi
1424 3835 1460 3892 et

354 3925 415 3990 hac
428 3922 554 3988 racione
568 3921 654 4008 petit
668 3921 739 4008 ipsa
752 3923 939 3990 custodiam

418 4029 463 4093 Et
478 4027 592 4094 Comes
607 4027 686 4093 dicit
698 4028 783 4114 quod
794 4027 835 4093 ad
846 4038 1059 4116 conquestum
1071 4031 1189 4120 Anglie
1201 4034 1264 4099 fuit
1276 4033 1459 4101 Willelmus

930 4262 994 4312 Eatl
1005 4263 1034 4312 ol
1043 4261 1186 4326 Salisbury.

960 4327 971 4358 ⁸
988 4327 1087 4391 snpply
1100 4329 1245 4392 Willelmus.
1258 4330 1289 4391 Δ,
1300 4331 1331 4381 B.

960 4391 972 4425 ⁶
988 4407 1106 4456 msam,
1118 4393 1149 4454 Δ,
1161 4393 1193 4445 B·
