3308 5226
431 465 1076 542 monimus‚nn.1224,ua·8·-9.
1244 466 1308 534 699

71 655 152 721 910.
265 655 456 744 'Gregorius
471 653 667 742 Capellanus
686 653 886 720 aunchistus
905 653 973 719 fuit
987 651 1029 720 ad
1049 653 1309 742 respondendum
1362 670 1435 714 unu

200 761 382 850 Reginaldo
402 761 444 826 ds
463 761 559 825 Iena
578 781 678 846 quara
700 765 814 824 contra
833 755 1086 844 prohibicionem
1108 767 1239 826 secutus
1260 767 1312 825 est

199 867 357 954 placitum
372 865 407 931 in
422 865 511 931 curia
525 863 751 932 cristianitatis
764 861 805 928 de
820 863 902 928 laico
916 861 1009 929 feodo
1023 863 1128 950 ipsius
1138 861 1312 953 Reginaldi

199 979 311 1140 θωΕὴ
337 1071 512 1162 Gregorius
537 1071 631 1138 uenit
659 1079 694 1136 et
723 1067 803 1135 dicit
832 1068 919 1155 quod
947 1091 1012 1134 non
1041 1070 1142 1135 traxit
1171 1091 1247 1135 eum
1276 1071 1311 1136 in

200 1176 358 1263 placitum
383 1173 425 1240 de
449 1173 559 1260 aliquo
585 1172 666 1238 laico
692 1171 794 1249 feodo,
819 1179 871 1237 sot
895 1191 1010 1236 reuera
1034 1171 1197 1238 Robertus
1225 1172 1312 1240 filius

123 1334 127 1343 .
201 1280 322 1367 Rogeri
336 1278 427 1345 dedit
442 1278 573 1344 ecclesie
588 1299 646 1343 sue
662 1275 688 1364 j.
702 1297 810 1341 acram
824 1282 910 1340 terra
925 1273 959 1340 in
974 1296 1089 1361 puram
1104 1275 1312 1342 elemosinam

200 1391 239 1448 et
251 1382 339 1448 idem
356 1379 530 1468 Gregorius
544 1389 665 1446 terram
679 1378 770 1444 illam
784 1377 891 1443 aranit
906 1385 941 1443 et
956 1377 1133 1444 seminauit
1150 1385 1185 1444 et
1199 1387 1313 1466 postea

202 1487 238 1551 in
264 1492 446 1571 autumpno
470 1483 651 1572 asportarit
673 1481 761 1548 idem
783 1481 983 1570 Reginaldos
1004 1481 1138 1548 bladum
1159 1499 1256 1548 suum
1278 1491 1314 1550 st

202 1587 356 1679 spoliauit
371 1589 539 1656 ecclesiam
553 1611 646 1654 snam
661 1596 697 1654 et
710 1588 751 1654 da
772 1588 831 1654 illa
849 1587 1042 1674 spoliacionc
1061 1588 1162 1654 traxit
1182 1611 1257 1654 oum
1277 1589 1312 1655 in

204 1695 361 1782 placitum
377 1701 412 1759 et
426 1715 491 1758 non
506 1691 547 1758 de
561 1692 671 1778 aliquo
686 1691 768 1756 laico
782 1690 882 1757 londo.

269 1798 315 1863 Et
343 1793 544 1885 Reginaldus
572 1794 698 1859 nullam
727 1801 849 1860 sectam
879 1793 981 1858 hebet
1010 1791 1096 1880 quod
1125 1793 1189 1859 alio
1217 1793 1313 1860 modo

205 1903 306 1969 traxit
321 1925 397 1968 eum
411 1901 447 1966 in
466 1899 624 1987 placitum
646 1906 697 1964 set
716 1897 797 1964 dicit
816 1897 903 1985 quod
925 1906 975 1963 est
996 1897 1032 1963 in
1053 1898 1172 1964 saisina
1192 1907 1228 1964 st
1249 1899 1313 1965 luit

204 2005 331 2072 duobus
356 2004 449 2070 annis
474 2001 653 2080 transactis,
675 2009 711 2066 et
736 1999 823 2066 idem
850 2000 1024 2088 Gregorius
1049 2001 1153 2089 exigit
1176 2003 1312 2068 eandem

206 2133 312 2176 acram
328 2116 413 2173 terre
428 2107 463 2172 in
478 2106 568 2172 cnn'a
581 2105 814 2172 cristianitatis

204 2235 206 2240 ·
272 2215 317 2280 Et
332 2211 506 2300 Gregorius
521 2209 685 2298 cognoscit
698 2209 785 2297 quod
799 2207 1000 2297 Reginaldus
1014 2215 1066 2274 est
1084 2208 1120 2273 in
1140 2209 1258 2275 saisina
1272 2207 1314 2276 de

206 2317 320 2385 eadem
335 2326 429 2382 terra
475 2316 519 2381 Et
533 2315 607 2381 ideo
621 2313 823 2402 prohibitum
838 2321 889 2379 est
903 2313 935 2378 ei
948 2333 991 2378 ne
1005 2312 1145 2398 amplius
1160 2321 1315 2400 sequatur
1368 2339 1371 2346 ⁴

206 2421 364 2508 placitum
378 2417 413 2484 in
429 2417 520 2485 curia
532 2415 756 2484 cristianitatis
770 2423 821 2482 sat
835 2415 864 2481 si
878 2414 1021 2480 uoluerit
1033 2415 1201 2501 perquirat
1214 2415 1314 2481 breue

206 2525 250 2590 de
271 2545 357 2589 noua
378 2518 547 2589 disseisina
567 2529 603 2588 et
623 2521 667 2587 sit
690 2519 726 2586 in
750 2519 968 2587 misericordia
988 2541 1047 2608 pro
1068 2519 1193 2586 iniusta
1216 2541 1314 2586 nexa·

207 2625 326 2693 (donet

151 2797 158 2814 ,
273 2729 434 2818 'loquela
478 2731 566 2796 inter
607 2729 751 2794 Priorem
786 2728 828 2794 de
864 2729 1019 2793 Elretona
1053 2734 1244 2814 querentem
1280 2735 1316 2794 ct
1420 2755 1437 2785 r-

207 2828 372 2902 Abbatem
387 2835 427 2900 de
443 2823 588 2902 Eboraco
600 2833 641 2898 de
661 2831 776 2898 diuisis
794 2831 955 2898 intereos
974 2830 1184 2897 ereremum
1202 2829 1314 2896 estad

207 2937 399 3004 comitatum
413 2957 509 3023 prece
523 2935 668 3023 parcium
681 2941 723 3000 'ut
736 2935 784 3000 ibi
797 2934 951 3022 procedat
971 2955 1037 3000 non
1056 2935 1206 3000 obstante
1225 2941 1316 3000 carta

208 3065 307 3130 quam
335 3041 424 3108 idem
453 3042 545 3108 Prior
573 3041 674 3107 habet
699 3063 741 3108 nc
764 3039 961 3129 implacitet‘
983 3039 1063 3106 alibi
1085 3063 1184 3127 quam
1207 3061 1314 3108 coram

208 3141 302 3213 Dona
318 3145 434 3233 Rege!
999 3179 1001 3187 2

152 3318 160 3334 ‚
272 3249 400 3316 ‘Assius
424 3248 518 3314 uenit
543 3249 748 3336 recognitum
768 3249 841 3336 quis
862 3248 1039 3315 aduocatos
1060 3255 1206 3335 tempore
1227 3247 1315 3334 pacis

208 3355 412 3444 presentauit
430 3355 581 3420 ultimam
600 3375 770 3442 personam
791 3375 856 3440 que
874 3361 1003 3419 mortua
1022 3361 1072 3419 est
1091 3353 1133 3420 ad
1147 3353 1314 3421 ecclesiam

208 3461 251 3526 de
265 3459 470 3525 Bradefeldia
484 3481 547 3548 que
562 3467 658 3525 uacat
678 3467 738 3526 etc.
753 3459 845 3526 cuius
865 3458 1112 3525 aduocacionem
1131 3459 1316 3526 Willelmus

209 3564 250 3630 ds
266 3565 405 3657 Reymes
420 3563 539 3628 elamat
554 3585 666 3628 uersus
688 3563 830 3628 Priorem
852 3563 884 3629 S.
900 3563 1120 3630 Bar-tholomei
1139 3563 1315 3646 Londonie,

211 3669 268 3755 qui
281 3668 376 3733 uenit
391 3675 425 3733 et
439 3667 520 3733 dicit
534 3667 621 3754 quod
635 3667 735 3734 assisa
748 3690 813 3734 non
828 3667 928 3734 debet
945 3667 1022 3734 inde
1041 3667 1112 3734 fieri
1132 3669 1209 3756 quia
1227 3669 1315 3735 idem

211 3771 395 3838 Willelmns
419 3771 500 3837 alias
524 3772 604 3838 tulit
629 3771 762 3838 assisam
783 3771 901 3862 ‘ultime
931 3772 1181 3860 presentacionis
1209 3795 1315 3839 coram

210 3875 336 3942 ultimis
364 3875 552 3942 iustician'is
577 3877 808 3943 itinerantibus
836 3875 925 3964 apud
951 3876 1256 3944 Ohelmerefordiam
1281 3883 1316 3944 et

211 3979 344 4046 tandem
365 3977 488 4045 ibidem
510 4001 617 4045 coram
644 3979 692 4046 eis
716 3979 903 4047 adiudicata
928 3979 992 4046 fuit
1017 3979 1124 4046 eidem
1149 3979 1259 4058 Priori,
1281 3987 1316 4046 et

160 4103 163 4108 “
211 4083 287 4176 inde
302 4083 395 4170 ponit
410 4105 444 4148 se
460 4105 558 4172 super
571 4083 738 4149 recordum
753 4083 851 4150 curie.

215 4195 218 4204 ’
276 4188 321 4253 Et
342 4187 527 4254 Willclmus
549 4187 629 4255 dicit
651 4185 736 4275 quod
758 4187 819 4254 hoc
840 4209 905 4253 non
926 4185 1025 4253 debet
1048 4187 1079 4253 ei
1102 4207 1215 4254 nocere
1239 4189 1316 4276 quia

245 4321 426 4374 ¹s.m.1su.
821 4321 884 4372 ‘Aa
906 4325 934 4374 to
958 4321 1022 4373 such
1048 4322 1173 4384 chartsrs
1200 4338 1243 4374 see
1269 4324 1313 4375 Br.

214 4395 216 4400 '
245 4387 375 4438 ²ssessr.
388 4388 406 4437 l.
417 4387 474 4438 408.
790 4387 904 4438 ttllb.
937 4388 988 4437 For
999 4387 1313 4452 mesorkmanorcsss

246 4453 257 4486 ³
272 4453 304 4502 Δ.
315 4467 350 4502 m.
363 4453 409 4514 1s;
425 4453 455 4505 B.
470 4468 505 4504 m.
518 4454 556 4505 14.
790 4451 903 4506 Monast.
915 4453 965 4503 rol.
977 4455 1001 4512 t,
1013 4468 1039 4516 p.
1051 4453 1108 4505 547.

247 4518 258 4551 ⁴
270 4519 387 4582 placitet,
399 4518 429 4578 Δ,
440 4518 471 4568 Β.
822 4515 878 4569 ⁸A.
892 4533 927 4568 m.
940 4519 986 4578 193
1003 4517 1032 4570 B.
1045 4533 1080 4568 m.
1094 4517 1157 4572 ltu
