3308 5226
364 397 430 466 ⁷02
597 405 919 470 mommio.
944 395 1039 470 1224,
1060 407 1124 460 nn
1147 397 1242 460 e-o
1327 373 1331 392 '

430 583 473 650 Et
486 581 600 648 Abbee
613 579 695 646 dioit
709 603 768 668 per
781 587 984 646 attornetum
997 601 1095 645 enum
1109 580 1197 666 quod
1211 588 1285 646 tote
1296 576 1404 668 gnane
1422 582 1480 648 ille

363 709 424 754 sue
448 694 500 753 eet
523 694 558 750 et
581 683 668 772 quod
690 684 832 750 Thomas
856 683 958 750 nichil
980 683 1082 750 hebet
1102 683 1151 750 ibi
1171 685 1236 750 nisi
1255 694 1390 752 tentum
1413 693 1480 752 tres
1621 764 1622 794 1

361 813 451 858 eene
475 789 587 856 brnllii
612 798 684 869 ete,
706 797 741 856 et
766 789 911 876 pertinet
931 788 976 855 ed
999 790 1184 856 manerium
1209 790 1251 856 de
1273 791 1365 858 Oure
1389 789 1482 877 qnod

361 895 448 961 idem
463 895 576 961 Abbee
595 894 696 960 hebet
710 894 746 960 in
766 893 943 960 elemosine
961 917 1001 960 ex
1022 893 1106 961 dono
1121 893 1215 962 Dom.
1231 895 1341 982 Regna
1356 895 1482 982 etipse

361 1007 396 1066 et
417 997 553 1064 eoeleste
572 1019 634 1063 sue
653 1019 783 1083 semper
804 995 869 1062 fuit
890 995 967 1063 inde
987 997 1111 1076 eeieite
1127 997 1239 1064 ¹offert
1259 998 1480 1064 dimeionere

359 1124 418 1190 per
431 1125 546 1188 eorpus
559 1101 728 1168 oniuedem
742 1101 838 1168 liberi
852 1101 993 1168 bominis
1007 1102 1059 1168 eni
1074 1101 1243 1168 Gileberti.

424 1205 470 1272 Et
484 1206 624 1272 'I'homee
643 1205 725 1272 dieit
744 1205 832 1294 quod
850 1205 921 1292 ipse
941 1194 977 1271 et
995 1205 1170 1293 participes
1189 1206 1242 1272 eui
1261 1207 1332 1272 eine
1354 1205 1480 1292 quibus

358 1329 424 1373 non
446 1315 558 1394 potest
580 1305 773 1394 respondere
797 1315 877 1372 eunt
902 1307 938 1372 in
958 1307 1080 1374 misina
1102 1307 1146 1374 de
1168 1308 1284 1374 eodem
1309 1331 1417 1395 gruna
1438 1317 1480 1372 ut

359 1412 400 1478 de
426 1411 527 1478 libero
552 1419 742 1477 tenemento
766 1433 834 1490 sno,
860 1418 895 1476 et
924 1411 998 1478 ideo
1026 1433 1093 1478 non
1117 1411 1194 1478 uult
1218 1411 1261 1478 nd
1285 1413 1347 1478 boo
1374 1411 1478 1478 breue

359 1513 550 1602 respondere
564 1512 628 1578 nisi
642 1512 733 1578 ouria
745 1511 1005 1578 eoneiderenerit

425 1617 470 1684 Et
484 1617 557 1683 ideo
571 1617 649 1704 quie
661 1617 762 1684 breue
776 1639 842 1683 non
856 1617 1001 1704 loquitur
1014 1617 1079 1684 nisi
1093 1617 1134 1684 de
1149 1619 1322 1685 commune
1339 1626 1478 1706 pestere

360 1729 396 1786 et
410 1720 551 1786 Thomas
564 1719 747 1808 dicitquod
766 1727 993 1786 tenementum
1012 1727 1048 1786 et
1068 1719 1174 1786 tolum
1193 1721 1277 1788 illud
1296 1743 1397 1787 suum
1417 1729 1480 1798 eet,

362 1824 602 1891 consideratum
616 1831 668 1890 eet
682 1823 769 1911 qnod
783 1845 849 1889 non
863 1822 1081 1910 respondeant
1095 1824 1137 1890 ed
1152 1824 1213 1890 hoe
1227 1823 1336 1904 breue,
1350 1833 1390 1890 et
1404 1823 1480 1890 ideo

360 1927 438 1994 inde
451 1927 522 1994 eine
536 1927 590 1994 die
610 1934 645 1992 et
664 1927 778 1993 Abbee
797 1926 834 1992 in
852 1925 1073 1992 miserioordie
1090 1934 1127 1993 et
1145 1927 1314 2014 perquiret
1333 1927 1401 1993 eibi
1420 1949 1481 2014 per

360 2030 452 2097 eliud
474 2030 575 2096 breue
594 2029 625 2096 ei
645 2027 805 2095 uolnerit‘
824 2037 861 2094 et
882 2028 1004 2095 hebent
1024 2037 1192 2116 posterum
1211 2053 1306 2096 suem
1326 2030 1365 2096 in
1389 2030 1481 2098 Oure

360 2135 430 2200 eine
443 2156 617 2200 commune
630 2155 728 2221 quem
743 2133 831 2200 idom
845 2131 987 2198 Thomas
998 2133 1123 2200 hebeat
1133 2133 1172 2199 in
1186 2133 1315 2200 residuo
1328 2141 1421 2200 terre
1435 2133 1478 2199 de

361 2237 450 2304 Onre
469 2245 505 2304 et
522 2238 675 2304 similiter
694 2238 835 2304 Thomna
854 2237 975 2304 hebeat
995 2245 1116 2304 emm
1134 2260 1228 2306 suem
1248 2241 1284 2306 in
1303 2261 1385 2326 paee
1404 2240 1479 2306 nine

361 2365 534 2410 eommune
547 2366 645 2430 quem
659 2341 747 2408 idom
761 2343 874 2408 Abbee
888 2343 1008 2408 hebeat
1022 2365 1098 2408 eum
1113 2365 1160 2410 ee.

425 2447 534 2514 'Prior
552 2447 595 2513 de
616 2447 780 2513 Lentona‘
793 2447 880 2534 petit
894 2469 1008 2513 uerene
1022 2449 1046 2514 J
1046 2448 1207 2514 ohannem
1222 2447 1264 2512 de
1278 2447 1478 2534 Meupertie·
1529 2499 1533 2504 .

362 2549 436 2616 hele
459 2549 709 2616 eduoceoionem
735 2549 869 2615 ecclesie
894 2548 936 2615 do
964 2549 1197 2636 Mepertiehele
1226 2573 1301 2616 oum
1329 2559 1414 2638 pert
1438 2559 1479 2616 ut

362 2655 413 2720 ius
437 2676 534 2720 nuum
558 2662 619 2720 etc.
644 2653 731 2719 unde
757 2653 848 2718 Prior
872 2653 1059 2720 Alexander
1081 2655 1286 2742 predeoemor
1307 2677 1387 2722 suus
1411 2655 1478 2721 fnit

362 2757 492 2823 seisitue
505 2765 545 2823 ut
559 2755 600 2823 de
614 2757 708 2824 feodo
721 2765 757 2822 et
771 2758 842 2822 inre
856 2757 990 2822 eoeleeie
1004 2779 1063 2822 sue
1080 2765 1229 2844 tempore
1244 2759 1286 2824 H.
1302 2759 1406 2847 Regio
1419 2759 1478 2826 eui

362 2869 425 2928 ete.
447 2861 497 2927 ite
517 2861 606 2949 quod
626 2862 830 2950 presentenit
852 2862 969 2928 telem⁵
990 2861 1143 2928 clericum
1164 2863 1223 2949 qui
1242 2863 1286 2929 ad
1306 2873 1477 2950 presente·

362 2966 488 3033 cionem
524 2989 617 3034 suem
653 2967 718 3032 fuit
752 2967 913 3034 edmieeue
947 2967 1106 3054 capiendo
1141 2967 1219 3032 inde
1259 2969 1393 3054 explete
1433 2963 1477 3034 ed

363 3069 545 3136 nnlencinm
565 3093 596 3137 v.
615 3071 670 3136 eoi
690 3078 731 3136 ut
752 3069 787 3136 in
809 3069 936 3136 mobil'⁶
952 3079 1014 3137 ete
1030 3079 1066 3136 et
1085 3079 1201 3158 postet
1221 3071 1353 3138 Biomdi
1374 3073 1477 3161 Regis

362 3181 508 3262 tempore
529 3176 731 3262 presentent
752 3175 927 3262 quemdem
950 3175 1167 3244 Leurenoium
1192 3176 1250 3263 qui
1274 3185 1334 3243 ete
1357 3177 1473 3244 eodem

363 3277 459 3342 modo
473 3285 532 3343 ete
548 3286 584 3344 et
598 3278 659 3344 boc
672 3279 768 3344 offert
782 3285 843 3344 ete

428 3379 473 3445 Et
496 3381 663 3446 Johennee
684 3381 778 3446 uenit
799 3391 835 3447 et
856 3380 1004 3447 defendit
1027 3381 1079 3446 ine
1102 3403 1200 3447 suum
1223 3403 1310 3448 nuno
1335 3391 1371 3448 et
1393 3385 1475 3450 oties

364 3484 493 3570 quando
516 3485 688 3550 defendere
710 3485 853 3565 debebit,
875 3493 927 3551 set
948 3485 1028 3551 dicit
1050 3485 1137 3572 quod
1159 3486 1259 3552 amieo
1284 3509 1350 3552 non
1375 3487 1475 3554 debet

363 3587 439 3652 inde
468 3587 548 3668 fieri,
571 3589 651 3676 quie
679 3589 812 3676 quidem
842 3589 934 3654 Prior
962 3589 1168 3675 predeeeeeor
1195 3611 1275 3656 suun
1298 3591 1474 3678 aliqnando

363 3692 536 3758 eremieuit
561 3693 694 3758 eseisem
718 3693 835 3759 ultime
858 3693 1112 3778 presenteeionie
1135 3693 1176 3760 do
1199 3695 1314 3760 eadem
1338 3697 1476 3762 eoeleeio

363 3817 476 3862 uerene
497 3797 701 3864 Gilebertum
722 3806 851 3884 petrem
872 3821 969 3863 suum
991 3806 1026 3863 et
1047 3797 1181 3864 tandem
1203 3799 1238 3864 in
1260 3800 1350 3866 onrie
1372 3801 1474 3889 Regis

364 3900 495 3966 Rieerdi
508 3901 674 3988 respondit
688 3901 775 3967 idem
789 3901 978 3967 Gilebertue
992 3909 1105 3968 oontre
1123 3901 1255 3968 aeeisem
1275 3903 1366 3970 illem
1384 3904 1473 3990 quod

363 4031 429 4073 non
443 4007 558 4074 debuit
572 4005 644 4072 fieri
654 4006 732 4093 quie
742 4005 924 4071 manerium
934 4003 1018 4071 illud
1028 4027 1104 4071 oum
1115 4005 1328 4072 eduoeeoione
1340 4009 1472 4074 ecclesie

366 4111 430 4176 fuit
446 4111 603 4176 serienoie
621 4109 714 4176 Dom.
729 4109 830 4197 Regis
850 4117 885 4175 et
904 4109 975 4175 eine
995 4108 1089 4175 Dom.
1106 4109 1197 4196 Rege
1211 4131 1276 4174 non
1296 4109 1412 4178 debuit
1429 4111 1471 4177 de

398 4293 667 4411 ΨΨΨ
976 4295 1313 4414 ΨΜΨ

398 4364 735 4484 Ἀἷὶηῖαοξῆιιὶιεὼ
977 4363 1419 4490 oo‘iit‘iffrbfetemm
