<?xml version="1.0" encoding="UTF-8"?>
<!DOCTYPE html PUBLIC "-//W3C//DTD XHTML 1.0 Transitional//EN"
    "http://www.w3.org/TR/xhtml1/DTD/xhtml1-transitional.dtd">
<html xmlns="http://www.w3.org/1999/xhtml" xml:lang="en" lang="en">
 <head>
  <title>
</title>
<meta http-equiv="Content-Type" content="text/html;charset=utf-8" />
  <meta name='ocr-system' content='tesseract 3.04.00' />
  <meta name='ocr-capabilities' content='ocr_page ocr_carea ocr_par ocr_line ocrx_word'/>
</head>
<body>
  <div class='ocr_page' id='page_1' title='image "./bractonsnoteboo04bracgoog_0394.png"; bbox 0 0 3212 5230; ppageno 0'>
   <div class='ocr_carea' id='block_1_1' title="bbox 351 406 1157 482">
    <p class='ocr_par' dir='ltr' id='par_1_1' title="bbox 351 406 1157 482">
     <span class='ocr_line' id='line_1_1' title="bbox 351 406 1157 482; baseline -0.007 -8"><span class='ocrx_word' id='word_1_1' title='bbox 351 411 413 474; x_wconf 85' lang='lat'>386</span> <span class='ocrx_word' id='word_1_2' title='bbox 648 420 790 482; x_wconf 73' lang='grc' dir='ltr'>ιιιιιιιι,</span> <span class='ocrx_word' id='word_1_3' title='bbox 812 419 876 470; x_wconf 76' lang='grc' dir='ltr'>ιι).</span> <span class='ocrx_word' id='word_1_4' title='bbox 902 406 998 481; x_wconf 80' lang='lat'>1231,</span> <span class='ocrx_word' id='word_1_5' title='bbox 1020 419 1083 470; x_wconf 68' lang='grc' dir='ltr'>ιιι</span> <span class='ocrx_word' id='word_1_6' title='bbox 1109 408 1157 469; x_wconf 85' lang='lat'>15.</span> 
     </span>
    </p>
   </div>
   <div class='ocr_carea' id='block_1_2' title="bbox 135 589 1465 4187">
    <p class='ocr_par' dir='ltr' id='par_1_2' title="bbox 135 589 1465 4187">
     <span class='ocr_line' id='line_1_2' title="bbox 229 589 1462 679; baseline 0.004 -29"><span class='ocrx_word' id='word_1_7' title='bbox 229 589 299 652; x_wconf 84' lang='lat'>492.</span> <span class='ocrx_word' id='word_1_8' title='bbox 416 593 458 658; x_wconf 87' lang='lat' dir='ltr'>H.</span> <span class='ocrx_word' id='word_1_9' title='bbox 475 591 665 679; x_wconf 87' lang='lat' dir='ltr'>Episcopus¹</span> <span class='ocrx_word' id='word_1_10' title='bbox 682 589 916 656; x_wconf 76' lang='lat' dir='ltr'>lincolniensis</span> <span class='ocrx_word' id='word_1_11' title='bbox 930 611 988 676; x_wconf 89' lang='lat' dir='ltr'>per</span> <span class='ocrx_word' id='word_1_12' title='bbox 1002 597 1184 654; x_wconf 86' lang='lat' dir='ltr'>attornatos</span> <span class='ocrx_word' id='word_1_13' title='bbox 1197 609 1273 656; x_wconf 83' lang='lat' dir='ltr'>suos</span> <span class='ocrx_word' id='word_1_14' title='bbox 1287 589 1410 677; x_wconf 81' lang='lat' dir='ltr'><strong>optulit</strong></span> <span class='ocrx_word' id='word_1_15' title='bbox 1426 611 1462 655; x_wconf 89' lang='lat' dir='ltr'>se</span> 
     </span>
     <span class='ocr_line' id='line_1_3' title="bbox 235 685 1463 782; baseline -0.002 -22"><span class='ocrx_word' id='word_1_16' title='bbox 235 685 289 726; x_wconf 54' lang='lat'><strong>¹⁴⁸¹*</strong></span> <span class='ocrx_word' id='word_1_17' title='bbox 350 694 430 781; x_wconf 66' lang='lat' dir='ltr'>iiij20.</span> <span class='ocrx_word' id='word_1_18' title='bbox 446 695 499 760; x_wconf 89' lang='lat' dir='ltr'>die</span> <span class='ocrx_word' id='word_1_19' title='bbox 515 719 627 761; x_wconf 89' lang='lat' dir='ltr'>uersus</span> <span class='ocrx_word' id='word_1_20' title='bbox 642 695 836 782; x_wconf 84' lang='lat' dir='ltr'>Margariam</span> <span class='ocrx_word' id='word_1_21' title='bbox 858 694 1066 760; x_wconf 88' lang='lat' dir='ltr'>Comitissam</span> <span class='ocrx_word' id='word_1_22' title='bbox 1088 693 1255 760; x_wconf 84' lang='lat' dir='ltr'>Wintonie</span> <span class='ocrx_word' id='word_1_23' title='bbox 1275 695 1316 760; x_wconf 86' lang='lat' dir='ltr'>de</span> <span class='ocrx_word' id='word_1_24' title='bbox 1338 695 1463 780; x_wconf 88' lang='lat' dir='ltr'>placito</span> 
     </span>
     <span class='ocr_line' id='line_1_4' title="bbox 351 796 1460 884; baseline 0.002 -22"><span class='ocrx_word' id='word_1_25' title='bbox 351 797 437 884; x_wconf 93' lang='lat' dir='ltr'>quod</span> <span class='ocrx_word' id='word_1_26' title='bbox 460 797 558 863; x_wconf 87' lang='lat' dir='ltr'>faciat</span> <span class='ocrx_word' id='word_1_27' title='bbox 580 798 830 864; x_wconf 88' lang='lat' dir='ltr'>consuetudines</span> <span class='ocrx_word' id='word_1_28' title='bbox 853 796 902 862; x_wconf 82' lang='lat' dir='ltr'>et¹</span> <span class='ocrx_word' id='word_1_29' title='bbox 923 797 1061 862; x_wconf 85' lang='lat' dir='ltr'>seruicia</span> <span class='ocrx_word' id='word_1_30' title='bbox 1082 820 1145 884; x_wconf 88' lang='lat' dir='ltr'>que</span> <span class='ocrx_word' id='word_1_31' title='bbox 1168 799 1272 864; x_wconf 86' lang='lat' dir='ltr'>facere</span> <span class='ocrx_word' id='word_1_32' title='bbox 1295 799 1396 864; x_wconf 88' lang='lat' dir='ltr'>debet</span> <span class='ocrx_word' id='word_1_33' title='bbox 1418 798 1460 864; x_wconf 89' lang='lat' dir='ltr'>de</span> 
     </span>
     <span class='ocr_line' id='line_1_5' title="bbox 351 901 1460 989; baseline 0 -23"><span class='ocrx_word' id='word_1_34' title='bbox 351 910 538 968; x_wconf 80' lang='lat' dir='ltr'>tenemento</span> <span class='ocrx_word' id='word_1_35' title='bbox 575 902 662 989; x_wconf 91' lang='lat' dir='ltr'>quod</span> <span class='ocrx_word' id='word_1_36' title='bbox 697 902 738 968; x_wconf 91' lang='lat' dir='ltr'>de</span> <span class='ocrx_word' id='word_1_37' title='bbox 776 925 814 966; x_wconf 87' lang='lat' dir='ltr'>eo</span> <span class='ocrx_word' id='word_1_38' title='bbox 851 909 944 966; x_wconf 88' lang='lat' dir='ltr'>tenet</span> <span class='ocrx_word' id='word_1_39' title='bbox 979 901 1015 966; x_wconf 91' lang='lat' dir='ltr'>in</span> <span class='ocrx_word' id='word_1_40' title='bbox 1052 901 1271 968; x_wconf 85' lang='lat' dir='ltr'>Cinctentona</span> <span class='ocrx_word' id='word_1_41' title='bbox 1306 911 1368 969; x_wconf 86' lang='lat' dir='ltr'>etc</span> <span class='ocrx_word' id='word_1_42' title='bbox 1415 903 1460 967; x_wconf 89' lang='lat' dir='ltr'>Et</span> 
     </span>
     <span class='ocr_line' id='line_1_6' title="bbox 352 1007 1433 1095; baseline -0.002 -21"><span class='ocrx_word' id='word_1_43' title='bbox 352 1007 525 1074; x_wconf 88' lang='lat' dir='ltr'>Comitissa</span> <span class='ocrx_word' id='word_1_44' title='bbox 539 1032 604 1073; x_wconf 90' lang='lat' dir='ltr'>non</span> <span class='ocrx_word' id='word_1_45' title='bbox 618 1009 711 1073; x_wconf 89' lang='lat' dir='ltr'>uenit</span> <span class='ocrx_word' id='word_1_46' title='bbox 726 1017 761 1074; x_wconf 86' lang='lat' dir='ltr'>et</span> <span class='ocrx_word' id='word_1_47' title='bbox 775 1007 893 1074; x_wconf 90' lang='lat' dir='ltr'>habuit</span> <span class='ocrx_word' id='word_1_48' title='bbox 907 1007 994 1072; x_wconf 87' lang='lat' dir='ltr'>diem</span> <span class='ocrx_word' id='word_1_49' title='bbox 1009 1031 1068 1095; x_wconf 87' lang='lat' dir='ltr'>per</span> <span class='ocrx_word' id='word_1_50' title='bbox 1082 1009 1311 1074; x_wconf 88' lang='lat' dir='ltr'>essoniatorem</span> <span class='ocrx_word' id='word_1_51' title='bbox 1327 1031 1433 1074; x_wconf 87' lang='lat' dir='ltr'>suurn.</span> 
     </span>
     <span class='ocr_line' id='line_1_7' title="bbox 187 1110 1460 1242; baseline -0.001 -64"><span class='ocrx_word' id='word_1_52' title='bbox 187 1110 315 1242; x_wconf 45' lang='grc' dir='ltr'>ἓίξξᾳῇ</span> <span class='ocrx_word' id='word_1_53' title='bbox 417 1115 460 1178; x_wconf 87' lang='lat' dir='ltr'>Et</span> <span class='ocrx_word' id='word_1_54' title='bbox 490 1115 635 1200; x_wconf 82' lang='lat' dir='ltr'>Rogems</span> <span class='ocrx_word' id='word_1_55' title='bbox 664 1113 705 1179; x_wconf 88' lang='lat' dir='ltr'>de</span> <span class='ocrx_word' id='word_1_56' title='bbox 735 1113 832 1178; x_wconf 78' lang='lat' dir='ltr'>Wara</span> <span class='ocrx_word' id='word_1_57' title='bbox 862 1121 897 1178; x_wconf 87' lang='lat' dir='ltr'>et</span> <span class='ocrx_word' id='word_1_58' title='bbox 926 1113 1111 1178; x_wconf 89' lang='lat' dir='ltr'>Willelmus</span> <span class='ocrx_word' id='word_1_59' title='bbox 1139 1114 1227 1178; x_wconf 91' lang='lat' dir='ltr'>filius</span> <span class='ocrx_word' id='word_1_60' title='bbox 1248 1113 1322 1178; x_wconf 87' lang='lat' dir='ltr'>Ade</span> <span class='ocrx_word' id='word_1_61' title='bbox 1345 1113 1403 1200; x_wconf 93' lang='lat' dir='ltr'>qui</span> <span class='ocrx_word' id='word_1_62' title='bbox 1425 1135 1460 1177; x_wconf 86' lang='lat' dir='ltr'>se</span> 
     </span>
     <span class='ocr_line' id='line_1_8' title="bbox 187 1209 1461 1300; baseline -0.001 -20"><span class='ocrx_word' id='word_1_63' title='bbox 187 1209 474 1290; x_wconf 53' lang='lat' dir='ltr'>fflmwlfaciunt</span> <span class='ocrx_word' id='word_1_64' title='bbox 510 1223 692 1280; x_wconf 87' lang='lat' dir='ltr'>attornatos</span> <span class='ocrx_word' id='word_1_65' title='bbox 727 1213 899 1280; x_wconf 84' lang='lat' dir='ltr'>Comitisse</span> <span class='ocrx_word' id='word_1_66' title='bbox 935 1237 993 1300; x_wconf 90' lang='lat' dir='ltr'>per</span> <span class='ocrx_word' id='word_1_67' title='bbox 1028 1215 1086 1300; x_wconf 92' lang='lat' dir='ltr'>iiij.</span> <span class='ocrx_word' id='word_1_68' title='bbox 1123 1213 1245 1279; x_wconf 78' lang='lat' dir='ltr'>milites</span> <span class='ocrx_word' id='word_1_69' title='bbox 1273 1215 1389 1279; x_wconf 88' lang='lat' dir='ltr'>missos</span> <span class='ocrx_word' id='word_1_70' title='bbox 1418 1214 1461 1278; x_wconf 91' lang='lat' dir='ltr'>ad</span> 
     </span>
     <span class='ocr_line' id='line_1_9' title="bbox 349 1317 1461 1405; baseline -0.002 -21"><span class='ocrx_word' id='word_1_71' title='bbox 349 1319 527 1405; x_wconf 73' lang='lat' dir='ltr'>predictam</span> <span class='ocrx_word' id='word_1_72' title='bbox 549 1317 755 1385; x_wconf 88' lang='lat' dir='ltr'>Comitissam</span> <span class='ocrx_word' id='word_1_73' title='bbox 777 1318 925 1396; x_wconf 88' lang='lat' dir='ltr'>ueniunt,</span> <span class='ocrx_word' id='word_1_74' title='bbox 940 1327 975 1382; x_wconf 88' lang='lat' dir='ltr'>et</span> <span class='ocrx_word' id='word_1_75' title='bbox 996 1319 1119 1384; x_wconf 86' lang='lat' dir='ltr'>milites</span> <span class='ocrx_word' id='word_1_76' title='bbox 1140 1341 1204 1382; x_wconf 90' lang='lat' dir='ltr'>non</span> <span class='ocrx_word' id='word_1_77' title='bbox 1224 1327 1389 1384; x_wconf 88' lang='lat' dir='ltr'>uenerunt</span> <span class='ocrx_word' id='word_1_78' title='bbox 1408 1329 1461 1382; x_wconf 86' lang='lat' dir='ltr'>set</span> 
     </span>
     <span class='ocr_line' id='line_1_10' title="bbox 350 1422 1462 1510; baseline 0.001 -23"><span class='ocrx_word' id='word_1_79' title='bbox 350 1422 467 1488; x_wconf 87' lang='lat' dir='ltr'>Petrus</span> <span class='ocrx_word' id='word_1_80' title='bbox 496 1423 537 1488; x_wconf 88' lang='lat' dir='ltr'>de</span> <span class='ocrx_word' id='word_1_81' title='bbox 567 1423 787 1510; x_wconf 87' lang='lat' dir='ltr'>Coldingtona</span> <span class='ocrx_word' id='word_1_82' title='bbox 815 1445 849 1487; x_wconf 90' lang='lat' dir='ltr'>se</span> <span class='ocrx_word' id='word_1_83' title='bbox 883 1422 1067 1500; x_wconf 88' lang='lat' dir='ltr'>essoniauit,</span> <span class='ocrx_word' id='word_1_84' title='bbox 1097 1431 1132 1487; x_wconf 92' lang='lat' dir='ltr'>et</span> <span class='ocrx_word' id='word_1_85' title='bbox 1168 1423 1242 1487; x_wconf 92' lang='lat' dir='ltr'>ideo</span> <span class='ocrx_word' id='word_1_86' title='bbox 1278 1423 1462 1488; x_wconf 86' lang='lat' dir='ltr'>uicecomes</span> 
     </span>
     <span class='ocr_line' id='line_1_11' title="bbox 350 1524 1460 1612; baseline -0.001 -22"><span class='ocrx_word' id='word_1_87' title='bbox 350 1525 470 1591; x_wconf 90' lang='lat' dir='ltr'>habeat</span> <span class='ocrx_word' id='word_1_88' title='bbox 489 1547 620 1612; x_wconf 88' lang='lat' dir='ltr'>corpora</span> <span class='ocrx_word' id='word_1_89' title='bbox 641 1525 785 1590; x_wconf 88' lang='lat' dir='ltr'>militum</span> <span class='ocrx_word' id='word_1_90' title='bbox 807 1547 828 1589; x_wconf 90' lang='lat' dir='ltr'>a</span> <span class='ocrx_word' id='word_1_91' title='bbox 847 1524 900 1590; x_wconf 86' lang='lat' dir='ltr'>die</span> <span class='ocrx_word' id='word_1_92' title='bbox 921 1533 981 1590; x_wconf 88' lang='lat' dir='ltr'>etc.</span> <span class='ocrx_word' id='word_1_93' title='bbox 1004 1535 1038 1589; x_wconf 88' lang='lat' dir='ltr'>et</span> <span class='ocrx_word' id='word_1_94' title='bbox 1062 1525 1178 1590; x_wconf 86' lang='lat' dir='ltr'>Petrus</span> <span class='ocrx_word' id='word_1_95' title='bbox 1195 1525 1295 1590; x_wconf 86' lang='lat' dir='ltr'>habet</span> <span class='ocrx_word' id='word_1_96' title='bbox 1316 1525 1460 1590; x_wconf 90' lang='lat' dir='ltr'>eundem</span> 
     </span>
     <span class='ocr_line' id='line_1_12' title="bbox 349 1627 1252 1716; baseline -0.003 -20"><span class='ocrx_word' id='word_1_97' title='bbox 349 1631 436 1696; x_wconf 88' lang='lat' dir='ltr'>diem</span> <span class='ocrx_word' id='word_1_98' title='bbox 452 1653 511 1716; x_wconf 88' lang='lat' dir='ltr'>per</span> <span class='ocrx_word' id='word_1_99' title='bbox 524 1629 753 1695; x_wconf 87' lang='lat' dir='ltr'>essoniatorem</span> <span class='ocrx_word' id='word_1_100' title='bbox 768 1651 863 1694; x_wconf 88' lang='lat' dir='ltr'>suum</span> <span class='ocrx_word' id='word_1_101' title='bbox 878 1627 921 1693; x_wconf 86' lang='lat' dir='ltr'>ad</span> <span class='ocrx_word' id='word_1_102' title='bbox 936 1628 1177 1693; x_wconf 85' lang='lat' dir='ltr'>testificandum</span> <span class='ocrx_word' id='word_1_103' title='bbox 1192 1637 1252 1694; x_wconf 78' lang='lat' dir='ltr'>ete</span> 
     </span>
     <span class='ocr_line' id='line_1_13' title="bbox 227 1733 1463 1819; baseline -0.002 -20"><span class='ocrx_word' id='word_1_104' title='bbox 227 1737 300 1800; x_wconf 80' lang='lat'>493.</span> <span class='ocrx_word' id='word_1_105' title='bbox 415 1735 598 1801; x_wconf 90' lang='lat' dir='ltr'>Willelmus</span> <span class='ocrx_word' id='word_1_106' title='bbox 627 1734 713 1799; x_wconf 88' lang='lat' dir='ltr'>filius</span> <span class='ocrx_word' id='word_1_107' title='bbox 743 1733 919 1798; x_wconf 86' lang='lat' dir='ltr'>Thurstani</span> <span class='ocrx_word' id='word_1_108' title='bbox 948 1733 1033 1819; x_wconf 88' lang='lat' dir='ltr'>petit</span> <span class='ocrx_word' id='word_1_109' title='bbox 1069 1755 1181 1798; x_wconf 86' lang='lat' dir='ltr'>uersus</span> <span class='ocrx_word' id='word_1_110' title='bbox 1217 1733 1386 1798; x_wconf 86' lang='lat' dir='ltr'>Decanum</span> <span class='ocrx_word' id='word_1_111' title='bbox 1425 1743 1463 1798; x_wconf 89' lang='lat' dir='ltr'>et</span> 
     </span>
     <span class='ocr_line' id='line_1_14' title="bbox 228 1837 1461 1926; baseline -0.003 -20"><span class='ocrx_word' id='word_1_112' title='bbox 228 1837 294 1878; x_wconf 55' lang='lat' dir='ltr'>“m</span> <span class='ocrx_word' id='word_1_113' title='bbox 351 1839 540 1926; x_wconf 80' lang='lat' dir='ltr'>Capitulum</span> <span class='ocrx_word' id='word_1_114' title='bbox 564 1839 595 1904; x_wconf 79' lang='lat' dir='ltr'>S.</span> <span class='ocrx_word' id='word_1_115' title='bbox 619 1837 712 1902; x_wconf 90' lang='lat' dir='ltr'>Pauli</span> <span class='ocrx_word' id='word_1_116' title='bbox 735 1837 900 1902; x_wconf 84' lang='lat' dir='ltr'>Londonie</span> <span class='ocrx_word' id='word_1_117' title='bbox 922 1859 1021 1902; x_wconf 87' lang='lat' dir='ltr'>unam</span> <span class='ocrx_word' id='word_1_118' title='bbox 1051 1837 1132 1924; x_wconf 91' lang='lat' dir='ltr'>uirg.</span> <span class='ocrx_word' id='word_1_119' title='bbox 1163 1845 1248 1901; x_wconf 86' lang='lat' dir='ltr'>terre</span> <span class='ocrx_word' id='word_1_120' title='bbox 1278 1845 1313 1902; x_wconf 88' lang='lat' dir='ltr'>et</span> <span class='ocrx_word' id='word_1_121' title='bbox 1343 1861 1371 1902; x_wconf 89' lang='lat' dir='ltr'>v.</span> <span class='ocrx_word' id='word_1_122' title='bbox 1395 1861 1461 1903; x_wconf 91' lang='lat' dir='ltr'>acr.</span> 
     </span>
     <span class='ocr_line' id='line_1_15' title="bbox 350 1941 1462 2030; baseline -0.002 -22"><span class='ocrx_word' id='word_1_123' title='bbox 350 1951 434 2008; x_wconf 86' lang='lat' dir='ltr'>terre</span> <span class='ocrx_word' id='word_1_124' title='bbox 458 1967 531 2008; x_wconf 92' lang='lat' dir='ltr'>cum</span> <span class='ocrx_word' id='word_1_125' title='bbox 551 1951 631 2030; x_wconf 89' lang='lat' dir='ltr'>pert.</span> <span class='ocrx_word' id='word_1_126' title='bbox 652 1943 687 2007; x_wconf 88' lang='lat' dir='ltr'>in</span> <span class='ocrx_word' id='word_1_127' title='bbox 711 1943 852 2008; x_wconf 84' lang='lat' dir='ltr'>Suttona</span> <span class='ocrx_word' id='word_1_128' title='bbox 871 1950 910 2006; x_wconf 92' lang='lat' dir='ltr'>ut</span> <span class='ocrx_word' id='word_1_129' title='bbox 928 1942 979 2006; x_wconf 90' lang='lat' dir='ltr'>ius</span> <span class='ocrx_word' id='word_1_130' title='bbox 999 1941 1144 2006; x_wconf 89' lang='lat' dir='ltr'>suumin</span> <span class='ocrx_word' id='word_1_131' title='bbox 1160 1965 1239 2027; x_wconf 86' lang='lat' dir='ltr'>quas</span> <span class='ocrx_word' id='word_1_132' title='bbox 1254 1965 1319 2006; x_wconf 88' lang='lat' dir='ltr'>non</span> <span class='ocrx_word' id='word_1_133' title='bbox 1335 1941 1462 2007; x_wconf 88' lang='lat' dir='ltr'>habent</span> 
     </span>
     <span class='ocr_line' id='line_1_16' title="bbox 349 2045 1462 2134; baseline -0.003 -21"><span class='ocrx_word' id='word_1_134' title='bbox 349 2047 529 2134; x_wconf 89' lang='lat' dir='ltr'>ingressum</span> <span class='ocrx_word' id='word_1_135' title='bbox 555 2047 618 2112; x_wconf 90' lang='lat' dir='ltr'>nisi</span> <span class='ocrx_word' id='word_1_136' title='bbox 644 2069 702 2133; x_wconf 86' lang='lat' dir='ltr'>per</span> <span class='ocrx_word' id='word_1_137' title='bbox 724 2047 918 2133; x_wconf 80' lang='lat' dir='ltr'>Magistrum</span> <span class='ocrx_word' id='word_1_138' title='bbox 948 2045 1138 2130; x_wconf 90' lang='lat' dir='ltr'>Philippum</span> <span class='ocrx_word' id='word_1_139' title='bbox 1160 2045 1201 2110; x_wconf 87' lang='lat' dir='ltr'>de</span> <span class='ocrx_word' id='word_1_140' title='bbox 1224 2045 1378 2110; x_wconf 82' lang='lat' dir='ltr'>Hsddam</span> <span class='ocrx_word' id='word_1_141' title='bbox 1401 2047 1462 2132; x_wconf 93' lang='lat' dir='ltr'>qui</span> 
     </span>
     <span class='ocr_line' id='line_1_17' title="bbox 230 2147 1461 2235; baseline 0.003 -25"><span class='ocrx_word' id='word_1_142' title='bbox 230 2171 296 2221; x_wconf 73' lang='grc' dir='ltr'>[τοι]</span> <span class='ocrx_word' id='word_1_143' title='bbox 351 2151 471 2216; x_wconf 87' lang='lat' dir='ltr'>iniuste</span> <span class='ocrx_word' id='word_1_144' title='bbox 502 2159 537 2216; x_wconf 88' lang='lat' dir='ltr'>et</span> <span class='ocrx_word' id='word_1_145' title='bbox 565 2151 633 2216; x_wconf 87' lang='lat' dir='ltr'>sine</span> <span class='ocrx_word' id='word_1_146' title='bbox 662 2150 807 2232; x_wconf 72' lang='lat' dir='ltr'>iudicio!</span> <span class='ocrx_word' id='word_1_147' title='bbox 826 2157 861 2214; x_wconf 91' lang='lat' dir='ltr'>et</span> <span class='ocrx_word' id='word_1_148' title='bbox 889 2157 963 2235; x_wconf 90' lang='lat' dir='ltr'>post</span> <span class='ocrx_word' id='word_1_149' title='bbox 992 2149 1051 2213; x_wconf 90' lang='lat' dir='ltr'>ult’</span> <span class='ocrx_word' id='word_1_150' title='bbox 1082 2157 1142 2214; x_wconf 88' lang='lat' dir='ltr'>etc.</span> <span class='ocrx_word' id='word_1_151' title='bbox 1172 2147 1248 2212; x_wconf 87' lang='lat' dir='ltr'>i&#39;nde</span> <span class='ocrx_word' id='word_1_152' title='bbox 1279 2148 1461 2214; x_wconf 84' lang='lat' dir='ltr'>disseisiuit</span> 
     </span>
     <span class='ocr_line' id='line_1_18' title="bbox 350 2251 1462 2338; baseline 0 -20"><span class='ocrx_word' id='word_1_153' title='bbox 350 2253 490 2318; x_wconf 86' lang='lat' dir='ltr'>eundem</span> <span class='ocrx_word' id='word_1_154' title='bbox 505 2253 706 2318; x_wconf 88' lang='lat' dir='ltr'>Willelmnm</span> <span class='ocrx_word' id='word_1_155' title='bbox 727 2252 775 2317; x_wconf 89' lang='lat' dir='ltr'>ita</span> <span class='ocrx_word' id='word_1_156' title='bbox 794 2251 881 2338; x_wconf 92' lang='lat' dir='ltr'>quod</span> <span class='ocrx_word' id='word_1_157' title='bbox 900 2251 1000 2316; x_wconf 86' lang='lat' dir='ltr'>assisa</span> <span class='ocrx_word' id='word_1_158' title='bbox 1018 2273 1103 2316; x_wconf 88' lang='lat' dir='ltr'>noue</span> <span class='ocrx_word' id='word_1_159' title='bbox 1124 2251 1291 2316; x_wconf 78' lang='lat' dir='ltr'>disseisine</span> <span class='ocrx_word' id='word_1_160' title='bbox 1309 2261 1345 2318; x_wconf 86' lang='lat' dir='ltr'>et</span> <span class='ocrx_word' id='word_1_161' title='bbox 1368 2253 1462 2318; x_wconf 89' lang='lat' dir='ltr'>uisus</span> 
     </span>
     <span class='ocr_line' id='line_1_19' title="bbox 349 2365 508 2423; baseline 0 -1"><span class='ocrx_word' id='word_1_162' title='bbox 349 2365 434 2422; x_wconf 88' lang='lat' dir='ltr'>terre</span> <span class='ocrx_word' id='word_1_163' title='bbox 449 2366 508 2423; x_wconf 88' lang='lat' dir='ltr'>etc.</span> 
     </span>
     <span class='ocr_line' id='line_1_20' title="bbox 416 2459 1462 2547; baseline 0 -21"><span class='ocrx_word' id='word_1_164' title='bbox 416 2463 459 2526; x_wconf 86' lang='lat' dir='ltr'>Et</span> <span class='ocrx_word' id='word_1_165' title='bbox 483 2463 633 2526; x_wconf 90' lang='lat' dir='ltr'>Decanus</span> <span class='ocrx_word' id='word_1_166' title='bbox 658 2471 691 2525; x_wconf 86' lang='lat' dir='ltr'>ct</span> <span class='ocrx_word' id='word_1_167' title='bbox 716 2461 907 2547; x_wconf 78' lang='lat' dir='ltr'>Capitulum</span> <span class='ocrx_word' id='word_1_168' title='bbox 928 2459 1067 2525; x_wconf 87' lang='lat' dir='ltr'>ueniunt</span> <span class='ocrx_word' id='word_1_169' title='bbox 1087 2469 1122 2526; x_wconf 89' lang='lat' dir='ltr'>et</span> <span class='ocrx_word' id='word_1_170' title='bbox 1144 2459 1259 2524; x_wconf 90' lang='lat' dir='ltr'>dicunt</span> <span class='ocrx_word' id='word_1_171' title='bbox 1282 2460 1370 2545; x_wconf 91' lang='lat' dir='ltr'>quod</span> <span class='ocrx_word' id='word_1_172' title='bbox 1392 2483 1462 2526; x_wconf 90' lang='lat' dir='ltr'>non</span> 
     </span>
     <span class='ocr_line' id='line_1_21' title="bbox 349 2563 1463 2650; baseline 0 -21"><span class='ocrx_word' id='word_1_173' title='bbox 349 2563 470 2630; x_wconf 90' lang='lat' dir='ltr'>dehent</span> <span class='ocrx_word' id='word_1_174' title='bbox 499 2565 530 2629; x_wconf 93' lang='lat' dir='ltr'>ei</span> <span class='ocrx_word' id='word_1_175' title='bbox 556 2563 747 2650; x_wconf 87' lang='lat' dir='ltr'>respondere</span> <span class='ocrx_word' id='word_1_176' title='bbox 770 2563 847 2649; x_wconf 89' lang='lat' dir='ltr'>quia</span> <span class='ocrx_word' id='word_1_177' title='bbox 868 2585 982 2627; x_wconf 85' lang='lat' dir='ltr'>reuera</span> <span class='ocrx_word' id='word_1_178' title='bbox 1003 2563 1077 2627; x_wconf 88' lang='lat' dir='ltr'>finis</span> <span class='ocrx_word' id='word_1_179' title='bbox 1099 2564 1203 2628; x_wconf 86' lang='lat' dir='ltr'>factus</span> <span class='ocrx_word' id='word_1_180' title='bbox 1226 2563 1291 2628; x_wconf 90' lang='lat' dir='ltr'>fuit</span> <span class='ocrx_word' id='word_1_181' title='bbox 1313 2565 1348 2629; x_wconf 91' lang='lat' dir='ltr'>in</span> <span class='ocrx_word' id='word_1_182' title='bbox 1367 2564 1463 2629; x_wconf 83' lang='lat' dir='ltr'>curia</span> 
     </span>
     <span class='ocr_line' id='line_1_22' title="bbox 350 2667 1462 2754; baseline 0.001 -23"><span class='ocrx_word' id='word_1_183' title='bbox 350 2667 445 2732; x_wconf 91' lang='lat' dir='ltr'>Dom.</span> <span class='ocrx_word' id='word_1_184' title='bbox 461 2667 561 2754; x_wconf 87' lang='lat' dir='ltr'>Regis</span> <span class='ocrx_word' id='word_1_185' title='bbox 581 2667 668 2732; x_wconf 89' lang='lat' dir='ltr'>inter</span> <span class='ocrx_word' id='word_1_186' title='bbox 686 2667 854 2732; x_wconf 87' lang='lat' dir='ltr'>Decanum</span> <span class='ocrx_word' id='word_1_187' title='bbox 873 2675 908 2730; x_wconf 90' lang='lat' dir='ltr'>et</span> <span class='ocrx_word' id='word_1_188' title='bbox 924 2667 1114 2752; x_wconf 82' lang='lat' dir='ltr'>Capitulum</span> <span class='ocrx_word' id='word_1_189' title='bbox 1132 2667 1164 2732; x_wconf 88' lang='lat' dir='ltr'>S.</span> <span class='ocrx_word' id='word_1_190' title='bbox 1180 2667 1281 2742; x_wconf 86' lang='lat' dir='ltr'>Pauli</span> <span class='ocrx_word' id='word_1_191' title='bbox 1290 2667 1462 2732; x_wconf 90' lang='lat' dir='ltr'>Londonie</span> 
     </span>
     <span class='ocr_line' id='line_1_23' title="bbox 349 2771 1462 2836; baseline 0.001 -1"><span class='ocrx_word' id='word_1_192' title='bbox 349 2779 384 2835; x_wconf 87' lang='lat' dir='ltr'>et</span> <span class='ocrx_word' id='word_1_193' title='bbox 400 2771 592 2836; x_wconf 84' lang='lat' dir='ltr'>Gemasium</span> <span class='ocrx_word' id='word_1_194' title='bbox 608 2771 648 2836; x_wconf 89' lang='lat' dir='ltr'>de</span> <span class='ocrx_word' id='word_1_195' title='bbox 664 2771 864 2836; x_wconf 82' lang='lat' dir='ltr'>Bramsordia</span> <span class='ocrx_word' id='word_1_196' title='bbox 878 2779 913 2836; x_wconf 88' lang='lat' dir='ltr'>et</span> <span class='ocrx_word' id='word_1_197' title='bbox 926 2771 1065 2835; x_wconf 84' lang='lat' dir='ltr'>Aliciam</span> <span class='ocrx_word' id='word_1_198' title='bbox 1077 2793 1210 2836; x_wconf 84' lang='lat' dir='ltr'>uxorem</span> <span class='ocrx_word' id='word_1_199' title='bbox 1223 2771 1294 2836; x_wconf 89' lang='lat' dir='ltr'>eius</span> <span class='ocrx_word' id='word_1_200' title='bbox 1305 2779 1462 2836; x_wconf 86' lang='lat' dir='ltr'>tenentes</span> 
     </span>
     <span class='ocr_line' id='line_1_24' title="bbox 349 2873 1463 2961; baseline 0.003 -24"><span class='ocrx_word' id='word_1_201' title='bbox 349 2873 518 2938; x_wconf 85' lang='lat' dir='ltr'>decadem</span> <span class='ocrx_word' id='word_1_202' title='bbox 534 2881 621 2938; x_wconf 85' lang='lat' dir='ltr'>terra</span> <span class='ocrx_word' id='word_1_203' title='bbox 633 2896 691 2960; x_wconf 88' lang='lat' dir='ltr'>per</span> <span class='ocrx_word' id='word_1_204' title='bbox 705 2873 946 2961; x_wconf 85' lang='lat' dir='ltr'>cirographum⁸</span> <span class='ocrx_word' id='word_1_205' title='bbox 960 2882 995 2938; x_wconf 87' lang='lat' dir='ltr'>et</span> <span class='ocrx_word' id='word_1_206' title='bbox 1012 2873 1099 2958; x_wconf 90' lang='lat' dir='ltr'>quod</span> <span class='ocrx_word' id='word_1_207' title='bbox 1120 2881 1262 2938; x_wconf 84' lang='lat' dir='ltr'>testatur</span> <span class='ocrx_word' id='word_1_208' title='bbox 1282 2873 1370 2960; x_wconf 92' lang='lat' dir='ltr'>quod</span> <span class='ocrx_word' id='word_1_209' title='bbox 1385 2885 1463 2960; x_wconf 86' lang='lat' dir='ltr'>post</span> 
     </span>
     <span class='ocr_line' id='line_1_25' title="bbox 349 2977 1463 3064; baseline 0.003 -23"><span class='ocrx_word' id='word_1_210' title='bbox 349 2985 487 3043; x_wconf 86' lang='lat' dir='ltr'>mortem</span> <span class='ocrx_word' id='word_1_211' title='bbox 511 2977 762 3064; x_wconf 87' lang='lat' dir='ltr'>uniuscuiusque</span> <span class='ocrx_word' id='word_1_212' title='bbox 784 2978 926 3064; x_wconf 91' lang='lat' dir='ltr'>ipsorum</span> <span class='ocrx_word' id='word_1_213' title='bbox 949 2977 1063 3042; x_wconf 88' lang='lat' dir='ltr'>debuit</span> <span class='ocrx_word' id='word_1_214' title='bbox 1093 2985 1181 3042; x_wconf 87' lang='lat' dir='ltr'>terra</span> <span class='ocrx_word' id='word_1_215' title='bbox 1209 2977 1267 3042; x_wconf 89' lang='lat' dir='ltr'>illa</span> <span class='ocrx_word' id='word_1_216' title='bbox 1291 3001 1463 3044; x_wconf 86' lang='lat' dir='ltr'>remanere</span> 
     </span>
     <span class='ocr_line' id='line_1_26' title="bbox 350 3081 1463 3170; baseline 0.002 -24"><span class='ocrx_word' id='word_1_217' title='bbox 350 3081 481 3146; x_wconf 85' lang='lat' dir='ltr'>Decano</span> <span class='ocrx_word' id='word_1_218' title='bbox 496 3091 530 3146; x_wconf 91' lang='lat' dir='ltr'>et</span> <span class='ocrx_word' id='word_1_219' title='bbox 553 3083 707 3170; x_wconf 90' lang='lat' dir='ltr'>Capitulo</span> <span class='ocrx_word' id='word_1_220' title='bbox 726 3092 761 3148; x_wconf 90' lang='lat' dir='ltr'>et</span> <span class='ocrx_word' id='word_1_221' title='bbox 783 3082 915 3147; x_wconf 82' lang='lat' dir='ltr'>ecclesie</span> <span class='ocrx_word' id='word_1_222' title='bbox 938 3082 970 3148; x_wconf 86' lang='lat' dir='ltr'>S.</span> <span class='ocrx_word' id='word_1_223' title='bbox 994 3081 1088 3146; x_wconf 92' lang='lat' dir='ltr'>Pauli</span> <span class='ocrx_word' id='word_1_224' title='bbox 1108 3088 1143 3146; x_wconf 86' lang='lat' dir='ltr'>ct</span> <span class='ocrx_word' id='word_1_225' title='bbox 1165 3081 1228 3168; x_wconf 90' lang='lat' dir='ltr'>ipsi</span> <span class='ocrx_word' id='word_1_226' title='bbox 1250 3082 1317 3146; x_wconf 89' lang='lat' dir='ltr'>iam</span> <span class='ocrx_word' id='word_1_227' title='bbox 1336 3084 1463 3148; x_wconf 90' lang='lat' dir='ltr'>mortui</span> 
     </span>
     <span class='ocr_line' id='line_1_27' title="bbox 349 3184 1464 3272; baseline 0 -22"><span class='ocrx_word' id='word_1_228' title='bbox 349 3193 427 3250; x_wconf 89' lang='lat' dir='ltr'>sunt</span> <span class='ocrx_word' id='word_1_229' title='bbox 452 3194 487 3250; x_wconf 84' lang='lat' dir='ltr'>et</span> <span class='ocrx_word' id='word_1_230' title='bbox 511 3185 574 3271; x_wconf 90' lang='lat' dir='ltr'>ipsi</span> <span class='ocrx_word' id='word_1_231' title='bbox 599 3209 657 3272; x_wconf 91' lang='lat' dir='ltr'>per</span> <span class='ocrx_word' id='word_1_232' title='bbox 682 3209 736 3252; x_wconf 87' lang='lat' dir='ltr'>eos</span> <span class='ocrx_word' id='word_1_233' title='bbox 759 3186 909 3250; x_wconf 83' lang='lat' dir='ltr'>saisinam</span> <span class='ocrx_word' id='word_1_234' title='bbox 932 3193 967 3250; x_wconf 88' lang='lat' dir='ltr'>et</span> <span class='ocrx_word' id='word_1_235' title='bbox 989 3184 1171 3272; x_wconf 89' lang='lat' dir='ltr'>ingressum</span> <span class='ocrx_word' id='word_1_236' title='bbox 1193 3184 1317 3250; x_wconf 87' lang='lat' dir='ltr'>habent</span> <span class='ocrx_word' id='word_1_237' title='bbox 1339 3194 1375 3250; x_wconf 88' lang='lat' dir='ltr'>et</span> <span class='ocrx_word' id='word_1_238' title='bbox 1399 3208 1464 3272; x_wconf 88' lang='lat' dir='ltr'>per</span> 
     </span>
     <span class='ocr_line' id='line_1_28' title="bbox 349 3289 1464 3376; baseline 0.002 -22"><span class='ocrx_word' id='word_1_239' title='bbox 349 3289 531 3374; x_wconf 90' lang='lat' dir='ltr'>predictum</span> <span class='ocrx_word' id='word_1_240' title='bbox 555 3291 663 3368; x_wconf 90' lang='lat' dir='ltr'>finem,</span> <span class='ocrx_word' id='word_1_241' title='bbox 690 3299 724 3356; x_wconf 88' lang='lat' dir='ltr'>et</span> <span class='ocrx_word' id='word_1_242' title='bbox 747 3291 830 3356; x_wconf 87' lang='lat' dir='ltr'>bene</span> <span class='ocrx_word' id='word_1_243' title='bbox 854 3291 1034 3355; x_wconf 86' lang='lat' dir='ltr'>defendunt</span> <span class='ocrx_word' id='word_1_244' title='bbox 1060 3289 1147 3376; x_wconf 92' lang='lat' dir='ltr'>quod</span> <span class='ocrx_word' id='word_1_245' title='bbox 1176 3290 1304 3354; x_wconf 89' lang='lat' dir='ltr'>nullum</span> <span class='ocrx_word' id='word_1_246' title='bbox 1334 3291 1464 3356; x_wconf 89' lang='lat' dir='ltr'>hahent</span> 
     </span>
     <span class='ocr_line' id='line_1_29' title="bbox 331 3389 1463 3478; baseline 0.003 -23"><span class='ocrx_word' id='word_1_247' title='bbox 331 3389 529 3477; x_wconf 49' lang='lat' dir='ltr'>‘ingressum</span> <span class='ocrx_word' id='word_1_248' title='bbox 551 3415 609 3477; x_wconf 86' lang='lat' dir='ltr'>per</span> <span class='ocrx_word' id='word_1_249' title='bbox 629 3392 811 3477; x_wconf 90' lang='lat' dir='ltr'>predictum</span> <span class='ocrx_word' id='word_1_250' title='bbox 835 3391 1028 3478; x_wconf 80' lang='lat' dir='ltr'>Magistrum</span> <span class='ocrx_word' id='word_1_251' title='bbox 1052 3391 1251 3478; x_wconf 90' lang='lat' dir='ltr'>Philippum,</span> <span class='ocrx_word' id='word_1_252' title='bbox 1274 3400 1309 3457; x_wconf 85' lang='lat' dir='ltr'>et</span> <span class='ocrx_word' id='word_1_253' title='bbox 1330 3392 1463 3458; x_wconf 85' lang='lat' dir='ltr'>desicut</span> 
     </span>
     <span class='ocr_line' id='line_1_30' title="bbox 349 3493 1463 3580; baseline 0.004 -24"><span class='ocrx_word' id='word_1_254' title='bbox 349 3493 533 3558; x_wconf 88' lang='lat' dir='ltr'>continetur</span> <span class='ocrx_word' id='word_1_255' title='bbox 552 3495 586 3560; x_wconf 90' lang='lat' dir='ltr'>in</span> <span class='ocrx_word' id='word_1_256' title='bbox 606 3495 699 3560; x_wconf 86' lang='lat' dir='ltr'>breui</span> <span class='ocrx_word' id='word_1_257' title='bbox 718 3494 804 3580; x_wconf 92' lang='lat' dir='ltr'>quod</span> <span class='ocrx_word' id='word_1_258' title='bbox 826 3495 949 3559; x_wconf 88' lang='lat' dir='ltr'>habent</span> <span class='ocrx_word' id='word_1_259' title='bbox 969 3493 1149 3580; x_wconf 86' lang='lat' dir='ltr'>ingressum</span> <span class='ocrx_word' id='word_1_260' title='bbox 1172 3494 1346 3559; x_wconf 85' lang='lat' dir='ltr'>interram</span> <span class='ocrx_word' id='word_1_261' title='bbox 1367 3496 1463 3561; x_wconf 90' lang='lat' dir='ltr'>illam</span> 
     </span>
     <span class='ocr_line' id='line_1_31' title="bbox 348 3596 1463 3686; baseline 0.005 -26"><span class='ocrx_word' id='word_1_262' title='bbox 348 3596 524 3682; x_wconf 86' lang='lat' dir='ltr'>peripsum</span> <span class='ocrx_word' id='word_1_263' title='bbox 540 3597 733 3686; x_wconf 75' lang='lat' dir='ltr'>Magistrum</span> <span class='ocrx_word' id='word_1_264' title='bbox 749 3599 937 3684; x_wconf 90' lang='lat' dir='ltr'>Philippum</span> <span class='ocrx_word' id='word_1_265' title='bbox 952 3607 987 3663; x_wconf 92' lang='lat' dir='ltr'>et</span> <span class='ocrx_word' id='word_1_266' title='bbox 1002 3621 1067 3662; x_wconf 90' lang='lat' dir='ltr'>non</span> <span class='ocrx_word' id='word_1_267' title='bbox 1082 3599 1206 3664; x_wconf 88' lang='lat' dir='ltr'>hahent</span> <span class='ocrx_word' id='word_1_268' title='bbox 1221 3599 1284 3664; x_wconf 86' lang='lat' dir='ltr'>nisi</span> <span class='ocrx_word' id='word_1_269' title='bbox 1299 3621 1357 3684; x_wconf 86' lang='lat' dir='ltr'>per</span> <span class='ocrx_word' id='word_1_270' title='bbox 1371 3600 1463 3685; x_wconf 86' lang='lat' dir='ltr'>ipsos</span> 
     </span>
     <span class='ocr_line' id='line_1_32' title="bbox 350 3700 1462 3789; baseline 0.004 -25"><span class='ocrx_word' id='word_1_271' title='bbox 350 3700 541 3765; x_wconf 87' lang='lat' dir='ltr'>Geruasium</span> <span class='ocrx_word' id='word_1_272' title='bbox 556 3710 591 3765; x_wconf 90' lang='lat' dir='ltr'>et</span> <span class='ocrx_word' id='word_1_273' title='bbox 606 3701 816 3766; x_wconf 88' lang='lat' dir='ltr'>Matillidem⁴</span> <span class='ocrx_word' id='word_1_274' title='bbox 834 3715 868 3768; x_wconf 92' lang='lat' dir='ltr'>et</span> <span class='ocrx_word' id='word_1_275' title='bbox 889 3725 946 3788; x_wconf 84' lang='lat' dir='ltr'>per</span> <span class='ocrx_word' id='word_1_276' title='bbox 965 3703 1064 3768; x_wconf 86' lang='lat' dir='ltr'>finem</span> <span class='ocrx_word' id='word_1_277' title='bbox 1079 3703 1173 3767; x_wconf 91' lang='lat' dir='ltr'>illum</span> <span class='ocrx_word' id='word_1_278' title='bbox 1195 3703 1311 3767; x_wconf 89' lang='lat' dir='ltr'>nolunt</span> <span class='ocrx_word' id='word_1_279' title='bbox 1326 3725 1462 3789; x_wconf 86' lang='lat' dir='ltr'>respon·</span> 
     </span>
     <span class='ocr_line' id='line_1_33' title="bbox 349 3804 1464 3874; baseline 0.005 -6"><span class='ocrx_word' id='word_1_280' title='bbox 349 3804 424 3869; x_wconf 86' lang='lat' dir='ltr'>dere</span> <span class='ocrx_word' id='word_1_281' title='bbox 448 3804 511 3870; x_wconf 86' lang='lat' dir='ltr'>nisi</span> <span class='ocrx_word' id='word_1_282' title='bbox 536 3805 625 3870; x_wconf 88' lang='lat' dir='ltr'>curia</span> <span class='ocrx_word' id='word_1_283' title='bbox 653 3805 910 3873; x_wconf 88' lang='lat' dir='ltr'>considerauerit.</span> <span class='ocrx_word' id='word_1_284' title='bbox 957 3808 1000 3872; x_wconf 88' lang='lat' dir='ltr'>Et</span> <span class='ocrx_word' id='word_1_285' title='bbox 1028 3807 1101 3873; x_wconf 89' lang='lat' dir='ltr'>ideo</span> <span class='ocrx_word' id='word_1_286' title='bbox 1131 3808 1380 3874; x_wconf 87' lang='lat' dir='ltr'>Consideratum</span> <span class='ocrx_word' id='word_1_287' title='bbox 1406 3818 1464 3874; x_wconf 87' lang='lat' dir='ltr'>est</span> 
     </span>
     <span class='ocr_line' id='line_1_34' title="bbox 348 3907 1462 3996; baseline 0.006 -25"><span class='ocrx_word' id='word_1_288' title='bbox 348 3907 434 3994; x_wconf 93' lang='lat' dir='ltr'>quod</span> <span class='ocrx_word' id='word_1_289' title='bbox 454 3909 606 3974; x_wconf 82' lang='lat' dir='ltr'>Decanus</span> <span class='ocrx_word' id='word_1_290' title='bbox 626 3919 662 3976; x_wconf 90' lang='lat' dir='ltr'>et</span> <span class='ocrx_word' id='word_1_291' title='bbox 685 3911 875 3996; x_wconf 78' lang='lat' dir='ltr'>Capitulum</span> <span class='ocrx_word' id='word_1_292' title='bbox 897 3912 973 3977; x_wconf 91' lang='lat' dir='ltr'>inde</span> <span class='ocrx_word' id='word_1_293' title='bbox 995 3912 1064 3977; x_wconf 88' lang='lat' dir='ltr'>sine</span> <span class='ocrx_word' id='word_1_294' title='bbox 1087 3912 1140 3977; x_wconf 87' lang='lat' dir='ltr'>dic</span> <span class='ocrx_word' id='word_1_295' title='bbox 1163 3921 1198 3978; x_wconf 87' lang='lat' dir='ltr'>et</span> <span class='ocrx_word' id='word_1_296' title='bbox 1217 3913 1403 3978; x_wconf 88' lang='lat' dir='ltr'>Willelmus</span> <span class='ocrx_word' id='word_1_297' title='bbox 1424 3914 1462 3978; x_wconf 92' lang='lat' dir='ltr'>in</span> 
     </span>
     <span class='ocr_line' id='line_1_35' title="bbox 135 4011 1421 4102; baseline 0.005 -27"><span class='ocrx_word' id='word_1_298' title='bbox 135 4083 138 4096; x_wconf 30' lang='lat'>⁸</span> <span class='ocrx_word' id='word_1_299' title='bbox 350 4011 565 4078; x_wconf 87' lang='lat' dir='ltr'>misericordia</span> <span class='ocrx_word' id='word_1_300' title='bbox 580 4023 614 4078; x_wconf 87' lang='lat' dir='ltr'>et</span> <span class='ocrx_word' id='word_1_301' title='bbox 629 4015 795 4100; x_wconf 85' lang='lat' dir='ltr'>perquirat</span> <span class='ocrx_word' id='word_1_302' title='bbox 809 4016 872 4080; x_wconf 88' lang='lat' dir='ltr'>sibi</span> <span class='ocrx_word' id='word_1_303' title='bbox 886 4039 944 4102; x_wconf 90' lang='lat' dir='ltr'>per</span> <span class='ocrx_word' id='word_1_304' title='bbox 958 4017 1058 4082; x_wconf 91' lang='lat' dir='ltr'>breue</span> <span class='ocrx_word' id='word_1_305' title='bbox 1073 4017 1114 4082; x_wconf 90' lang='lat' dir='ltr'>de</span> <span class='ocrx_word' id='word_1_306' title='bbox 1129 4027 1218 4082; x_wconf 85' lang='lat' dir='ltr'>recto</span> <span class='ocrx_word' id='word_1_307' title='bbox 1229 4017 1257 4082; x_wconf 84' lang='lat' dir='ltr'>si</span> <span class='ocrx_word' id='word_1_308' title='bbox 1271 4017 1421 4082; x_wconf 87' lang='lat' dir='ltr'>uoluerit.</span> 
     </span>
     <span class='ocr_line' id='line_1_36' title="bbox 226 4118 1465 4187; baseline 0.001 -3"><span class='ocrx_word' id='word_1_309' title='bbox 226 4124 297 4187; x_wconf 78' lang='lat'><em>494.</em></span> <span class='ocrx_word' id='word_1_310' title='bbox 415 4118 575 4183; x_wconf 86' lang='lat' dir='ltr'>Radulfus</span> <span class='ocrx_word' id='word_1_311' title='bbox 590 4119 630 4183; x_wconf 90' lang='lat' dir='ltr'>de</span> <span class='ocrx_word' id='word_1_312' title='bbox 646 4119 800 4184; x_wconf 90' lang='lat' dir='ltr'>Neouilla</span> <span class='ocrx_word' id='word_1_313' title='bbox 815 4120 929 4184; x_wconf 87' lang='lat' dir='ltr'>Simon</span> <span class='ocrx_word' id='word_1_314' title='bbox 949 4121 990 4186; x_wconf 89' lang='lat' dir='ltr'>de</span> <span class='ocrx_word' id='word_1_315' title='bbox 1012 4121 1244 4187; x_wconf 84' lang='lat' dir='ltr'>Cockeiculdia</span> <span class='ocrx_word' id='word_1_316' title='bbox 1264 4129 1299 4186; x_wconf 91' lang='lat' dir='ltr'>et</span> <span class='ocrx_word' id='word_1_317' title='bbox 1319 4121 1465 4186; x_wconf 86' lang='lat' dir='ltr'>Isahella</span> 
     </span>
    </p>
   </div>
   <div class='ocr_carea' id='block_1_3' title="bbox 231 4223 1462 4311">
    <p class='ocr_par' dir='ltr' id='par_1_3' title="bbox 231 4223 1462 4311">
     <span class='ocr_line' id='line_1_37' title="bbox 231 4223 1462 4311; baseline 0.002 -24"><span class='ocrx_word' id='word_1_318' title='bbox 231 4225 293 4264; x_wconf 57' lang='grc' dir='ltr'>Μ·</span> <span class='ocrx_word' id='word_1_319' title='bbox 350 4245 430 4288; x_wconf 83' lang='lat' dir='ltr'>uxor</span> <span class='ocrx_word' id='word_1_320' title='bbox 448 4223 519 4288; x_wconf 86' lang='lat' dir='ltr'>eius</span> <span class='ocrx_word' id='word_1_321' title='bbox 539 4223 727 4288; x_wconf 87' lang='lat' dir='ltr'>summoniti</span> <span class='ocrx_word' id='word_1_322' title='bbox 748 4225 881 4288; x_wconf 86' lang='lat' dir='ltr'>fuerunt</span> <span class='ocrx_word' id='word_1_323' title='bbox 896 4225 938 4290; x_wconf 91' lang='lat' dir='ltr'>ad</span> <span class='ocrx_word' id='word_1_324' title='bbox 953 4225 1212 4311; x_wconf 88' lang='lat' dir='ltr'>respondendum</span> <span class='ocrx_word' id='word_1_325' title='bbox 1229 4225 1398 4290; x_wconf 86' lang='lat' dir='ltr'>Gileberto</span> <span class='ocrx_word' id='word_1_326' title='bbox 1418 4227 1462 4291; x_wconf 89' lang='lat' dir='ltr'>de</span> 
     </span>
    </p>
   </div>
   <div class='ocr_carea' id='block_1_4' title="bbox 379 4382 1343 4516">
    <p class='ocr_par' dir='ltr' id='par_1_4' title="bbox 379 4382 1343 4516">
     <span class='ocr_line' id='line_1_38' title="bbox 380 4382 1343 4450; baseline 0.001 -17"><span class='ocrx_word' id='word_1_327' title='bbox 380 4385 388 4416; x_wconf 86' lang='lat'>¹</span> <span class='ocrx_word' id='word_1_328' title='bbox 406 4383 486 4447; x_wconf 75' lang='lat' dir='ltr'>Hugh</span> <span class='ocrx_word' id='word_1_329' title='bbox 496 4384 525 4434; x_wconf 83' lang='lat' dir='ltr'>of</span> <span class='ocrx_word' id='word_1_330' title='bbox 531 4383 620 4434; x_wconf 85' lang='lat' dir='ltr'>Wells.</span> <span class='ocrx_word' id='word_1_331' title='bbox 948 4382 960 4415; x_wconf 84' lang='lat'>⁸</span> <span class='ocrx_word' id='word_1_332' title='bbox 976 4383 1076 4448; x_wconf 82' lang='lat' dir='ltr'>Supply</span> <span class='ocrx_word' id='word_1_333' title='bbox 1086 4385 1152 4449; x_wconf 69' lang='lat' dir='ltr'>prod</span> <span class='ocrx_word' id='word_1_334' title='bbox 1161 4387 1291 4448; x_wconf 80' lang='lat' dir='ltr'>proferunt</span> <span class='ocrx_word' id='word_1_335' title='bbox 1305 4383 1343 4450; x_wconf 75' lang='lat' dir='ltr'>(ll.</span> 
     </span>
     <span class='ocr_line' id='line_1_39' title="bbox 379 4449 1222 4516; baseline 0 -16"><span class='ocrx_word' id='word_1_336' title='bbox 379 4451 389 4481; x_wconf 81' lang='lat'><strong>¹</strong></span> <span class='ocrx_word' id='word_1_337' title='bbox 406 4459 430 4500; x_wconf 79' lang='lat' dir='ltr'>et</span> <span class='ocrx_word' id='word_1_338' title='bbox 441 4449 567 4513; x_wconf 80' lang='lat' dir='ltr'>repeated.</span> <span class='ocrx_word' id='word_1_339' title='bbox 949 4451 959 4481; x_wconf 77' lang='lat'><strong>⁴</strong></span> <span class='ocrx_word' id='word_1_340' title='bbox 976 4449 1045 4500; x_wconf 80' lang='lat' dir='ltr'>Gerr.</span> <span class='ocrx_word' id='word_1_341' title='bbox 1058 4453 1169 4501; x_wconf 80' lang='lat' dir='ltr'>Alicium</span> <span class='ocrx_word' id='word_1_342' title='bbox 1182 4451 1222 4516; x_wconf 87' lang='lat'><strong>(?).</strong></span> 
     </span>
    </p>
   </div>
   <div class='ocr_carea' id='block_1_5' title="bbox 1594 4867 1600 5201">
    <p class='ocr_par' dir='ltr' id='par_1_5' title="bbox 1594 4867 1600 5201">
     <span class='ocr_line' id='line_1_40' title="bbox 1594 4867 1600 5201; baseline 0 0"><span class='ocrx_word' id='word_1_343' title='bbox 1594 4867 1600 5201; x_wconf 84' lang='lat' dir='ltr'>l</span> 
     </span>
    </p>
   </div>
   <div class='ocr_carea' id='block_1_6' title="bbox 0 0 1615 5230">
    <p class='ocr_par' dir='ltr' id='par_1_6' title="bbox 0 0 1615 5230">
     <span class='ocr_line' id='line_1_41' title="bbox 0 0 1615 5230; baseline 0 0"><span class='ocrx_word' id='word_1_344' title='bbox 0 0 1615 5230; x_wconf 95' lang='lat' dir='ltr'> </span> 
     </span>
    </p>
   </div>
  </div>
 </body>
</html>
