3276 5234
359 437 423 500 208
663 448 800 508 unsrun,
822 447 887 497 uu.
912 431 1006 509 1227,
1028 448 1091 496 sn.
1116 434 1166 496 11.

358 621 409 686 ius
424 622 454 686 J.
471 621 690 686 Bettoniensis
705 620 855 706 Episcopi
870 628 905 686 et
920 619 1052 685 ecclesie
1067 642 1124 684 sue
1140 618 1311 684 Wellensis
1326 625 1360 682 et
1375 617 1464 682 illem

359 726 390 792 ei
405 725 592 812 recognouit
607 724 845 810 inperpetuum

425 828 637 916 ¹Dyumende
665 851 728 914 que
758 827 822 892 fuit
851 849 933 891 uxor
958 825 1089 890 Ricardi
1113 826 1217 890 Lucet
1240 825 1326 910 petit
1352 845 1465 888 uersus

261 945 286 974 ⁰¹¹
359 933 560 998 Herbertum
591 931 753 998 Clericum
783 929 995 995 medietatem
1024 951 1067 994 cc.
1097 950 1244 992 acrarum
1274 935 1358 992 terre
1390 948 1464 990 cum

357 1047 437 1125 pert.
465 1037 499 1102 in
522 1037 768 1123 Dungemareys
790 1043 829 1100 ut
853 1035 963 1100 dotem
989 1057 1091 1110 suam,
1112 1032 1199 1098 unde
1222 1031 1387 1118 predictus
1409 1029 1466 1094 Ri-

358 1141 472 1207 cardus
487 1149 547 1205 etc.

424 1244 468 1308 Et
497 1242 679 1307 Herbertus
707 1241 801 1306 uenit
830 1249 865 1306 et
893 1239 975 1304 dicit
1003 1239 1089 1326 quod
1115 1260 1180 1303 non
1208 1246 1317 1324 potest
1346 1245 1467 1302 terrem

359 1346 483 1423 lucrari,
498 1346 552 1410 uel
572 1345 715 1432 perdere,
731 1345 808 1431 quie
828 1367 893 1408 non
915 1351 1008 1408 tenet
1029 1344 1119 1408 illam
1140 1342 1204 1408 nisi
1225 1341 1268 1407 ed
1290 1341 1466 1406 terminum

358 1449 399 1514 de
417 1448 548 1513 Abbute
569 1447 610 1512 de
633 1447 733 1524 Bello,
755 1455 789 1512 et
812 1447 896 1512 bene
920 1447 1084 1532 cognoscit
1113 1445 1200 1532 quod
1228 1444 1387 1510 Ricardus
1416 1445 1468 1508 uir

359 1573 437 1616 suus
452 1549 533 1614 obiit
548 1549 678 1614 seisitus
692 1558 726 1614 et
741 1571 846 1635 nuper
863 1549 954 1625 obiit,
969 1557 1003 1613 et
1025 1548 1195 1612 iusticiarii
1214 1547 1468 1612 concordantur¹

360 1655 446 1740 quod
466 1654 552 1718 idem
573 1653 730 1718 Ricerdus
752 1676 866 1739 parum
889 1662 965 1718 ante
988 1661 1126 1717 mortem
1148 1675 1240 1717 suem
1262 1652 1469 1737 recuperauit

360 1764 480 1821 terrem
504 1755 593 1820 illem
617 1777 730 1820 uersus
751 1755 891 1820 eundem
917 1755 1091 1832 Abbatem,
1117 1763 1152 1820 ct
1177 1754 1250 1820 ideo
1275 1764 1467 1840 preceptum

361 1869 411 1925 est
426 1859 609 1926 uicccomiti
624 1859 710 1945 quod
724 1859 843 1950 bebere
859 1859 957 1926 faciet
977 1859 1084 1924 eidem
1103 1859 1295 1945 Dyemende
1315 1859 1467 1924 seisinem

361 1985 453 2028 suem
476 1962 515 2026 de
538 1961 735 2027 medietate⁸
757 1963 860 2027 tocius
890 1970 974 2027 terre
1004 1962 1091 2027 unde
1121 1962 1280 2027 Ricardus
1308 1962 1361 2026 uir
1389 1984 1468 2026 suus

361 2066 443 2131 obiit
462 2064 591 2130 seisitus
611 2075 650 2130 ut
670 2065 711 2130 de
733 2065 834 2143 feodo,
857 2073 892 2130 et
915 2064 1002 2151 quod
1024 2065 1136 2130 Abbas
1160 2075 1405 2131 summoneatur
1425 2065 1468 2130 ed

361 2170 619 2256 respondendum
634 2192 698 2255 quo
713 2177 855 2234 carunto
870 2169 1024 2234 deforciut
1039 2170 1213 2235 heredibus
1233 2170 1322 2236 illius
1336 2170 1468 2236 Ricerdi

361 2281 481 2338 terrum
498 2273 588 2337 illum
603 2295 702 2359 quam
721 2272 808 2337 idem
826 2272 984 2338 Ricardus
1004 2295 1109 2358 nuper
1128 2274 1333 2360 recuperauit
1354 2297 1468 2340 uersus

363 2376 501 2441 eundem
525 2375 691 2440 Abbetem
712 2374 747 2438 in
769 2375 859 2440 curia
879 2374 1004 2441 domini
1029 2375 1129 2462 Regis
1154 2399 1261 2440 coram
1283 2375 1469 2442 iusticiuriis

361 2488 443 2567 aput
457 2480 791 2545 Westmonssterium

427 2581 558 2646 ‘Abbas
577 2582 608 2647 S.
625 2581 726 2644 Maris
748 2580 788 2645 de
810 2581 953 2646 Eboruco
975 2581 1175 2648 attechietus
1189 2583 1253 2648 fuit
1275 2584 1317 2648 ed
1338 2605 1469 2669 respon-

362 2685 504 2750 dendum
527 2683 685 2749 Nicholuo
708 2682 750 2748 de
773 2685 973 2749 Estuteuillu
993 2709 1092 2771 quare
1114 2709 1179 2752 non
1202 2696 1294 2752 tenet
1316 2688 1348 2752 ei
1370 2687 1469 2752 finem

362 2790 484 2854 fectum
507 2789 541 2853 in
564 2789 653 2854 curis
673 2789 767 2854 Dom
790 2789 822 2856 J.
840 2789 940 2876 Regis
961 2813 1068 2855 corum
1090 2790 1276 2856 iusticisriis
1298 2792 1365 2856 suis
1386 2801 1469 2878 aput

362 2891 571 2979 Wyntoniem
592 2891 679 2956 inter
700 2891 808 2978 ipsum
829 2891 995 2958 Abbetem
1016 2902 1184 2979 petentem
1208 2903 1243 2960 et
1273 2895 1469 2960 Nicbolaum

361 2996 403 3062 de
428 2997 627 3062 Estuteuilla
655 3005 783 3082 petrem
809 2997 947 3082 predicti
976 2998 1129 3064 Nicholsi
1157 2999 1249 3064 cuius
1278 3000 1372 3065 heres
1400 3001 1470 3086 ipse

362 3110 413 3167 est
436 3110 604 3166 tenentem
629 3101 670 3166 de
692 3125 864 3166 commune
893 3102 981 3167 bosci
1010 3111 1044 3168 et
1073 3112 1206 3189 pusture
1234 3104 1275 3169 de
1305 3105 1471 3184 Heutona,

363 3207 563 3291 Speuntone‚
578 3213 613 3268 et
633 3204 812 3270 Ferendalc
832 3205 919 3270 unde
938 3207 1174 3292 cyrographum
1196 3217 1256 3273 etc.
1272 3209 1360 3274 unde
1381 3209 1469 3276 idem

363 3308 541 3374 Nicholsus
571 3308 718 3395 queritur
748 3309 834 3395 quod
863 3309 990 3374 desicut
1018 3311 1107 3378 idem
1136 3313 1248 3378 Abbcs
1276 3337 1342 3380 non
1371 3314 1471 3382 debet

362 3413 481 3478 hebere
501 3412 564 3477 nisi
584 3435 789 3477 communem
811 3412 858 3477 ibi
879 3413 920 3478 de
940 3414 1057 3480 boscho
1079 3415 1122 3480 ed
1143 3416 1323 3483 ardendum
1344 3428 1380 3484 et
1402 3419 1469 3484 edi-

362 3515 525 3581 ficandum
555 3524 590 3580 et
618 3537 823 3580 communem
853 3517 1048 3583 animalibus
1077 3519 1144 3585 suis
1173 3529 1207 3586 et
1242 3522 1352 3608 porcis,
1382 3523 1470 3589 idem

362 3621 474 3686 Abbes
489 3620 604 3686 uendit
619 3628 653 3684 et
668 3619 808 3684 destruit
822 3621 954 3686 boscum
974 3622 1023 3686 ite
1037 3623 1123 3709 quod
1138 3623 1352 3692 deterioretus
1370 3636 1421 3693 est
1436 3639 1471 3694 et

362 3723 611 3810 dumpnificetus
625 3723 667 3788 ad
682 3723 862 3790 uelenciem
877 3725 918 3790 xb
935 3725 1004 3790 libr.
1050 3727 1094 3791 Et
1109 3727 1221 3793 Abbss
1235 3729 1329 3794 uenit
1340 3738 1375 3795 et
1386 3731 1470 3798 bene

363 3828 526 3916 cognoscit
541 3829 638 3892 finem
658 3827 761 3905 illum,
777 3836 827 3893 eet
847 3851 912 3893 non
931 3828 1030 3895 debet
1049 3831 1091 3896 sd
1106 3833 1205 3898 finem
1224 3833 1318 3899 illum
1339 3857 1471 3921 respon-

364 3933 445 3997 dere
463 3931 540 4018 quie
562 3931 741 3996 Nicholeus
763 3939 858 4017 peter
878 3933 982 4018 ipsius
1010 3934 1163 4002 Nicholei
1184 3936 1243 4022 qui
1271 3937 1370 4003 finem
1392 3939 1471 4004 fecit

365 4037 505 4102 eundem
534 4036 633 4102 finem
661 4045 775 4122 postea
798 4035 927 4114 defecit,
953 4038 1031 4125 quis
1055 4039 1124 4126 ipse
1149 4041 1284 4106 accessit
1307 4042 1349 4107 ad
1374 4043 1469 4110 Dom.

364 4141 490 4228 Regem
513 4148 548 4205 et
569 4148 700 4204 tentum
723 4140 800 4206 fecit
825 4164 900 4206 cum
929 4143 1023 4211 Dom.
1054 4145 1145 4232 Rege
1175 4146 1261 4233 quod
1291 4146 1471 4232 inpetrauit

223 4243 227 4252 '
363 4246 407 4312 ab
424 4267 462 4310 eo
477 4243 814 4330 quodperembuletio
834 4245 927 4311 fieret
946 4245 1034 4312 inter
1055 4254 1174 4312 terrum
1193 4247 1296 4335 ipsius
1318 4249 1351 4314 N
1353 4249 1471 4315 icholai

396 4407 454 4457 ιΒ.
466 4421 501 4458 m.
515 4405 567 4456 bd
975 4408 1113 4460 ’Observa
1125 4409 1397 4463 theKentisbdower.

396 4473 407 4505 ²
422 4473 595 4531 recordantur,
606 4470 636 4522 B.
975 4477 987 4508 ⁴
1002 4474 1034 4525 B.
1045 4489 1081 4524 m.
1094 4475 1144 4526 td.
