3314 5238
280 443 287 456 ·
393 426 1077 500 u1cnrnnms,uo.1231,nn15-1o.
1181 428 1287 496 -477

174 603 280 689 ipsius
296 605 424 672 Decani
439 606 602 693 quoddam
618 615 844 672 tenementum
859 631 917 694 pro
932 609 1007 685 dim·
1024 632 1118 675 marc.
1133 632 1193 697 per
1205 633 1287 688 ann,

173 715 209 770 et
239 706 393 794 Rogems
419 709 511 776 dedit
540 709 596 794 iiij.
621 710 675 774 sol.
703 710 743 774 de
769 709 914 796 predicto
939 711 1069 776 redditu
1095 713 1130 778 in
1153 714 1287 780 liberem

172 812 391 878 elemosinam
406 814 530 879 Abbati
550 814 591 878 de
606 814 820 880 Messendena
839 823 873 880 et
888 816 941 900 xij.
957 815 1028 881 den.
1045 817 1136 883 dedit
1156 819 1287 885 ecclesie

170 915 213 980 de
233 916 427 982 Wendoure
449 917 535 982 unde
557 917 644 982 idem
668 917 819 982 Decanus
841 926 891 983 est
913 941 1049 1004 persona
1069 921 1110 986 ad
1126 921 1288 1008 quandam

171 1019 364 1105 lampadem
394 1019 647 1086 sustendendam
676 1020 712 1084 in
741 1019 854 1086 eadem
885 1021 1019 1086 ecclesia
1047 1022 1096 1088 ite
1117 1023 1203 1110 quod
1231 1047 1290 1110 per

170 1123 300 1187 donum
323 1123 406 1188 illud
420 1122 484 1187 fuit
504 1121 639 1188 ecclesia
660 1145 719 1188 sua
740 1121 775 1187 in
797 1122 916 1189 neieina
936 1124 977 1190 de
992 1125 1137 1211 predicto
1159 1127 1289 1192 redditu

171 1247 232 1312 per
242 1225 331 1291 duos
345 1247 446 1291 annos
461 1224 563 1290 donec
577 1223 664 1289 idem
676 1223 750 1290 Ado
763 1246 821 1310 per
835 1225 966 1311 aliquod
981 1234 1111 1313 tempus
1125 1229 1289 1294 redditum

170 1330 269 1394 illum
292 1330 326 1395 ei
349 1329 482 1395 reddere
504 1329 619 1406 noluit,
633 1327 682 1392 ita
703 1327 790 1414 quod
812 1329 890 1415 quia
910 1331 1049 1396 cessauit
1071 1331 1106 1396 in
1128 1333 1289 1398 solucione

155 1431 320 1517 ¹predicti
343 1432 489 1498 redditus
515 1430 592 1496 fecit
616 1453 691 1495 eum
721 1430 815 1496 citari
840 1453 947 1496 coram
972 1433 1206 1500 Archidiacono
1232 1435 1289 1500 ubi
1319 1453 1324 1464 ·

172 1536 264 1600 idem
289 1536 368 1601 Ada
392 1544 571 1622 spontanea
599 1535 771 1600 uoluntate
800 1535 909 1620 posuit
938 1557 973 1602 se
1002 1559 1100 1623 super
1127 1540 1289 1625 quandam

172 1639 429 1726 inquisicionem
451 1662 509 1726 per
530 1661 629 1726 quam
651 1639 860 1704 conuinetum
876 1639 939 1707 fuit
959 1639 1045 1726 quod
1066 1639 1213 1706 redditus
1234 1643 1290 1708 ille

173 1744 229 1828 xij.
254 1744 334 1809 den.
356 1742 516 1829 pertinuit
537 1741 579 1806 ad
601 1741 781 1828 predictam
806 1741 983 1821 ecclesiam,
1004 1751 1039 1808 et
1060 1743 1147 1830 quod
1169 1745 1289 1812 donum

173 1847 261 1912 illud
280 1847 333 1912 ita
347 1848 470 1910 factum
486 1843 549 1908 fuit
569 1867 628 1930 per
649 1843 832 1930 predictum
847 1845 1011 1931 Rogerum
1032 1848 1172 1932 prolert¹
1188 1849 1290 1936 ipsius

174 1951 303 2038 Rogeri
318 1974 381 2037 que
397 1959 457 2016 etc.
473 1949 523 2014 ’et
537 1949 625 2034 xviij.
640 1949 711 2014 den
727 1948 835 2014 reddit
850 1949 983 2034 capitali
997 1949 1127 2016 domino
1138 1951 1158 2018 ¹.

243 2057 292 2121 Et
314 2055 389 2120 Ada
409 2052 593 2140 dicitquod
615 2052 750 2118 ecclesia
770 2052 828 2116 illa
848 2075 1016 2139 nunquam
1030 2053 1094 2119 fuit
1115 2055 1150 2120 in
1172 2057 1290 2122 seieina

174 2157 217 2222 de
232 2158 384 2244 predicto
398 2156 528 2222 redditu
544 2178 602 2242 per
621 2163 743 2220 cartam
758 2154 937 2241 predictam
958 2155 1066 2242 aliquo
1086 2164 1239 2244 tempore,
1254 2169 1290 2226 et

175 2261 255 2328 inde
276 2263 371 2349 ponit
393 2285 427 2326 se
450 2283 547 2346 super
568 2259 716 2346 petriam,
730 2267 765 2324 et
787 2259 869 2325 bene
892 2261 1054 2348 cognoscit
1077 2263 1163 2348 quod
1182 2263 1290 2328 reddit

176 2365 235 2452 iiij.
252 2367 311 2430 sol.
326 2365 415 2451 apud
429 2361 661 2428 Mesendenam
676 2371 727 2427 set
741 2362 822 2428 dicit
836 2362 923 2448 quod
937 2371 1030 2428 tenet
1049 2364 1214 2432 redditum
1233 2367 1287 2453 xij.

177 2469 251 2534 den
268 2469 306 2534 in
320 2490 419 2532 manu
435 2489 494 2532 sua
507 2466 609 2530 donec
623 2465 704 2531 sciat
719 2466 792 2552 quis
806 2466 850 2530 sit
864 2467 970 2532 iustus
985 2467 1085 2532 heres
1204 2534 1206 2542 ,
1292 2537 1294 2540 ,

245 2574 292 2638 Ει
307 2573 458 2638 Decanus
473 2571 650 2657 dicitquod
665 2571 798 2636 ecclesia
812 2593 872 2636 sua
882 2571 946 2636 luit
963 2571 1075 2638 scisita
1088 2573 1129 2638 de
1144 2574 1289 2662 predicto

178 2677 314 2743 redditu
335 2677 390 2762 xij.
411 2677 481 2741 den
504 2683 538 2740 et
557 2697 616 2762 per
635 2683 756 2740 cartam
779 2675 869 2740 illam
893 2684 928 2740 et
950 2677 1035 2762 quod
1056 2679 1125 2764 egit
1145 2679 1180 2744 in
1201 2680 1292 2748 curia

178 2781 407 2847 cristianitatis
421 2781 462 2846 de
484 2781 608 2846 recenti
629 2780 822 2867 spoliacione
834 2781 854 2858 ⁸,
869 2789 904 2846 et
926 2780 1002 2846 inde
1022 2783 1115 2868 ponit
1137 2806 1171 2850 se
1193 2806 1290 2870 super

179 2887 332 2972 patriam.
376 2887 421 2950 Et
450 2885 525 2950 Ada
553 2885 636 2950 bene
665 2884 812 2950 defendit
841 2884 928 2970 quod
957 2907 1124 2972 nunquam
1154 2887 1218 2952 fuit
1254 2889 1288 2954 in

179 2991 303 3056 seisina
323 2990 364 3056 de
386 2991 499 3056 eedem
529 2989 636 3054 terra⁴
661 2997 696 3054 et
725 2989 800 3058 inde
830 2989 923 3075 ponit
952 3013 986 3056 se
1016 3013 1113 3076 super
1141 2993 1286 3078 patriam.

180 3093 226 3158 Et
248 3094 323 3159 ideo
348 3101 538 3179 preceptum
568 3100 618 3156 est
649 3091 833 3156 uiceeomiti
859 3091 945 3176 quod
974 3113 1080 3157 coram
1109 3115 1148 3158 eo
1177 3094 1288 3159 uenire

182 3199 282 3265 faciat
301 3199 357 3284 xij.
378 3207 412 3262 et
432 3219 491 3284 per
510 3219 621 3262 eorum
643 3204 882 3263 sacramentum
905 3204 965 3262 etc.
986 3196 1014 3260 si
1036 3196 1201 3283 predictus
1222 3199 1288 3264 De-

182 3327 283 3370 canus
298 3303 362 3368 fuit
376 3303 411 3368 in
431 3302 549 3368 seisina
567 3301 696 3366 nomine
717 3299 849 3366 ecclesie
867 3322 924 3364 sue
939 3300 979 3366 de
995 3299 1138 3386 predicto
1158 3301 1288 3368 redditu

182 3407 237 3472 uel
252 3427 327 3483 non,
342 3413 377 3470 et
392 3403 503 3472 uenire
518 3402 616 3470 saciat
631 3410 690 3468 etc.
707 3423 765 3488 per
779 3401 889 3468 literas
904 3409 938 3466 et
953 3424 1012 3488 per
1025 3402 1105 3467 duos
1119 3411 1179 3470 etc.
1199 3403 1204 3490 Ι

26 3527 27 3554 ¹
130 3559 137 3573 .
250 3508 365 3574 Simon
384 3505 575 3571 Balistarius
594 3513 628 3570 et
650 3503 812 3591 Margeria
830 3525 911 3570 uxor
926 3503 995 3568 eius
1015 3505 1204 3570 summoniti
1218 3507 1288 3573 iue-
1371 3521 1402 3551 ¹¹²

183 3621 262 3678 runt
280 3635 338 3699 per
355 3611 454 3676 breue
474 3610 514 3676 de
530 3609 687 3674 ivarencia
706 3617 793 3674 carte
813 3609 854 3674 ad
874 3609 1146 3674 warentizandum
1165 3609 1287 3677 Thome

184 3717 224 3782 de
247 3716 419 3780 Muletona
439 3713 569 3778 feodum
587 3713 612 3798 j
635 3712 750 3778 militis
779 3735 853 3777 cum
879 3722 959 3798 pert.
983 3712 1018 3776 in
1047 3711 1200 3790 Luttona,
1222 3715 1286 3779 scil.

184 3819 356 3885 seruicium
380 3817 537 3884 Willelmi
557 3818 771 3904 'Longeespey
793 3825 827 3882 et
849 3817 970 3882 Idonee
992 3817 1100 3882 uxoris
1122 3817 1199 3884 eius.
1244 3819 1288 3884 Et

185 3923 299 3989 Simon
321 3931 356 3988 et
385 3921 547 4008 Margem’a
575 3929 737 3985 uenerunt
767 3930 801 3986 et
830 3921 1123 3986 warentizauerunt
1152 3930 1186 3986 et
1215 3945 1289 3988 con·

147 4039 152 4052 '
184 4035 349 4093 cesserunt
363 4049 422 4112 pro
436 4047 469 4090 se
485 4033 520 4090 et
540 4024 713 4091 heredibus
732 4025 834 4112 ipsius
848 4026 1008 4113 Margerie
1024 4025 1110 4112 quod
1125 4026 1289 4112 predictus

184 4131 324 4212 Thomas
339 4138 374 4194 et
388 4128 521 4194 heredes
536 4128 587 4192 sui
602 4128 744 4194 habeant
756 4137 790 4193 et
801 4137 935 4194 teneant
947 4129 1095 4195 decetero
1107 4131 1294 4216 predictum¹

217 4335 226 4366 ¹
245 4333 344 4396 Supply
354 4342 460 4384 cartam.
795 4333 805 4364 ³
823 4333 869 4382 See
880 4333 923 4381 Br.
937 4332 954 4380 l.
967 4332 1023 4382 407.

186 4399 389 4511 Μζςιίιιιιιιῐιι
405 4398 458 4449 thie
480 4398 566 4449 clause
590 4399 612 4448 is
635 4397 711 4448 dislo-
796 4399 806 4430 ⁴
823 4399 892 4448 Corr.
908 4399 989 4448 eodem
1000 4397 1101 4446 redditu
1114 4399 1154 4458 (l),
