3196 5226
301 441 363 509 178
610 455 749 517 armar,
772 455 836 505 an.
861 443 953 519 1224,
976 457 1039 507 as.
1063 445 1092 506 8.

298 625 587 717 recognoscendum
610 627 637 692 si
659 627 823 712 predictus
843 628 1001 693 Ricardus
1020 627 1182 714 quondam
1204 628 1256 694 uir
1275 637 1333 695 etc
1349 629 1404 696 die

299 741 358 798 etc.
381 732 509 797 dotauit
538 754 610 796 eam
639 753 698 818 per
726 755 892 797 assensum
914 742 973 798 etc
997 734 1038 798 de
1061 735 1164 798 tercie
1184 741 1277 819 parte
1300 734 1407 798 tocius

298 847 384 902 terre
414 857 470 900 sue
500 844 535 900 et
564 845 686 900 cartam
715 859 807 900 suam
837 859 934 922 quam
965 837 1035 922 ipsa
1064 837 1165 902 habet
1190 838 1251 902 sub
1273 839 1406 902 nomine

299 941 443 1006 eiusdem
473 940 608 1004 Roberti
634 939 664 1005 ei
686 941 763 1004 fecit
785 949 845 1005 etc.
867 942 921 1004 uel
944 941 971 1005 si
993 941 1122 1006 dotauit
1145 964 1216 1007 eam
1239 943 1280 1008 de
1302 943 1408 1008 tercia

299 1053 391 1130 parte
407 1043 592 1108 medietatis
608 1043 711 1107 tocius
727 1051 811 1108 terre
827 1043 911 1108 sicut
926 1044 1013 1108 idem
1029 1045 1191 1110 Robertus
1206 1045 1292 1110 dicit.

364 1147 562 1234 Reginaldus
572 1145 722 1210 Decanus
731 1145 771 1210 de
784 1146 970 1233 Fauobrig’¹
980 1156 1014 1211 et
1026 1147 1187 1213 Robertus
1196 1149 1236 1212 de
1248 1149 1408 1214 Duntona

299 1250 471 1316 attachiati
493 1251 625 1314 fuerunt
647 1248 689 1313 ad
719 1247 978 1334 respondendum
1001 1250 1125 1314 Thome
1148 1251 1275 1337 Beyuin
1304 1275 1405 1338 quare

299 1360 476 1420 tenuerunt
490 1352 646 1438 placitum
662 1351 697 1415 in
716 1351 806 1416 curia
825 1351 1050 1417 cristianitatis
1070 1351 1110 1417 de
1131 1353 1212 1418 laico
1234 1354 1326 1418 feodo
1345 1377 1408 1419 suo

298 1457 333 1522 in
348 1453 527 1534 Withfend'
542 1463 654 1520 contra
668 1463 727 1519 etc.

363 1561 407 1624 Et
422 1559 485 1645 ipsi
499 1559 637 1624 ueniunt
652 1567 686 1622 et
701 1559 814 1624 dicunt
829 1560 915 1646 quod
930 1561 970 1626 de
985 1562 1075 1626 nullo
1090 1562 1172 1627 laico
1184 1562 1277 1626 feodo
1288 1571 1405 1627 tenent

298 1663 454 1749 placitum
476 1661 576 1725 immo
598 1661 737 1746 quedam
760 1661 881 1726 femina
901 1663 1081 1728 locauerat²
1099 1662 1262 1748 quandam
1284 1673 1405 1729 terrem

298 1767 339 1832 de
354 1767 446 1831 feodo
462 1765 607 1831 eiusdem
622 1765 744 1830 Thome
760 1775 793 1830 et
810 1765 843 1830 in
855 1767 1009 1832 extremis
1023 1789 1123 1853 egens
1134 1767 1258 1855 legauit
1270 1789 1404 1854 oropum

297 1895 394 1936 suum
409 1879 443 1936 et
458 1872 498 1936 de
510 1871 565 1935 illo
577 1879 773 1934 testamento
794 1870 799 1957 Ι
818 1878 995 1936 tenuerunt
1006 1872 1171 1957 placitum.
1209 1873 1253 1936 Et
1264 1873 1407 1938 Thomas

297 1998 362 2039 non
390 1974 500 2061 potuit
528 1975 588 2038 hoc
617 1973 771 2038 dedicere.
817 1975 861 2038 Et
890 1973 963 2038 ideo
992 1975 1114 2039 iudices
1144 1975 1219 2039 inde
1242 1976 1346 2062 quieti
1368 1986 1404 2042 et

297 2078 437 2142 Thomas
451 2078 486 2142 in
501 2077 723 2141 misericordia

362 2179 495 2247 Jureta⁸
524 2181 617 2245 uenit
647 2203 705 2266 per
733 2203 924 2245 consensum
953 2181 1097 2266 parcium
1128 2182 1156 2245 si
1181 2181 1342 2247 Radulfus
1362 2183 1404 2247 de

187 2297 199 2326 ⁰
298 2287 477 2374 Berlinges
496 2308 554 2371 per
575 2294 641 2350 tres
660 2307 760 2349 annos
780 2294 857 2350 ante
878 2294 1015 2350 mortem
1030 2309 1122 2350 suam
1138 2285 1229 2350 dedit
1244 2285 1346 2350 Priori
1361 2286 1403 2351 de

297 2393 503 2457 Theofordia⁴
520 2399 555 2455 et
575 2388 720 2456 eiusdem
741 2390 799 2454 loci
821 2391 981 2455 canonicis
1001 2391 1248 2456 aduocacionem
1270 2393 1402 2457 ecclesie

297 2497 337 2560 de
353 2495 568 2571 Russewrthe,
583 2502 618 2558 et
632 2493 660 2558 si
675 2502 764 2558 carte
778 2515 875 2579 quam
891 2494 978 2558 idem
999 2493 1090 2558 Prior
1104 2495 1205 2560 habet
1224 2496 1265 2560 de
1287 2494 1399 2561 eadem

297 2599 508 2664 aduocatione
529 2599 615 2662 fecta
635 2598 699 2661 fuit
718 2620 777 2683 per
790 2598 995 2662 uoluntatem
1010 2597 1112 2682 ipsius
1127 2597 1258 2662 Radulfi
1273 2599 1307 2662 in
1323 2599 1403 2686 ligia

297 2710 459 2789 potestate
480 2695 540 2765 sua
560 2701 613 2764 uel
636 2723 709 2776 non,
725 2701 804 2786 quia
822 2703 890 2765 tem
911 2701 1076 2786 predictus
1096 2699 1186 2765 Prior
1200 2725 1297 2788 quam
1314 2703 1401 2768 Gile·

297 2809 408 2872 bertus
441 2805 482 2870 de
518 2807 696 2891 Berkinges
725 2807 812 2870 inter
841 2829 920 2892 quos
949 2807 1106 2893 placitum
1136 2814 1187 2870 est
1216 2807 1256 2871 de
1286 2805 1400 2872 eadem

296 2910 508 2975 aduocucione
523 2915 701 2994 posuerunt
716 2929 750 2972 se
766 2907 800 2971 in
815 2908 956 2972 iuratam
971 2908 1069 2972 illem.

361 3017 405 3079 Et
427 3015 584 3080 Osbertus
606 3011 730 3076 Giffard
760 3021 794 3075 et
817 3013 974 3076 Ricardus
999 3011 1040 3076 de
1063 3011 1273 3076 Dickcwrthe
1298 3020 1400 3078 testes

296 3119 455 3184 nominati
474 3119 509 3182 in
532 3124 621 3182 carte
643 3115 753 3179 iurat'³
776 3115 889 3180 dicunt
915 3115 1000 3201 quod
1022 3114 1121 3180 nichil
1143 3114 1250 3179 sciunt
1272 3117 1402 3201 quando

296 3231 385 3288 certa
399 3224 484 3287 facta
498 3222 561 3286 fuit
581 3243 640 3285 nec
660 3216 878 3283 interfuerunt
898 3220 956 3284 ubi
976 3220 1062 3284 factu
1081 3219 1152 3294 fuit,
1167 3227 1218 3283 set
1241 3219 1401 3285 Osbcrtus

295 3327 374 3391 dicit
394 3327 480 3413 quod
499 3325 649 3390 interfuit
671 3324 728 3388 ubi
751 3323 867 3389 Comes
889 3323 1051 3388 Warenne
1073 3322 1163 3386 illam
1185 3321 1400 3401 confirmauit,

295 3439 329 3495 et
359 3431 515 3495 Ricardus
544 3429 623 3494 dicit
653 3428 738 3514 quod
768 3427 867 3492 nichil
891 3425 967 3492 inde
989 3425 1051 3491 scit
1073 3427 1136 3491 nisi
1158 3433 1289 3492 tentum
1312 3429 1399 3513 quod

294 3535 427 3621 quidam
447 3535 617 3599 canonicus
636 3533 676 3598 de
693 3531 805 3597 eadem
820 3532 915 3596 domo
930 3532 1013 3596 dixit
1029 3531 1059 3596 ei
1075 3531 1160 3617 quod
1175 3531 1239 3594 fuit
1254 3531 1398 3596 nomina·

294 3651 348 3705 tus
363 3641 457 3705 testis
471 3640 505 3704 in
520 3647 615 3703 carta
657 3638 701 3701 Et
716 3659 826 3701 omncs
841 3637 897 3700 alii
912 3635 990 3700 iur’⁶
1006 3634 1120 3700 dicunt
1135 3634 1221 3720 quod
1235 3633 1400 3719 predictus

294 3744 453 3809 Radulfus
468 3767 531 3807 non
546 3742 636 3807 dedit
652 3742 698 3806 eis
713 3742 878 3806 ecclesiam
894 3741 984 3805 illem
1003 3739 1037 3804 in
1060 3738 1139 3825 ligia
1158 3746 1320 3824 potestate
1340 3760 1401 3803 sua

294 3868 353 3912 nec
369 3869 522 3932 umquem
537 3846 617 3909 scire
631 3853 809 3930 potuerunt
824 3843 910 3930 quod
930 3843 1091 3907 Radullus
1106 3842 1195 3906 illem
1213 3849 1335 3906 certam
1351 3843 1400 3908 eis

293 3951 428 4015 fecisset.

359 4053 403 4118 Et
433 4052 510 4138 quie
530 4059 667 4137 uterque
689 4071 800 4115 corum
823 4050 931 4136 posuit
947 4071 980 4113 se
1003 4071 1100 4134 super
1122 4057 1223 4114 testes
1245 4057 1279 4114 et
1301 4071 1400 4136 super

326 4217 335 4250 ¹
352 4217 513 4278 Fambridge.
870 4214 887 4262 f.
901 4214 958 4263 398.

326 4283 408 4331 ’The
435 4281 553 4331 testatrix
580 4295 633 4329 was
659 4279 738 4328 leasce
765 4277 818 4328 and
901 4277 1042 4326 ⁴Monast.
1056 4277 1106 4325 vol.
1119 4277 1142 4334 5,
1154 4291 1179 4338 p.
1193 4275 1248 4325 141.

294 4347 463 4410 bequeethed,
473 4362 501 4397 us
512 4348 534 4396 it
545 4361 635 4406 seems,
648 4343 693 4394 the
704 4343 817 4406 growing
900 4343 910 4375 ³
927 4342 1053 4403 Probably
1065 4343 1156 4391 iurati.

293 4428 362 4476 crop.
901 4407 912 4439 ⁸
927 4411 1060 4456 iuratores.

326 4477 417 4527 ⁸'l'hia
438 4491 496 4528 caac
515 4477 538 4527 is
560 4475 627 4526 cited
643 4475 677 4538 by
694 4473 815 4533 Brauon,
