3196 5226
247 457 249 460 ’
346 459 407 519 156
647 469 798 530 rmnrrr,
820 469 884 516 an.
911 455 1002 529 1222,
1025 469 1087 517 An.
1112 457 1141 520 6.

223 659 292 721 191.

409 640 543 705 ¹Alicia¹
566 663 628 726 que
652 641 715 704 fuit
739 661 819 703 uxor
840 639 1000 704 lobannis
1026 639 1231 706 Mautrauers
1260 663 1318 727 per
1346 651 1450 706 attor-

201 759 312 799 sumener
343 752 457 807 natum
487 765 582 807 suum
611 743 695 828 petit
725 764 837 806 uersus
859 741 1059 806 Willelmum
1087 743 1291 808 Mautrauem
1313 744 1451 809 terciam

344 857 469 932 partem
490 846 575 910 feodi
588 846 611 932 j.
628 846 744 910 militis
764 868 839 909 cum
854 845 1063 931 pertinenciis
1077 847 1112 911 in
1128 847 1268 934 Gyuele⁸
1283 857 1322 913 ut
1337 849 1449 914 dotem

343 973 435 1014 suam
447 957 505 1014 etc.
522 949 608 1013 unde
623 948 787 1034 predictus
802 950 825 1014 J
826 949 969 1014 ohannes
983 971 1055 1014 eam
1070 951 1198 1016 dotauit
1213 961 1272 1017 etc.

409 1053 452 1116 Et
474 1051 657 1116 Willelmus
678 1051 770 1115 uenit
792 1060 826 1115 et
848 1051 1030 1137 dicitquod
1051 1053 1151 1117 habet
1165 1063 1285 1119 terram
1300 1054 1391 1120 illam
1407 1077 1449 1119 ex

343 1154 426 1218 dono
441 1154 464 1218 J
465 1154 599 1218 ohannis
615 1155 818 1218 Mautrauera
832 1155 934 1239 patris
948 1155 999 1218 sui
1010 1177 1068 1241 per
1081 1163 1204 1220 cartam
1216 1179 1313 1242 quam
1325 1159 1450 1243 profert

343 1267 378 1323 et
399 1281 462 1344 que
484 1259 605 1323 donum
627 1259 709 1323 illud
737 1266 879 1322 testatur
907 1266 941 1322 et
963 1257 1039 1322 inde
1069 1267 1165 1322 uocat
1195 1259 1237 1323 ad
1266 1270 1449 1326 warantum

342 1362 365 1426 J
366 1363 525 1428 ohannem
545 1363 649 1427 filium
669 1363 693 1426 J
694 1362 829 1426 ohannis
849 1363 957 1426 fratris
972 1363 1117 1427 eiusdem
1134 1363 1291 1429 Willelmi
1306 1373 1340 1428 et
1355 1365 1450 1429 here-

342 1464 417 1528 dem
432 1465 454 1529 J
456 1465 591 1530 ohannis
605 1465 706 1550 patris
721 1467 772 1529 sui
787 1475 821 1530 et
836 1466 892 1530 aui
907 1466 1009 1551 ipsius
1023 1466 1047 1531 J
1048 1467 1191 1532 ohannis„

409 1569 452 1632 Et
480 1569 569 1634 idem
598 1570 764 1634 Johannes
793 1593 924 1655 presens
954 1579 1004 1635 est
1033 1580 1067 1635 et
1091 1579 1142 1636 est
1164 1571 1248 1636 infra
1269 1581 1392 1637 etatem
1415 1583 1451 1637 et

343 1673 422 1738 dicit
443 1673 529 1758 quod
549 1696 614 1737 non
634 1673 732 1738 debet
747 1674 788 1738 ad
803 1682 926 1738 cartam
941 1674 1031 1738 illam
1046 1675 1237 1760 respondere
1253 1699 1312 1740 nec
1327 1684 1450 1740 terram

343 1776 432 1840 illam
455 1776 485 1840 ei
508 1777 713 1842 warentizare
734 1777 812 1862 quia
832 1777 998 1842 «lohannes
1020 1787 1113 1862 pater
1134 1800 1212 1842 suus
1233 1777 1285 1842 die
1307 1800 1371 1863 quo
1392 1778 1450 1842 de·

343 1879 509 1966 sponsauit
531 1881 708 1945 Hawiaiam
730 1889 868 1944 matrem
890 1903 982 1945 suam
1005 1881 1068 1945 luit
1090 1881 1219 1946 scisitus
1240 1891 1278 1946 ut
1298 1882 1339 1947 de
1355 1883 1451 1947 feodo

343 1993 378 2048 et
392 1983 462 2048 iure
478 1991 512 2047 et
532 1983 713 2048 hereditate
733 2005 793 2048 sua
812 1983 852 2047 de
875 1991 962 2048 terra
983 1984 1040 2048 illa
1061 1984 1110 2048 ita
1131 1984 1217 2070 quod
1239 2007 1311 2049 eam
1334 1986 1450 2051 dotare

343 2087 452 2171 potuit
481 2095 514 2151 et
537 2086 612 2150 inde
634 2087 727 2172 ponit
749 2109 783 2150 se
805 2108 903 2172 super
924 2087 1064 2150 iuratam
1088 2096 1122 2152 et
1144 2087 1224 2152 dicit
1246 2089 1333 2173 quod
1363 2089 1451 2153 bene

343 2189 566 2254 warentizauit
580 2189 678 2254 matri
692 2211 749 2254 sue
765 2189 874 2254 dotem
889 2211 981 2254 suam
997 2197 1032 2253 et
1047 2189 1132 2276 petit
1147 2190 1304 2255 iudicium
1322 2191 1451 2256 deeicut

342 2293 365 2358 J
366 2293 508 2357 ohannes
517 2301 611 2378 pater
619 2315 697 2358 suus
706 2293 815 2356 tenuit
824 2301 943 2357 terram
955 2291 1044 2356 illam
1056 2301 1275 2377 postmortem
1287 2294 1311 2358 J
1312 2294 1450 2358 ohannis

342 2395 383 2459 de
398 2418 463 2480 quo
477 2403 567 2460 carta
581 2395 733 2480 loquitur,
748 2417 812 2458 non
828 2393 917 2458 uult⁴
933 2403 991 2459 etc
1004 2394 1067 2458 nisi
1081 2395 1185 2459 curia⁶
1196 2405 1256 2460 etc.
1270 2405 1449 2482 antequam

342 2498 462 2564 habeat
477 2507 599 2563 etatem
613 2521 713 2563 suam.

408 2601 452 2665 Et
467 2600 650 2665 Willelmus
665 2601 758 2665 uenit
774 2609 886 2686 postea
900 2610 935 2665 et
949 2600 1029 2665 dicit
1044 2601 1129 2686 quod
1147 2624 1262 2666 reuera
1280 2602 1450 2668 Johannes

342 2705 442 2768 frater
465 2725 543 2768 suus
566 2704 629 2768 fuit
651 2703 781 2768 seisitue
803 2703 843 2768 de
866 2714 953 2769 terra
974 2705 1031 2769 illa
1050 2705 1103 2769 die
1125 2727 1189 2791 quo
1204 2728 1276 2770 eam
1292 2707 1449 2772 Aliciam⁶

343 2809 551 2896 desponsauit
567 2818 626 2874 ete.
642 2819 693 2874 set
707 2818 820 2895 postea
840 2810 1061 2894 inplacitauit'
1076 2811 1145 2896 ipse
1161 2811 1301 2876 eundem
1322 2812 1447 2877 Johan-

342 2937 418 2979 nem
433 2915 467 2978 in
482 2914 639 2979 comitatu
655 2937 713 3000 per
726 2915 825 2978 breue
846 2914 887 2978 de
909 2923 997 2978 recto
1019 2914 1068 2979 ita
1089 2916 1174 3000 quod
1199 2925 1272 3002 post
1295 2939 1448 3003 guerram

342 3017 415 3102 per⁸
439 3017 595 3081 iudicium
622 3017 766 3082 eiusdem
796 3017 970 3081 comitatus
1000 3018 1205 3102 recuperauit
1231 3018 1300 3103 ipse
1324 3027 1447 3083 terram

182 3137 302 3186 Noenum
342 3121 432 3185 illam
448 3121 487 3185 in
508 3121 620 3186 eodem
638 3121 795 3186 comitatu
810 3131 845 3185 et
860 3120 935 3185 inde
951 3130 1047 3185 uocet
1062 3122 1252 3186 comitatum
1267 3122 1310 3187 ad
1324 3145 1449 3188 waran-

182 3195 223 3222 nnn
232 3188 300 3232 potent

182 3231 227 3280 qulr
235 3231 309 3270 doure

181 3289 267 3316 uxorem
272 3287 331 3316 ruam

343 3231 415 3288 tum
437 3247 495 3310 per
520 3224 677 3288 auxilium
701 3224 788 3288 curie
813 3232 847 3288 et
873 3223 946 3288 ideo
971 3233 1161 3310 preceptum
1186 3235 1236 3290 est
1262 3226 1449 3292 uicecomiti

181 3325 322 3418 ggfflmfflt
344 3327 429 3412 quod
453 3349 557 3391 coram
581 3349 619 3391 eo
644 3327 679 3390 in
706 3327 862 3390 comitatu
892 3349 950 3391 suo
976 3328 1135 3392 recordari
1161 3329 1258 3393 faciat
1284 3330 1447 3416 loquelam

180 3417 324 3512 ggsssslffim
343 3430 432 3494 illam
448 3438 482 3494 et
497 3429 662 3494 recordum
678 3429 761 3494 illud
775 3429 895 3494 habeat
910 3453 931 3492 a
942 3429 994 3494 die
1010 3439 1069 3494 ete
1076 3429 1097 3462 ¹⁰
1111 3453 1170 3516 per
1180 3431 1236 3517 iiij.
1251 3432 1373 3497 milites
1385 3442 1447 3499 etc

180 3509 314 3594 despoppault
409 3532 428 3564 ῃ

179 3604 252 3642 urrani⁹

226 3630 294 3732 ria.

433 3533 585 3598 Johanna
609 3555 672 3618 que
698 3533 762 3596 fuit
788 3555 868 3596 uxor
888 3533 1045 3598 Willelmi
1071 3533 1131 3597 filii
1157 3534 1336 3599 Baldewini
1361 3537 1450 3622 petit

344 3660 456 3702 uersus
482 3637 674 3702 (lanfridum
701 3637 805 3701 filium
830 3637 1009 3702 Baldewini
1035 3637 1167 3702 terciam
1192 3648 1317 3724 partem
1345 3641 1448 3706 trium

201 3768 307 3810 nemora
343 3739 543 3827 uirgatarum
567 3749 652 3804 terre
676 3747 711 3803 et
734 3739 787 3824 xij.
810 3762 955 3804 acrarum
978 3749 1063 3804 terre
1085 3763 1159 3804 cum
1182 3741 1391 3825 pertinenciis
1412 3743 1448 3808 in

343 3841 476 3928 Treeng'
491 3849 530 3906 ut
545 3842 654 3906 dotem
675 3863 767 3905 suam
789 3841 874 3906 unde
897 3841 1061 3926 predictus
1077 3841 1260 3907 Willelmus
1282 3843 1449 3928 quondam

342 3953 400 4010 etc
417 3968 488 4010 eam
503 3946 631 4010 dotauit
648 3955 707 4010 etc.

375 4167 383 4197 ¹
400 4165 430 4214 B.
442 4181 476 4216 m.
489 4169 504 4214 2
515 4167 540 4215 d.
918 4169 995 4215 tator.

374 4231 385 4262 ²
400 4232 549 4295 chwyria
561 4231 591 4280 Β.
949 4229 960 4262 ⁷
976 4231 1148 4292 replccitauit,
1162 4229 1192 4280 B.

374 4296 517 4346 ’Ginleor
529 4299 612 4356 Giule,
625 4296 655 4344 Β.
949 4294 1019 4358 'per
1030 4294 1156 4356 repeated.

374 4363 384 4393 ⁴
400 4363 435 4410 cd
444 4369 541 4411 cartam
550 4363 622 4410 illam
632 4362 785 4424 respondere,
797 4359 827 4408 B.
948 4360 959 4390 ⁰
977 4363 1022 4410 See
1033 4361 1077 4408 Br.
1090 4361 1107 4410 l.
1122 4360 1178 4408 310.

373 4427 384 4456 ⁵
400 4428 603 4482 confideranerit,
615 4426 644 4475 Β.
949 4426 970 4456 ¹⁰
987 4425 1153 4476 Michaelmac
1165 4427 1213 4474 live
1224 4425 1313 4476 wecke.

374 4493 517 4548 Muciam,
550 4490 689 4540 interlined
719 4491 753 4552 by
783 4505 864 4539 anno·
949 4491 967 4522 ¹¹
986 4491 1015 4539 B.
1029 4491 1131 4540 m.ld.
