3276 5234
345 477 583 538 mensuruus,
605 475 676 551 ιιι.Ι
695 464 787 536 1229,
808 477 871 526 aa.
898 462 1034 524 13-14.
1177 459 1239 522 2111·

146 657 177 713 et
203 649 263 712 iste
294 648 475 714 Herbertus
504 647 605 712 habet
634 647 801 711 ecclesiam
830 645 921 710 illam
951 667 990 708 ex
1020 643 1104 708 dono
1139 643 1240 728 ipsius

147 750 290 836 Episcopi
315 751 362 814 ita
384 749 514 836 integre
539 749 624 814 sicut
653 749 721 834 ipse
749 747 941 813 Godesridus
968 769 1040 812 eam
1070 747 1178 812 tenuit
1207 755 1241 810 et

146 855 266 920 scisitus
290 863 339 920 est
360 853 402 918 de
425 854 542 920 eadem
564 854 717 940 pensione
739 853 824 918 siout
846 853 933 917 idem
956 851 1049 916 Eudo
1071 851 1241 936 cognoscit,

147 959 384 1026 Consideratum
400 968 452 1023 est
473 957 560 1044 quod
580 959 704 1044 capella
723 958 780 1023 illa
798 980 863 1022 non
886 964 990 1033 uacat,
1006 966 1041 1021 et
1060 955 1242 1020 Herbertus

146 1061 214 1126 inde
228 1062 298 1126 sine
312 1061 365 1126 die
381 1069 416 1126 et
432 1061 527 1125 Eudo
546 1060 581 1124 in
600 1059 817 1125 misericordia
835 1067 869 1124 et
886 1059 1052 1147 perquirat
1075 1081 1109 1122 se
1130 1079 1242 1122 uersus

147 1167 280 1230 Priorem
295 1167 336 1231 de
351 1167 465 1232 Leues
478 1187 538 1250 per
551 1165 649 1229 finem
669 1165 830 1229 intereos
851 1164 973 1228 factum
996 1163 1023 1226 si
1046 1161 1185 1226 uoluerit
1208 1171 1242 1225 et

146 1269 338 1356 prohibitum
354 1278 406 1335 est
421 1269 585 1334 Herberto
599 1291 640 1333 ne
656 1268 696 1333 de
711 1276 819 1332 cetero
833 1274 989 1352 sequatur
1007 1266 1082 1330 inde
1104 1266 1138 1330 in
1154 1264 1243 1329 curia

146 1373 370 1438 cristianitatis

74 1490 107 1548 ,·,
205 1475 367 1540 Radulfus
391 1475 432 1540 de
456 1475 579 1540 Dames
602 1475 809 1540 athachiatus
835 1475 961 1539 suited
983 1472 1240 1560 respondendum
1270 1483 1391 1529 »tumst

147 1577 282 1642 Waltero
303 1577 503 1642 Malesoures
523 1599 622 1662 quare
645 1577 746 1642 traxit
769 1577 899 1642 eumin
921 1577 1077 1662 placitum
1099 1575 1243 1640 incuria

146 1679 364 1744 cristianitatis
393 1679 434 1744 de
464 1680 589 1744 catallis
615 1703 678 1766 que
700 1703 766 1744 non
788 1689 865 1744 sunt
887 1688 946 1746 etc.
970 1679 1057 1744 unde
1079 1679 1243 1765 predictus

146 1783 303 1848 Walteros
329 1783 480 1869 queritur
505 1784 592 1868 quod
615 1785 716 1848 traxit
742 1807 818 1848 eum
844 1784 878 1848 in
904 1785 1060 1870 placitum
1090 1783 1130 1848 de
1160 1805 1243 1868 equo

146 1887 235 1972 precii
258 1911 312 1952 xx
338 1887 394 1952 sol
421 1895 456 1951 et
480 1884 533 1972 vij.
558 1887 625 1953 deri
671 1888 714 1952 Et
740 1888 899 1952 Radulfus
922 1889 1014 1952 uenit
1036 1896 1070 1952 et
1092 1887 1244 1973 cognouit

145 1989 224 2074 quod
246 1989 351 2054 traxit
372 2012 449 2054 eum
469 1989 504 2054 in
524 1989 681 2076 placitum
703 1989 738 2054 in
760 1990 849 2054 curia
870 1989 1093 2055 cristianitatis
1113 1997 1245 2075 propter

146 2093 289 2158 iniuriam
322 2117 424 2179 quem
450 2095 481 2159 ei
504 2095 581 2159 fecit
603 2095 644 2159 de
666 2095 805 2181 quodam
828 2103 1014 2160 tenemento
1036 2094 1123 2180 quod
1143 2095 1183 2158 de
1206 2117 1244 2158 eo

147 2198 246 2262 tenuit
261 2199 344 2284 quia
358 2199 405 2264 ibi
420 2199 580 2264 maturius
600 2199 763 2264 iusticiam
783 2201 903 2265 habere
925 2200 1041 2286 potuit.
1087 2200 1130 2264 Et
1148 2222 1245 2284 super

146 2300 199 2364 hoc
213 2302 308 2366 uenit
325 2302 490 2368 Robertus
504 2302 544 2368 de
560 2303 644 2369 Leio'
666 2303 768 2368 maior
785 2305 818 2368 N
820 2305 1029 2390 orhamptone
1050 2312 1084 2368 et
1105 2313 1246 2370 testatur

146 2405 223 2490 quod
239 2429 317 2470 cum
332 2428 392 2492 per
405 2414 573 2472 retornum
588 2407 697 2472 breuis
718 2408 812 2474 Dom.
836 2409 935 2496 Regis
955 2409 1098 2473 uenisset
1112 2407 1154 2473 ad
1169 2430 1244 2473 eum

147 2516 176 2571 et
189 2517 318 2594 peteret
341 2509 476 2574 uadium
498 2519 532 2575 ct
552 2511 698 2597 plegium
720 2511 806 2597 quod
829 2520 913 2576 esset
934 2534 1039 2576 coram
1062 2511 1246 2575 iusticiariis

146 2635 352 2699 responsurus
382 2637 482 2701 quare
511 2616 612 2682 traxit
641 2616 781 2680 eundem
812 2616 995 2681 Walterum
1025 2615 1058 2680 in
1088 2615 1244 2700 placitum

147 2719 244 2784 noluit
258 2719 398 2784 uadium
413 2719 489 2784 dare
505 2743 565 2784 nec
579 2719 724 2806 plegium
739 2719 886 2784 inuenire
901 2719 987 2783 unde
1008 2742 1082 2784 eum
1103 2719 1190 2804 cepit
1212 2729 1246 2784 et

146 2822 277 2888 adduxit
293 2846 371 2888 eum
387 2845 495 2888 coram
509 2824 695 2888 iusticiariis
709 2847 768 2910 per
781 2832 971 2911 preceptum
984 2824 1015 2889 S.
1031 2823 1071 2889 de
1088 2822 1245 2910 Segraue¹

146 2935 177 2989 et
189 2935 323 3013 propter
337 2949 436 3014 quam
452 2927 638 3013 capcionem
653 2929 803 2994 Decanus
815 2929 1059 3015 Norhamptone
1075 2929 1247 2993 interdicto

145 3033 311 3117 supposuit
341 3031 455 3096 uillam
480 3032 736 3118 Norhamptone.
781 3033 824 3098 Et
854 3033 1015 3099 Radulfus
1044 3033 1190 3120 quesitus
1219 3033 1246 3098 si

147 3136 246 3202 uoluit
267 3136 349 3201 dare
371 3136 506 3201 uadiurn
529 3145 564 3202 et
585 3137 731 3224 plegium
753 3137 901 3202 inuenire
921 3139 1001 3203 dicit
1021 3139 1108 3224 quod
1130 3161 1195 3203 non
1213 3146 1248 3202 et

147 3237 216 3302 ideo
230 3239 381 3303 mittitur
394 3239 495 3326 gaole.
616 3243 620 3252 '

54 3350 107 3412 352
206 3343 229 3407 J
231 3343 378 3407 ohannes
391 3343 432 3406 de
447 3341 587 3407 Suelrele
602 3343 722 3428 optulit
737 3365 771 3406 se
787 3343 864 3428 iiij20.
881 3344 933 3408 die
954 3367 1066 3408 uersus
1084 3345 1257 3431 Rogerum'
1309 3356 1315 3366 '
1337 3365 1381 3394 ⁰²¹¹·

148 3444 184 3510 de
199 3445 335 3512 clifford
350 3445 391 3510 de
406 3445 527 3532 placito
542 3469 642 3532 quare
656 3469 721 3511 non
737 3447 879 3512 reddidit
894 3449 924 3512 ei
939 3447 996 3534 iiij.
1017 3471 1112 3514 marc.
1133 3471 1196 3534 que
1217 3449 1247 3512 ei

147 3559 249 3614 aretro
263 3558 344 3615 sunt
362 3550 402 3615 de
423 3551 487 3637 viij.
512 3551 627 3616 marcis
645 3573 708 3637 que
730 3551 761 3616 ei
783 3552 966 3618 adiudicate
988 3555 1122 3618 fuerunt
1142 3577 1247 3618 coram

148 3652 332 3717 iusticiariis
360 3653 449 3740 apud
481 3653 802 3720 westmonasterium
832 3664 892 3720 etc.
921 3678 979 3742 pro
1008 3656 1156 3743 dampnis
1184 3679 1248 3742 que

148 3755 251 3822 eidem
265 3756 289 3822 J
290 3755 413 3821 ohanni
427 3755 548 3822 intulit.
595 3758 638 3822 Et
659 3757 804 3844 Rogerus
825 3781 889 3823 non
909 3760 1001 3824 uenit
1016 3769 1075 3825 eto.
1092 3769 1126 3824 et
1141 3761 1249 3846 plures

147 3861 222 3926 fecit
258 3861 397 3926 defaltas
433 3861 482 3926 ita
517 3861 603 3947 quod
639 3869 828 3947 preceptum
860 3863 923 3926 fuit
952 3863 1135 3928 uicecomiti
1163 3863 1250 3949 quod

148 3967 356 4054 distringeret
371 3989 446 4032 eum
462 3989 521 4054 per
534 3975 636 4032 terras
647 3977 681 4032 ct
696 3968 814 4034 catalla
828 3991 893 4034 sua
940 3969 983 4032 Et
1007 3969 1085 4055 quia
1106 3968 1250 4054 predicte

148 4069 203 4156 iiij.
229 4093 327 4136 mare
354 4070 385 4134 ei
410 4068 595 4136 adiudicate
621 4071 753 4135 fuerunt
778 4072 814 4136 in
843 4071 932 4136 ouria
961 4079 996 4135 et
1025 4071 1170 4157 Rogerus
1200 4079 1251 4135 tot

148 4175 224 4240 t'ceit
242 4174 247 4261 Ι
268 4175 414 4252 defaltas,
438 4175 686 4241 Consideratum
709 4185 759 4241 est
781 4176 868 4262 quod
890 4177 1068 4240 uicecomes
1089 4175 1187 4240 faciat
1210 4174 1250 4239 de
1315 4191 1359 4239 [tt]

150 4277 243 4342 terris
264 4285 299 4343 et
321 4278 447 4343 catallis
470 4277 572 4363 ipsius
594 4277 713 4364 Rogeri
735 4278 896 4363 predictas
919 4277 974 4363 iiij.
999 4299 1092 4342 maro.
1120 4285 1154 4340 et
1180 4277 1251 4341 illas

551 4500 559 4532 ¹
578 4501 632 4550 One
644 4501 672 4550 ol
682 4499 726 4550 the
736 4499 849 4562 justioes.

1061 4596 1165 4659 ltu—2
1232 4545 1235 4552 Ι
