3276 5234
351 405 416 470 238
527 405 667 493 [Hilary
689 405 757 472 aud
778 406 904 484 Ecstor,
927 420 992 472 Aa).
1017 407 1111 484 1228,
1132 421 1195 470 aa.
1220 405 1283 490 12]

350 590 472 670 worth’,
486 591 667 678 Wydonom
687 591 728 656 de
748 591 950 669 Wateruilla,
967 591 1152 657 Johannem
1175 592 1205 656 le
1226 591 1300 678 (lyr,
1315 591 1461 656 Lauren-

350 691 437 756 cium
459 692 499 758 da
523 694 573 779 By
707 692 949 780 ¹Reginaldum
968 693 1073 758 filium
1088 693 1216 758 Aceliui
1230 694 1270 758 de
1292 693 1462 758 Ouertona

349 796 572 862 Theobaldum
587 797 627 862 de
643 798 750 863 Lecko
766 805 800 862 et
820 798 1003 862 Walterum
1026 798 1067 862 de
1086 798 1267 876 Niwetona,
1285 798 1328 862 ad
1346 821 1460 885 recog-

349 901 554 979 noscendum,
569 901 597 966 si
612 901 748 988 Egidius
762 901 816 966 del
831 901 945 965 Merck
956 909 1130 986 postquam
1142 901 1266 965 dimisit
1281 901 1459 987 Radulpho

349 1003 390 1067 de
415 1003 584 1069 Kareuilla
607 1004 649 1068 ad
675 1003 801 1068 firmam
827 1013 874 1068 v¹¹
901 1012 935 1068 et
961 1005 1035 1089 xvij.
1063 1026 1151 1068 aeras
1172 1013 1255 1068 terre
1279 1027 1353 1068 cum
1375 1013 1461 1090 pert.

348 1105 384 1169 in
408 1106 601 1172 Oestretona
622 1106 773 1171 uendidit
795 1106 931 1170 eandem
955 1114 1076 1170 terram
1098 1106 1204 1170 eidem
1228 1105 1400 1191 Radulpho
1422 1117 1462 1170 et

348 1217 470 1274 cartam
493 1231 591 1296 quam
614 1209 806 1294 Radulphus
828 1209 904 1273 inde
930 1209 1030 1274 habet
1061 1209 1092 1273 ei
1121 1209 1199 1274 fecit
1230 1209 1314 1274 cirea
1337 1211 1460 1274 festum

349 1313 563 1379 Pentecosten
592 1337 677 1379 anno
705 1315 799 1400 regni
828 1315 927 1400 Regis
957 1314 1093 1379 Henrici
1118 1313 1168 1393 x⁰.,
1193 1315 1248 1379 uel
1271 1337 1344 1392 uon,
1369 1314 1460 1378 unde

348 1418 512 1503 predictus
528 1418 663 1505 Egidius
678 1418 731 1482 del
754 1418 865 1482 Merck
883 1418 964 1482 dicit
984 1418 1070 1504 quod
1091 1442 1258 1505 nunquam
1280 1419 1312 1484 ei
1334 1429 1460 1484 cartam

348 1520 437 1586 illam
468 1522 544 1586 feeit
573 1522 613 1586 de
644 1523 858 1600 feoffament0‚
887 1523 988 1587 immo
1013 1523 1103 1588 illam
1133 1524 1224 1588 dedit
1253 1523 1386 1610 Nigello
1415 1523 1459 1586 de

347 1624 587 1690 Amundeuilla.

413 1731 576 1810 Iuratorcs
591 1729 705 1794 dicunt
719 1729 784 1794 scil.
801 1729 905 1815 primo
921 1738 986 1794 tres
1001 1738 1101 1794 testes
1113 1730 1199 1815 quod
1211 1731 1293 1794 bene
1309 1729 1459 1792 recolunt

348 1834 434 1918 quod
457 1833 621 1920 predictus
651 1834 843 1920 Radulphus
873 1834 1046 1920 aliquando
1075 1835 1168 1898 uenit
1197 1834 1239 1899 ad
1268 1857 1322 1898 eos
1344 1842 1378 1896 et
1401 1855 1459 1896 eos

347 1935 476 2021 rogauit
491 1935 576 2022 quod
591 1945 699 2000 esseut
714 1944 815 2000 testes
831 1936 865 2000 in
885 1945 975 2001 carta
992 1936 1049 2000 illa
1068 1945 1119 2000 set
1140 1945 1263 2000 cartam
1286 1958 1456 2021 nunquam

346 2040 500 2104 uiderunt
515 2063 575 2106 nec
589 2041 787 2105 audiuerunt
804 2065 864 2106 uec
883 2041 1104 2106 iuterfuerunt
1127 2042 1185 2106 ubi
1204 2041 1290 2106 facta
1310 2041 1373 2104 fuit
1395 2063 1458 2104 uec

347 2145 405 2209 ubi
419 2145 450 2208 ci
465 2145 616 2210 saisinam
637 2145 722 2210 fecit.
768 2146 812 2210 Et
833 2169 944 2210 omncs
966 2147 1124 2210 iuratores
1146 2145 1203 2209 alii
1224 2145 1347 2221 dicunt,
1368 2144 1457 2230 quod

347 2257 436 2314 carta
450 2249 507 2312 illa
521 2271 586 2312 non
601 2249 664 2312 suit
679 2251 765 2314 facta
774 2249 815 2314 ad
830 2249 1006 2313 terminum
1022 2248 1206 2332 predictum
1221 2270 1280 2312 uec
1295 2247 1408 2312 audita
1419 2248 1457 2310 in

347 2352 514 2417 hundredo
525 2353 580 2416 uel
595 2353 761 2428 comitatu,
776 2359 827 2416 set
841 2351 869 2415 si
883 2351 969 2416 facta
984 2351 1048 2415 fuit
1063 2351 1151 2414 facta
1165 2350 1230 2413 fuit
1245 2359 1319 2435 post
1334 2353 1456 2414 festum

347 2456 378 2522 S.
396 2457 491 2522 Mich.
507 2457 652 2540 proximo
667 2456 861 2542 preteritum
875 2464 1047 2541 postquam
1066 2455 1154 2520 idem
1177 2456 1314 2542 Egidius
1333 2464 1457 2520 terram

345 2559 435 2622 illam
450 2558 541 2622 dedit
556 2558 700 2643 predicto
715 2558 856 2644 Nigello‚
876 2568 926 2622 set
945 2559 1028 2624 bene
1049 2559 1157 2624 sciunt
1177 2559 1263 2644 quod
1285 2559 1326 2623 de
1348 2559 1457 2624 tribus

346 2661 462 2748 uirgat.
493 2670 578 2726 terre
607 2661 685 2726 fecit
714 2662 745 2725 ci
774 2671 896 2727 cartam
925 2662 966 2727 de
995 2664 1202 2728 feoffamento
1228 2685 1286 2748 per
1311 2663 1455 2727 multum

345 2771 476 2849 tempus
512 2773 597 2830 ante.
641 2766 687 2829 Et
723 2765 796 2830 ideo
833 2766 1070 2831 consideratum
1104 2775 1154 2831 est
1183 2767 1270 2853 quod
1301 2767 1456 2852 Nigellus

346 2867 550 2952 recuperauit
568 2867 718 2932 saisinam
739 2877 885 2932 suamet
907 2868 1101 2954 Radulphus
1122 2869 1157 2932 in
1179 2867 1397 2932 misericordia
1418 2877 1456 2931 et

346 2969 548 3034 custodiatur
561 2979 596 3034 ct
610 2970 807 3056 dampnatur
822 2980 911 3036 carta
925 2971 1024 3036 saluis
1035 2980 1146 3036 tamen
1158 2971 1263 3036 eidem
1280 2971 1457 3056 Radulpho

345 3075 450 3142 tribus
461 3077 576 3164 uirgat.
589 3085 673 3142 terre
688 3078 850 3163 predictis,
865 3101 946 3164 ques
960 3078 1049 3162 prius
1064 3077 1187 3142 habuit.
1225 3078 1270 3140 Et
1286 3076 1454 3162 Baldewy-

345 3201 408 3242 nus
422 3178 462 3243 de
478 3181 544 3244 Ver
558 3203 643 3244 unus
658 3203 697 3244 ex
713 3180 852 3244 testibus
867 3181 902 3244 in
916 3180 1134 3244 misericordia
1147 3202 1205 3265 pro
1220 3180 1349 3243 defalta

290 3333 296 3348 .
412 3279 603 3362 [²Robcrtus
638 3279 893 3344 Archidiaconus
929 3280 1022 3343 uenit
1056 3289 1090 3344 ct
1127 3279 1274 3344 defendit
1310 3280 1379 3343 uim
1419 3289 1456 3344 et

260 3394 271 3422 ¹
346 3381 498 3446 iuiuriam
522 3392 556 3446 et
576 3382 754 3468 dampnum
778 3407 827 3448 xx.
850 3407 1029 3448 marcarum
1050 3392 1084 3447 et
1107 3392 1214 3448 totum
1235 3383 1277 3447 de
1300 3384 1400 3448 uerbo
1418 3384 1455 3448 in

346 3487 484 3552 uerbum
499 3495 533 3552 et
548 3487 634 3573 quod
649 3509 817 3576 nunquam
831 3487 999 3552 deseisiuit
1015 3511 1100 3564 cum,
1115 3495 1149 3551 et
1164 3487 1245 3552 dicit
1260 3487 1346 3573 quod
1364 3487 1453 3552 idem

346 3592 559 3679 Radulphus.]

411 3697 572 3762 Robertus
586 3697 839 3762 Archidiaconus
850 3696 1048 3761 attachiatus
1060 3696 1123 3759 fuit
1135 3695 1176 3759 ad
1191 3694 1453 3780 respondendum

345 3799 518 3885 Radulpho
533 3801 573 3865 de
588 3799 758 3866 Ledecuub’
773 3801 939 3886 capellano
955 3823 1053 3886 quare
1069 3799 1242 3863 cumidem
1258 3798 1453 3884 Radulphus

344 3911 569 3988 postmortem
585 3903 724 3969 Jocclini
739 3903 846 3967 fratris
861 3903 912 3967 sui
927 3904 1019 3968 cuius
1039 3903 1131 3967 heres
1152 3903 1221 3988 ipse
1242 3911 1292 3967 est
1310 3925 1343 3967 se
1359 3911 1454 3966 tenet

343 4007 379 4070 in
399 4006 548 4072 domibus
571 4016 606 4072 et
630 4017 717 4073 terra
741 4030 804 4093 que
827 4009 959 4072 fuerunt
982 4008 1083 4093 ipsius
1107 4007 1271 4084 Joscelini,
1288 4007 1454 4093 predictus

344 4110 507 4174 Robertus
532 4111 567 4175 iu
592 4111 742 4175 domibus
765 4110 858 4174 illum
885 4112 1011 4176 obsedit
1041 4119 1075 4174 et
1101 4119 1215 4196 postea
1242 4111 1354 4175 domos
1379 4110 1454 4175 illas

345 4215 520 4298 prostrauit
535 4224 569 4278 et
584 4215 763 4300 asportauit
779 4223 890 4279 contra
904 4238 1016 4300 pacem
1032 4224 1066 4280 ct
1078 4237 1226 4280 coronam
1238 4215 1330 4280 Dom.
1342 4215 1454 4301 Regis,

377 4388 387 4419 ¹
404 4387 529 4445 Ablank3
548 4388 592 4438 the
603 4403 680 4438 name
691 4387 850 4439 unfiuished.
921 4387 977 4437 The
988 4387 1071 4437 words
1087 4386 1179 4436 within
1195 4387 1225 4449 []
1242 4384 1337 4435 should
1353 4385 1385 4433 be
1400 4383 1453 4433 dis-

365 4453 388 4484 ·²
405 4453 459 4504 The
471 4453 570 4516 copyist
582 4454 672 4504 malms
686 4469 702 4504 a
714 4454 778 4503 false
795 4457 868 4504 start.
921 4453 1049 4516 regarded.
