<?xml version="1.0" encoding="UTF-8"?>
<!DOCTYPE html PUBLIC "-//W3C//DTD XHTML 1.0 Transitional//EN"
    "http://www.w3.org/TR/xhtml1/DTD/xhtml1-transitional.dtd">
<html xmlns="http://www.w3.org/1999/xhtml" xml:lang="en" lang="en">
 <head>
  <title>
</title>
<meta http-equiv="Content-Type" content="text/html;charset=utf-8" />
  <meta name='ocr-system' content='tesseract 3.04.00' />
  <meta name='ocr-capabilities' content='ocr_page ocr_carea ocr_par ocr_line ocrx_word'/>
</head>
<body>
  <div class='ocr_page' id='page_1' title='image "./bractonsnoteboo04bracgoog_0506.png"; bbox 0 0 3314 5238; ppageno 0'>
   <div class='ocr_carea' id='block_1_1' title="bbox 344 415 1239 496">
    <p class='ocr_par' dir='ltr' id='par_1_1' title="bbox 344 415 1239 496">
     <span class='ocr_line' id='line_1_1' title="bbox 344 415 1239 496; baseline -0.002 -11"><span class='ocrx_word' id='word_1_1' title='bbox 344 423 407 486; x_wconf 84' lang='lat'>498</span> <span class='ocrx_word' id='word_1_2' title='bbox 553 415 786 496; x_wconf 73' lang='lat' dir='ltr'>uicensima,</span> <span class='ocrx_word' id='word_1_3' title='bbox 809 433 872 482; x_wconf 71' lang='lat' dir='ltr'>an.</span> <span class='ocrx_word' id='word_1_4' title='bbox 899 420 991 494; x_wconf 83' lang='lat'>1231,</span> <span class='ocrx_word' id='word_1_5' title='bbox 1014 433 1077 484; x_wconf 74' lang='lat' dir='ltr'>aa.</span> <span class='ocrx_word' id='word_1_6' title='bbox 1104 423 1239 485; x_wconf 83' lang='lat' dir='ltr'>15-1o</span> 
     </span>
    </p>
   </div>
   <div class='ocr_carea' id='block_1_2' title="bbox 332 607 1453 3774">
    <p class='ocr_par' dir='ltr' id='par_1_2' title="bbox 341 607 1453 903">
     <span class='ocr_line' id='line_1_2' title="bbox 342 607 1453 698; baseline -0.001 -23"><span class='ocrx_word' id='word_1_7' title='bbox 342 610 503 676; x_wconf 86' lang='lat' dir='ltr'>Wuttona</span> <span class='ocrx_word' id='word_1_8' title='bbox 524 631 588 698; x_wconf 90' lang='lat' dir='ltr'>que</span> <span class='ocrx_word' id='word_1_9' title='bbox 618 617 714 675; x_wconf 87' lang='lat' dir='ltr'>uacat</span> <span class='ocrx_word' id='word_1_10' title='bbox 743 617 783 674; x_wconf 90' lang='lat' dir='ltr'>ut</span> <span class='ocrx_word' id='word_1_11' title='bbox 811 608 933 674; x_wconf 90' lang='lat' dir='ltr'>dicitur</span> <span class='ocrx_word' id='word_1_12' title='bbox 961 607 1054 674; x_wconf 89' lang='lat' dir='ltr'>cuius</span> <span class='ocrx_word' id='word_1_13' title='bbox 1083 609 1331 675; x_wconf 88' lang='lat' dir='ltr'>aduocacionem</span> <span class='ocrx_word' id='word_1_14' title='bbox 1360 609 1453 674; x_wconf 86' lang='lat' dir='ltr'>Ami-</span> 
     </span>
     <span class='ocr_line' id='line_1_3' title="bbox 342 711 1451 780; baseline 0.001 -1"><span class='ocrx_word' id='word_1_15' title='bbox 342 714 454 780; x_wconf 89' lang='lat' dir='ltr'>cabilis</span> <span class='ocrx_word' id='word_1_16' title='bbox 475 715 516 779; x_wconf 89' lang='lat' dir='ltr'>de</span> <span class='ocrx_word' id='word_1_17' title='bbox 532 715 693 779; x_wconf 85' lang='lat' dir='ltr'>Wuttona</span> <span class='ocrx_word' id='word_1_18' title='bbox 713 714 834 778; x_wconf 87' lang='lat' dir='ltr'>clamat</span> <span class='ocrx_word' id='word_1_19' title='bbox 854 733 968 778; x_wconf 87' lang='lat' dir='ltr'>uersus</span> <span class='ocrx_word' id='word_1_20' title='bbox 987 712 1152 778; x_wconf 84' lang='lat' dir='ltr'>Abbatem</span> <span class='ocrx_word' id='word_1_21' title='bbox 1175 711 1215 778; x_wconf 90' lang='lat' dir='ltr'>de</span> <span class='ocrx_word' id='word_1_22' title='bbox 1236 714 1451 780; x_wconf 85' lang='lat' dir='ltr'>Luuendena¹</span> 
     </span>
     <span class='ocr_line' id='line_1_4' title="bbox 341 817 581 903; baseline 0.008 -21"><span class='ocrx_word' id='word_1_23' title='bbox 341 817 399 903; x_wconf 89' lang='lat' dir='ltr'>qui</span> <span class='ocrx_word' id='word_1_24' title='bbox 413 817 507 882; x_wconf 87' lang='lat' dir='ltr'>uenit</span> <span class='ocrx_word' id='word_1_25' title='bbox 521 825 581 884; x_wconf 80' lang='lat' dir='ltr'>etc</span> 
     </span>
    </p>

    <p class='ocr_par' dir='ltr' id='par_1_3' title="bbox 340 917 1451 1834">
     <span class='ocr_line' id='line_1_5' title="bbox 407 917 1451 1005; baseline 0.001 -22"><span class='ocrx_word' id='word_1_26' title='bbox 407 917 529 983; x_wconf 86' lang='lat' dir='ltr'>Eadem</span> <span class='ocrx_word' id='word_1_27' title='bbox 551 918 652 983; x_wconf 79' lang='lat' dir='ltr'><strong>assisa</strong></span> <span class='ocrx_word' id='word_1_28' title='bbox 671 917 764 982; x_wconf 90' lang='lat' dir='ltr'>uenit</span> <span class='ocrx_word' id='word_1_29' title='bbox 786 917 993 1004; x_wconf 79' lang='lat' dir='ltr'>recognitum</span> <span class='ocrx_word' id='word_1_30' title='bbox 1014 917 1087 1002; x_wconf 89' lang='lat' dir='ltr'>quis</span> <span class='ocrx_word' id='word_1_31' title='bbox 1105 917 1283 983; x_wconf 88' lang='lat' dir='ltr'>aduocatus</span> <span class='ocrx_word' id='word_1_32' title='bbox 1306 927 1451 1005; x_wconf 88' lang='lat' dir='ltr'>tempore</span> 
     </span>
     <span class='ocr_line' id='line_1_6' title="bbox 340 1021 1449 1108; baseline 0 -21"><span class='ocrx_word' id='word_1_33' title='bbox 340 1021 429 1107; x_wconf 86' lang='lat' dir='ltr'>pacis</span> <span class='ocrx_word' id='word_1_34' title='bbox 465 1021 667 1108; x_wconf 84' lang='lat' dir='ltr'>presentauit</span> <span class='ocrx_word' id='word_1_35' title='bbox 696 1021 847 1086; x_wconf 78' lang='lat' dir='ltr'><strong>ultimam</strong></span> <span class='ocrx_word' id='word_1_36' title='bbox 876 1043 1045 1107; x_wconf 80' lang='lat' dir='ltr'><strong>personam</strong></span> <span class='ocrx_word' id='word_1_37' title='bbox 1075 1044 1139 1108; x_wconf 88' lang='lat' dir='ltr'>que</span> <span class='ocrx_word' id='word_1_38' title='bbox 1169 1031 1299 1087; x_wconf 88' lang='lat' dir='ltr'>mortua</span> <span class='ocrx_word' id='word_1_39' title='bbox 1328 1032 1378 1087; x_wconf 92' lang='lat' dir='ltr'>est</span> <span class='ocrx_word' id='word_1_40' title='bbox 1407 1023 1449 1087; x_wconf 86' lang='lat' dir='ltr'>ad</span> 
     </span>
     <span class='ocr_line' id='line_1_7' title="bbox 341 1125 1450 1192; baseline 0.001 -2"><span class='ocrx_word' id='word_1_41' title='bbox 341 1126 508 1190; x_wconf 86' lang='lat' dir='ltr'>ecclesiam</span> <span class='ocrx_word' id='word_1_42' title='bbox 531 1126 571 1190; x_wconf 93' lang='lat' dir='ltr'>de</span> <span class='ocrx_word' id='word_1_43' title='bbox 597 1126 754 1190; x_wconf 86' lang='lat' dir='ltr'>Sheltona</span> <span class='ocrx_word' id='word_1_44' title='bbox 776 1134 811 1189; x_wconf 88' lang='lat' dir='ltr'>et</span> <span class='ocrx_word' id='word_1_45' title='bbox 836 1125 930 1190; x_wconf 90' lang='lat' dir='ltr'>cuius</span> <span class='ocrx_word' id='word_1_46' title='bbox 954 1126 1202 1191; x_wconf 87' lang='lat' dir='ltr'>aduocacionem</span> <span class='ocrx_word' id='word_1_47' title='bbox 1229 1127 1387 1192; x_wconf 89' lang='lat' dir='ltr'>Ricardus</span> <span class='ocrx_word' id='word_1_48' title='bbox 1409 1126 1450 1191; x_wconf 91' lang='lat' dir='ltr'>de</span> 
     </span>
     <span class='ocr_line' id='line_1_8' title="bbox 342 1228 1451 1316; baseline 0.002 -22"><span class='ocrx_word' id='word_1_49' title='bbox 342 1230 433 1295; x_wconf 89' lang='lat' dir='ltr'>Bello</span> <span class='ocrx_word' id='word_1_50' title='bbox 449 1230 573 1316; x_wconf 80' lang='lat' dir='ltr'>Campo</span> <span class='ocrx_word' id='word_1_51' title='bbox 588 1230 707 1294; x_wconf 88' lang='lat' dir='ltr'>clamat</span> <span class='ocrx_word' id='word_1_52' title='bbox 722 1251 835 1294; x_wconf 84' lang='lat' dir='ltr'>uersus</span> <span class='ocrx_word' id='word_1_53' title='bbox 850 1228 990 1294; x_wconf 90' lang='lat' dir='ltr'>eundem</span> <span class='ocrx_word' id='word_1_54' title='bbox 1005 1230 1170 1295; x_wconf 90' lang='lat' dir='ltr'>Abbatem</span> <span class='ocrx_word' id='word_1_55' title='bbox 1190 1230 1231 1296; x_wconf 93' lang='lat' dir='ltr'>de</span> <span class='ocrx_word' id='word_1_56' title='bbox 1253 1231 1451 1296; x_wconf 88' lang='lat' dir='ltr'>Lauendena</span> 
     </span>
     <span class='ocr_line' id='line_1_9' title="bbox 341 1329 1451 1418; baseline 0 -21"><span class='ocrx_word' id='word_1_57' title='bbox 341 1340 376 1397; x_wconf 86' lang='lat' dir='ltr'>et</span> <span class='ocrx_word' id='word_1_58' title='bbox 391 1332 448 1418; x_wconf 91' lang='lat' dir='ltr'>qui</span> <span class='ocrx_word' id='word_1_59' title='bbox 461 1333 556 1396; x_wconf 87' lang='lat' dir='ltr'>uenit</span> <span class='ocrx_word' id='word_1_60' title='bbox 576 1340 646 1408; x_wconf 86' lang='lat' dir='ltr'>etc,</span> <span class='ocrx_word' id='word_1_61' title='bbox 660 1339 696 1396; x_wconf 83' lang='lat' dir='ltr'>et</span> <span class='ocrx_word' id='word_1_62' title='bbox 716 1331 803 1396; x_wconf 89' lang='lat' dir='ltr'>unde</span> <span class='ocrx_word' id='word_1_63' title='bbox 826 1331 889 1416; x_wconf 89' lang='lat' dir='ltr'>ipsi</span> <span class='ocrx_word' id='word_1_64' title='bbox 903 1329 1095 1397; x_wconf 82' lang='lat' dir='ltr'>Amicabilis</span> <span class='ocrx_word' id='word_1_65' title='bbox 1115 1341 1149 1398; x_wconf 86' lang='lat' dir='ltr'>et</span> <span class='ocrx_word' id='word_1_66' title='bbox 1164 1334 1322 1398; x_wconf 84' lang='lat' dir='ltr'>Ricardus</span> <span class='ocrx_word' id='word_1_67' title='bbox 1337 1334 1451 1399; x_wconf 87' lang='lat' dir='ltr'>dicunt</span> 
     </span>
     <span class='ocr_line' id='line_1_10' title="bbox 342 1429 1450 1523; baseline 0.002 -22"><span class='ocrx_word' id='word_1_68' title='bbox 342 1429 575 1522; x_wconf 85' lang='lat' dir='ltr'>quodquidam</span> <span class='ocrx_word' id='word_1_69' title='bbox 597 1436 763 1502; x_wconf 85' lang='lat' dir='ltr'>Johannes</span> <span class='ocrx_word' id='word_1_70' title='bbox 785 1435 826 1500; x_wconf 88' lang='lat' dir='ltr'>dc</span> <span class='ocrx_word' id='word_1_71' title='bbox 849 1435 958 1500; x_wconf 91' lang='lat' dir='ltr'>Bidun</span> <span class='ocrx_word' id='word_1_72' title='bbox 980 1445 1075 1522; x_wconf 86' lang='lat' dir='ltr'>pater</span> <span class='ocrx_word' id='word_1_73' title='bbox 1096 1437 1239 1523; x_wconf 80' lang='lat' dir='ltr'>predicte</span> <span class='ocrx_word' id='word_1_74' title='bbox 1259 1437 1450 1503; x_wconf 85' lang='lat' dir='ltr'>Amicabilis</span> 
     </span>
     <span class='ocr_line' id='line_1_11' title="bbox 342 1539 1450 1629; baseline 0.001 -23"><span class='ocrx_word' id='word_1_75' title='bbox 342 1551 377 1606; x_wconf 89' lang='lat' dir='ltr'>et</span> <span class='ocrx_word' id='word_1_76' title='bbox 400 1543 494 1608; x_wconf 81' lang='lat' dir='ltr'>Serre</span> <span class='ocrx_word' id='word_1_77' title='bbox 516 1541 625 1606; x_wconf 86' lang='lat' dir='ltr'>uxoris</span> <span class='ocrx_word' id='word_1_78' title='bbox 647 1539 785 1626; x_wconf 78' lang='lat' dir='ltr'><strong>predicti</strong></span> <span class='ocrx_word' id='word_1_79' title='bbox 807 1540 938 1605; x_wconf 85' lang='lat' dir='ltr'>Ricardi</span> <span class='ocrx_word' id='word_1_80' title='bbox 960 1543 1163 1626; x_wconf 85' lang='lat' dir='ltr'>presentauit</span> <span class='ocrx_word' id='word_1_81' title='bbox 1182 1543 1344 1629; x_wconf 78' lang='lat' dir='ltr'>quendam</span> <span class='ocrx_word' id='word_1_82' title='bbox 1360 1543 1450 1607; x_wconf 88' lang='lat' dir='ltr'>Wal-</span> 
     </span>
     <span class='ocr_line' id='line_1_12' title="bbox 342 1641 1450 1728; baseline 0.004 -21"><span class='ocrx_word' id='word_1_83' title='bbox 342 1653 449 1708; x_wconf 87' lang='lat' dir='ltr'>terum</span> <span class='ocrx_word' id='word_1_84' title='bbox 467 1644 508 1709; x_wconf 90' lang='lat' dir='ltr'>de</span> <span class='ocrx_word' id='word_1_85' title='bbox 524 1643 633 1708; x_wconf 92' lang='lat' dir='ltr'>Bidun</span> <span class='ocrx_word' id='word_1_86' title='bbox 648 1641 705 1728; x_wconf 89' lang='lat' dir='ltr'>qui</span> <span class='ocrx_word' id='word_1_87' title='bbox 727 1641 769 1706; x_wconf 89' lang='lat' dir='ltr'>ad</span> <span class='ocrx_word' id='word_1_88' title='bbox 791 1643 1067 1727; x_wconf 84' lang='lat' dir='ltr'>presentacionem</span> <span class='ocrx_word' id='word_1_89' title='bbox 1090 1668 1182 1709; x_wconf 85' lang='lat' dir='ltr'>suam</span> <span class='ocrx_word' id='word_1_90' title='bbox 1205 1647 1268 1710; x_wconf 80' lang='lat' dir='ltr'>fuit</span> <span class='ocrx_word' id='word_1_91' title='bbox 1290 1646 1450 1711; x_wconf 81' lang='lat' dir='ltr'>admissus</span> 
     </span>
     <span class='ocr_line' id='line_1_13' title="bbox 340 1746 1084 1834; baseline 0 -20"><span class='ocrx_word' id='word_1_92' title='bbox 340 1748 382 1814; x_wconf 85' lang='lat' dir='ltr'>ad</span> <span class='ocrx_word' id='word_1_93' title='bbox 397 1749 525 1814; x_wconf 84' lang='lat' dir='ltr'>easdem</span> <span class='ocrx_word' id='word_1_94' title='bbox 542 1747 691 1814; x_wconf 84' lang='lat' dir='ltr'>ecclesias</span> <span class='ocrx_word' id='word_1_95' title='bbox 706 1755 740 1811; x_wconf 88' lang='lat' dir='ltr'>et</span> <span class='ocrx_word' id='word_1_96' title='bbox 755 1746 831 1811; x_wconf 89' lang='lat' dir='ltr'>inde</span> <span class='ocrx_word' id='word_1_97' title='bbox 846 1747 928 1812; x_wconf 89' lang='lat' dir='ltr'>obiit</span> <span class='ocrx_word' id='word_1_98' title='bbox 942 1770 1084 1834; x_wconf 84' lang='lat' dir='ltr'>persona</span> 
     </span>
    </p>

    <p class='ocr_par' dir='ltr' id='par_1_4' title="bbox 337 1848 1449 2556">
     <span class='ocr_line' id='line_1_14' title="bbox 406 1848 1448 1934; baseline 0.003 -20"><span class='ocrx_word' id='word_1_99' title='bbox 406 1849 450 1916; x_wconf 87' lang='lat' dir='ltr'>Et</span> <span class='ocrx_word' id='word_1_100' title='bbox 465 1851 577 1916; x_wconf 87' lang='lat' dir='ltr'><strong>Abbas</strong></span> <span class='ocrx_word' id='word_1_101' title='bbox 595 1849 688 1914; x_wconf 86' lang='lat' dir='ltr'>uenit</span> <span class='ocrx_word' id='word_1_102' title='bbox 709 1857 744 1913; x_wconf 89' lang='lat' dir='ltr'>et</span> <span class='ocrx_word' id='word_1_103' title='bbox 763 1848 946 1934; x_wconf 84' lang='lat' dir='ltr'>dicitquod</span> <span class='ocrx_word' id='word_1_104' title='bbox 965 1851 1065 1915; x_wconf 85' lang='lat' dir='ltr'><strong>assisa</strong></span> <span class='ocrx_word' id='word_1_105' title='bbox 1086 1874 1151 1916; x_wconf 89' lang='lat' dir='ltr'>non</span> <span class='ocrx_word' id='word_1_106' title='bbox 1167 1851 1265 1916; x_wconf 90' lang='lat' dir='ltr'>debet</span> <span class='ocrx_word' id='word_1_107' title='bbox 1287 1853 1363 1918; x_wconf 88' lang='lat' dir='ltr'>inde</span> <span class='ocrx_word' id='word_1_108' title='bbox 1378 1852 1448 1917; x_wconf 85' lang='lat' dir='ltr'>fieri</span> 
     </span>
     <span class='ocr_line' id='line_1_15' title="bbox 340 1949 1448 2039; baseline 0.004 -25"><span class='ocrx_word' id='word_1_109' title='bbox 340 1951 419 2036; x_wconf 88' lang='lat' dir='ltr'>quia</span> <span class='ocrx_word' id='word_1_110' title='bbox 433 1951 514 2015; x_wconf 87' lang='lat' dir='ltr'>bene</span> <span class='ocrx_word' id='word_1_111' title='bbox 536 1959 645 2036; x_wconf 90' lang='lat' dir='ltr'>potest</span> <span class='ocrx_word' id='word_1_112' title='bbox 667 1949 837 2036; x_wconf 89' lang='lat' dir='ltr'>essequod</span> <span class='ocrx_word' id='word_1_113' title='bbox 859 1951 946 2014; x_wconf 88' lang='lat' dir='ltr'>idem</span> <span class='ocrx_word' id='word_1_114' title='bbox 968 1951 992 2016; x_wconf 82' lang='lat' dir='ltr'>J</span> <span class='ocrx_word' id='word_1_115' title='bbox 993 1949 1135 2017; x_wconf 88' lang='lat' dir='ltr'>ohannes</span> <span class='ocrx_word' id='word_1_116' title='bbox 1156 1953 1359 2038; x_wconf 85' lang='lat' dir='ltr'>presentauit</span> <span class='ocrx_word' id='word_1_117' title='bbox 1376 1975 1448 2039; x_wconf 87' lang='lat' dir='ltr'>pre-</span> 
     </span>
     <span class='ocr_line' id='line_1_16' title="bbox 340 2054 1448 2142; baseline 0.002 -24"><span class='ocrx_word' id='word_1_118' title='bbox 340 2054 464 2118; x_wconf 90' lang='lat' dir='ltr'>dictum</span> <span class='ocrx_word' id='word_1_119' title='bbox 480 2054 662 2118; x_wconf 87' lang='lat' dir='ltr'>Walterum</span> <span class='ocrx_word' id='word_1_120' title='bbox 677 2063 728 2118; x_wconf 87' lang='lat' dir='ltr'>set</span> <span class='ocrx_word' id='word_1_121' title='bbox 742 2063 914 2140; x_wconf 73' lang='lat' dir='ltr'><strong>postquam</strong></span> <span class='ocrx_word' id='word_1_122' title='bbox 929 2055 1038 2140; x_wconf 91' lang='lat' dir='ltr'>ipsum</span> <span class='ocrx_word' id='word_1_123' title='bbox 1052 2057 1255 2142; x_wconf 86' lang='lat' dir='ltr'>presentauit</span> <span class='ocrx_word' id='word_1_124' title='bbox 1269 2057 1361 2122; x_wconf 82' lang='lat' dir='ltr'>dedit</span> <span class='ocrx_word' id='word_1_125' title='bbox 1378 2057 1448 2142; x_wconf 88' lang='lat' dir='ltr'>ipse</span> 
     </span>
     <span class='ocr_line' id='line_1_17' title="bbox 338 2155 1448 2244; baseline 0.003 -23"><span class='ocrx_word' id='word_1_126' title='bbox 338 2155 505 2222; x_wconf 85' lang='lat' dir='ltr'>Johannes</span> <span class='ocrx_word' id='word_1_127' title='bbox 522 2157 683 2244; x_wconf 84' lang='lat' dir='ltr'>predictas</span> <span class='ocrx_word' id='word_1_128' title='bbox 705 2156 802 2220; x_wconf 90' lang='lat' dir='ltr'>simul</span> <span class='ocrx_word' id='word_1_129' title='bbox 823 2179 898 2221; x_wconf 89' lang='lat' dir='ltr'>cum</span> <span class='ocrx_word' id='word_1_130' title='bbox 919 2158 992 2222; x_wconf 81' lang='lat' dir='ltr'>aliis</span> <span class='ocrx_word' id='word_1_131' title='bbox 1012 2159 1154 2223; x_wconf 84' lang='lat' dir='ltr'>ecclesiis</span> <span class='ocrx_word' id='word_1_132' title='bbox 1173 2159 1234 2224; x_wconf 91' lang='lat' dir='ltr'>deo</span> <span class='ocrx_word' id='word_1_133' title='bbox 1258 2168 1293 2224; x_wconf 83' lang='lat' dir='ltr'>et</span> <span class='ocrx_word' id='word_1_134' title='bbox 1314 2160 1448 2224; x_wconf 84' lang='lat' dir='ltr'>ecclesie</span> 
     </span>
     <span class='ocr_line' id='line_1_18' title="bbox 339 2261 1449 2330; baseline 0.002 -2"><span class='ocrx_word' id='word_1_135' title='bbox 339 2263 370 2330; x_wconf 80' lang='lat' dir='ltr'>S.</span> <span class='ocrx_word' id='word_1_136' title='bbox 395 2263 555 2328; x_wconf 79' lang='lat' dir='ltr'>dohannis</span> <span class='ocrx_word' id='word_1_137' title='bbox 584 2271 619 2326; x_wconf 89' lang='lat' dir='ltr'>et</span> <span class='ocrx_word' id='word_1_138' title='bbox 640 2261 765 2326; x_wconf 79' lang='lat' dir='ltr'><strong>Abbati</strong></span> <span class='ocrx_word' id='word_1_139' title='bbox 790 2261 913 2326; x_wconf 89' lang='lat' dir='ltr'>Dauidi</span> <span class='ocrx_word' id='word_1_140' title='bbox 939 2271 974 2327; x_wconf 90' lang='lat' dir='ltr'>et</span> <span class='ocrx_word' id='word_1_141' title='bbox 999 2265 1161 2328; x_wconf 89' lang='lat' dir='ltr'>canonicis</span> <span class='ocrx_word' id='word_1_142' title='bbox 1182 2263 1223 2328; x_wconf 88' lang='lat' dir='ltr'>dc</span> <span class='ocrx_word' id='word_1_143' title='bbox 1249 2265 1449 2330; x_wconf 87' lang='lat' dir='ltr'>Lauendena</span> 
     </span>
     <span class='ocr_line' id='line_1_19' title="bbox 338 2365 1446 2454; baseline 0.002 -23"><span class='ocrx_word' id='word_1_144' title='bbox 338 2389 412 2431; x_wconf 88' lang='lat' dir='ltr'>cum</span> <span class='ocrx_word' id='word_1_145' title='bbox 434 2367 584 2432; x_wconf 86' lang='lat' dir='ltr'>omnibus</span> <span class='ocrx_word' id='word_1_146' title='bbox 606 2365 815 2452; x_wconf 78' lang='lat' dir='ltr'>pertinenciis</span> <span class='ocrx_word' id='word_1_147' title='bbox 837 2365 982 2452; x_wconf 89' lang='lat' dir='ltr'>ipsarum</span> <span class='ocrx_word' id='word_1_148' title='bbox 1004 2387 1063 2452; x_wconf 89' lang='lat' dir='ltr'>per</span> <span class='ocrx_word' id='word_1_149' title='bbox 1088 2375 1211 2432; x_wconf 87' lang='lat' dir='ltr'>cartam</span> <span class='ocrx_word' id='word_1_150' title='bbox 1232 2387 1325 2432; x_wconf 84' lang='lat' dir='ltr'>suam</span> <span class='ocrx_word' id='word_1_151' title='bbox 1346 2389 1446 2454; x_wconf 88' lang='lat' dir='ltr'>quam</span> 
     </span>
     <span class='ocr_line' id='line_1_20' title="bbox 337 2471 533 2556; baseline 0 -22"><span class='ocrx_word' id='word_1_152' title='bbox 337 2471 458 2556; x_wconf 84' lang='lat' dir='ltr'>profert</span> <span class='ocrx_word' id='word_1_153' title='bbox 473 2479 533 2534; x_wconf 90' lang='lat' dir='ltr'>etc.</span> 
     </span>
    </p>

    <p class='ocr_par' dir='ltr' id='par_1_5' title="bbox 332 2571 1446 3693">
     <span class='ocr_line' id='line_1_21' title="bbox 403 2571 1446 2660; baseline 0.001 -22"><span class='ocrx_word' id='word_1_154' title='bbox 403 2573 446 2638; x_wconf 88' lang='lat' dir='ltr'>Et</span> <span class='ocrx_word' id='word_1_155' title='bbox 468 2571 659 2637; x_wconf 88' lang='lat' dir='ltr'>Amicabilis</span> <span class='ocrx_word' id='word_1_156' title='bbox 683 2579 718 2636; x_wconf 90' lang='lat' dir='ltr'>et</span> <span class='ocrx_word' id='word_1_157' title='bbox 736 2571 894 2636; x_wconf 86' lang='lat' dir='ltr'>Ricardus</span> <span class='ocrx_word' id='word_1_158' title='bbox 915 2571 1030 2636; x_wconf 89' lang='lat' dir='ltr'>dicunt</span> <span class='ocrx_word' id='word_1_159' title='bbox 1051 2573 1137 2659; x_wconf 91' lang='lat' dir='ltr'>quod</span> <span class='ocrx_word' id='word_1_160' title='bbox 1160 2581 1332 2660; x_wconf 80' lang='lat' dir='ltr'>postquam</span> <span class='ocrx_word' id='word_1_161' title='bbox 1355 2584 1446 2639; x_wconf 81' lang='lat' dir='ltr'>carta</span> 
     </span>
     <span class='ocr_line' id='line_1_22' title="bbox 336 2674 1446 2760; baseline 0.001 -20"><span class='ocrx_word' id='word_1_162' title='bbox 336 2675 393 2740; x_wconf 88' lang='lat' dir='ltr'>illa</span> <span class='ocrx_word' id='word_1_163' title='bbox 408 2678 493 2740; x_wconf 77' lang='lat' dir='ltr'>sacta</span> <span class='ocrx_word' id='word_1_164' title='bbox 508 2675 571 2739; x_wconf 83' lang='lat' dir='ltr'>suit</span> <span class='ocrx_word' id='word_1_165' title='bbox 585 2674 788 2760; x_wconf 84' lang='lat' dir='ltr'>presentauit</span> <span class='ocrx_word' id='word_1_166' title='bbox 802 2674 890 2739; x_wconf 91' lang='lat' dir='ltr'>idem</span> <span class='ocrx_word' id='word_1_167' title='bbox 904 2675 1072 2740; x_wconf 62' lang='lat' dir='ltr'>«Iohannes</span> <span class='ocrx_word' id='word_1_168' title='bbox 1086 2675 1128 2740; x_wconf 90' lang='lat' dir='ltr'>ad</span> <span class='ocrx_word' id='word_1_169' title='bbox 1143 2675 1272 2740; x_wconf 85' lang='lat' dir='ltr'>easdem</span> <span class='ocrx_word' id='word_1_170' title='bbox 1295 2677 1446 2742; x_wconf 86' lang='lat' dir='ltr'>ecclesias</span> 
     </span>
     <span class='ocr_line' id='line_1_23' title="bbox 335 2775 1444 2866; baseline -0.001 -22"><span class='ocrx_word' id='word_1_171' title='bbox 335 2779 518 2866; x_wconf 87' lang='lat' dir='ltr'>predictum</span> <span class='ocrx_word' id='word_1_172' title='bbox 534 2778 716 2843; x_wconf 87' lang='lat' dir='ltr'>Walterum</span> <span class='ocrx_word' id='word_1_173' title='bbox 732 2779 789 2865; x_wconf 90' lang='lat' dir='ltr'>qui</span> <span class='ocrx_word' id='word_1_174' title='bbox 808 2779 926 2844; x_wconf 87' lang='lat' dir='ltr'>ultimo</span> <span class='ocrx_word' id='word_1_175' title='bbox 945 2775 1028 2842; x_wconf 85' lang='lat' dir='ltr'>obiit</span> <span class='ocrx_word' id='word_1_176' title='bbox 1049 2799 1186 2864; x_wconf 84' lang='lat' dir='ltr'>persona</span> <span class='ocrx_word' id='word_1_177' title='bbox 1207 2779 1242 2842; x_wconf 93' lang='lat' dir='ltr'>in</span> <span class='ocrx_word' id='word_1_178' title='bbox 1263 2777 1394 2856; x_wconf 72' lang='lat' dir='ltr'>eisdem</span> <span class='ocrx_word' id='word_1_179' title='bbox 1408 2788 1444 2844; x_wconf 89' lang='lat' dir='ltr'>ct</span> 
     </span>
     <span class='ocr_line' id='line_1_24' title="bbox 335 2881 1445 2969; baseline 0 -21"><span class='ocrx_word' id='word_1_180' title='bbox 335 2905 449 2948; x_wconf 86' lang='lat' dir='ltr'>reuera</span> <span class='ocrx_word' id='word_1_181' title='bbox 471 2881 602 2968; x_wconf 86' lang='lat' dir='ltr'>quidam</span> <span class='ocrx_word' id='word_1_182' title='bbox 625 2882 791 2946; x_wconf 90' lang='lat' dir='ltr'>Halnacus</span> <span class='ocrx_word' id='word_1_183' title='bbox 814 2891 908 2968; x_wconf 89' lang='lat' dir='ltr'>pater</span> <span class='ocrx_word' id='word_1_184' title='bbox 933 2882 1035 2969; x_wconf 84' lang='lat' dir='ltr'>ipsius</span> <span class='ocrx_word' id='word_1_185' title='bbox 1059 2881 1220 2948; x_wconf 83' lang='lat' dir='ltr'>Johannis</span> <span class='ocrx_word' id='word_1_186' title='bbox 1241 2885 1445 2969; x_wconf 86' lang='lat' dir='ltr'>presentauit</span> 
     </span>
     <span class='ocr_line' id='line_1_25' title="bbox 335 2986 1443 3075; baseline 0.001 -22"><span class='ocrx_word' id='word_1_187' title='bbox 335 2988 377 3052; x_wconf 82' lang='lat' dir='ltr'>ad</span> <span class='ocrx_word' id='word_1_188' title='bbox 405 2988 535 3053; x_wconf 88' lang='lat' dir='ltr'>easdem</span> <span class='ocrx_word' id='word_1_189' title='bbox 565 2987 714 3050; x_wconf 87' lang='lat' dir='ltr'>ecclesias</span> <span class='ocrx_word' id='word_1_190' title='bbox 743 2986 905 3072; x_wconf 86' lang='lat' dir='ltr'>quendam</span> <span class='ocrx_word' id='word_1_191' title='bbox 935 2988 1118 3053; x_wconf 88' lang='lat' dir='ltr'>Walterum</span> <span class='ocrx_word' id='word_1_192' title='bbox 1147 2987 1189 3052; x_wconf 90' lang='lat' dir='ltr'>de</span> <span class='ocrx_word' id='word_1_193' title='bbox 1226 2987 1356 3052; x_wconf 85' lang='lat' dir='ltr'>Bidun¹</span> <span class='ocrx_word' id='word_1_194' title='bbox 1385 2989 1443 3075; x_wconf 88' lang='lat' dir='ltr'>qui</span> 
     </span>
     <span class='ocr_line' id='line_1_26' title="bbox 335 3085 1443 3176; baseline 0.001 -23"><span class='ocrx_word' id='word_1_195' title='bbox 335 3089 398 3153; x_wconf 86' lang='lat' dir='ltr'>fuit</span> <span class='ocrx_word' id='word_1_196' title='bbox 421 3088 630 3154; x_wconf 86' lang='lat' dir='ltr'>cancellarius</span> <span class='ocrx_word' id='word_1_197' title='bbox 649 3085 750 3174; x_wconf 78' lang='lat' dir='ltr'>Regis</span> <span class='ocrx_word' id='word_1_198' title='bbox 771 3087 883 3152; x_wconf 84' lang='lat' dir='ltr'>Scocie</span> <span class='ocrx_word' id='word_1_199' title='bbox 907 3088 965 3173; x_wconf 90' lang='lat' dir='ltr'>qui</span> <span class='ocrx_word' id='word_1_200' title='bbox 987 3088 1160 3173; x_wconf 89' lang='lat' dir='ltr'>aliquando</span> <span class='ocrx_word' id='word_1_201' title='bbox 1184 3090 1247 3152; x_wconf 83' lang='lat' dir='ltr'>suit</span> <span class='ocrx_word' id='word_1_202' title='bbox 1270 3089 1347 3154; x_wconf 89' lang='lat' dir='ltr'>inde</span> <span class='ocrx_word' id='word_1_203' title='bbox 1369 3111 1443 3176; x_wconf 85' lang='lat' dir='ltr'>per-</span> 
     </span>
     <span class='ocr_line' id='line_1_27' title="bbox 334 3191 1441 3279; baseline 0.001 -22"><span class='ocrx_word' id='word_1_204' title='bbox 334 3215 413 3257; x_wconf 84' lang='lat' dir='ltr'>sona</span> <span class='ocrx_word' id='word_1_205' title='bbox 426 3201 461 3257; x_wconf 89' lang='lat' dir='ltr'>et</span> <span class='ocrx_word' id='word_1_206' title='bbox 476 3193 557 3256; x_wconf 91' lang='lat' dir='ltr'>obiit</span> <span class='ocrx_word' id='word_1_207' title='bbox 577 3191 653 3256; x_wconf 90' lang='lat' dir='ltr'>inde</span> <span class='ocrx_word' id='word_1_208' title='bbox 668 3211 812 3278; x_wconf 84' lang='lat' dir='ltr'>persona,</span> <span class='ocrx_word' id='word_1_209' title='bbox 828 3201 862 3256; x_wconf 90' lang='lat' dir='ltr'>et</span> <span class='ocrx_word' id='word_1_210' title='bbox 877 3191 960 3256; x_wconf 89' lang='lat' dir='ltr'>bene</span> <span class='ocrx_word' id='word_1_211' title='bbox 975 3199 1085 3277; x_wconf 90' lang='lat' dir='ltr'>potest</span> <span class='ocrx_word' id='word_1_212' title='bbox 1104 3213 1174 3256; x_wconf 90' lang='lat' dir='ltr'>esse</span> <span class='ocrx_word' id='word_1_213' title='bbox 1189 3192 1276 3278; x_wconf 88' lang='lat' dir='ltr'>quod</span> <span class='ocrx_word' id='word_1_214' title='bbox 1295 3201 1441 3279; x_wconf 87' lang='lat' dir='ltr'>tempore</span> 
     </span>
     <span class='ocr_line' id='line_1_28' title="bbox 333 3295 1441 3381; baseline 0 -21"><span class='ocrx_word' id='word_1_215' title='bbox 333 3319 392 3361; x_wconf 91' lang='lat' dir='ltr'>suo</span> <span class='ocrx_word' id='word_1_216' title='bbox 406 3297 552 3360; x_wconf 88' lang='lat' dir='ltr'>confecta</span> <span class='ocrx_word' id='word_1_217' title='bbox 566 3295 630 3360; x_wconf 85' lang='lat' dir='ltr'>fuit</span> <span class='ocrx_word' id='word_1_218' title='bbox 644 3305 735 3360; x_wconf 84' lang='lat' dir='ltr'>carta</span> <span class='ocrx_word' id='word_1_219' title='bbox 749 3296 807 3360; x_wconf 92' lang='lat' dir='ltr'>illa</span> <span class='ocrx_word' id='word_1_220' title='bbox 822 3304 944 3381; x_wconf 84' lang='lat' dir='ltr'>etpost</span> <span class='ocrx_word' id='word_1_221' title='bbox 959 3305 1096 3360; x_wconf 81' lang='lat' dir='ltr'>mortem</span> <span class='ocrx_word' id='word_1_222' title='bbox 1113 3295 1250 3360; x_wconf 80' lang='lat' dir='ltr'>walteri</span> <span class='ocrx_word' id='word_1_223' title='bbox 1270 3295 1311 3360; x_wconf 88' lang='lat' dir='ltr'>de</span> <span class='ocrx_word' id='word_1_224' title='bbox 1331 3296 1441 3360; x_wconf 88' lang='lat' dir='ltr'>Bidun</span> 
     </span>
     <span class='ocr_line' id='line_1_29' title="bbox 332 3399 1442 3486; baseline 0.001 -21"><span class='ocrx_word' id='word_1_225' title='bbox 332 3401 429 3486; x_wconf 90' lang='lat' dir='ltr'>primi</span> <span class='ocrx_word' id='word_1_226' title='bbox 444 3399 645 3484; x_wconf 86' lang='lat' dir='ltr'>presentauit</span> <span class='ocrx_word' id='word_1_227' title='bbox 660 3400 824 3485; x_wconf 83' lang='lat' dir='ltr'>predictus</span> <span class='ocrx_word' id='word_1_228' title='bbox 839 3400 1006 3466; x_wconf 86' lang='lat' dir='ltr'>Johannes</span> <span class='ocrx_word' id='word_1_229' title='bbox 1028 3409 1062 3464; x_wconf 91' lang='lat' dir='ltr'>et</span> <span class='ocrx_word' id='word_1_230' title='bbox 1081 3407 1254 3485; x_wconf 87' lang='lat' dir='ltr'>postquam</span> <span class='ocrx_word' id='word_1_231' title='bbox 1273 3408 1364 3464; x_wconf 83' lang='lat' dir='ltr'>carta</span> <span class='ocrx_word' id='word_1_232' title='bbox 1384 3400 1442 3466; x_wconf 86' lang='lat' dir='ltr'>illa</span> 
     </span>
     <span class='ocr_line' id='line_1_30' title="bbox 333 3501 1441 3588; baseline -0.001 -21"><span class='ocrx_word' id='word_1_233' title='bbox 333 3504 478 3568; x_wconf 88' lang='lat' dir='ltr'>confecta</span> <span class='ocrx_word' id='word_1_234' title='bbox 492 3503 555 3566; x_wconf 81' lang='lat' dir='ltr'>suit</span> <span class='ocrx_word' id='word_1_235' title='bbox 570 3502 752 3588; x_wconf 91' lang='lat' dir='ltr'>predictum</span> <span class='ocrx_word' id='word_1_236' title='bbox 769 3501 971 3567; x_wconf 86' lang='lat' dir='ltr'>Walterum⁸</span> <span class='ocrx_word' id='word_1_237' title='bbox 986 3501 1043 3588; x_wconf 90' lang='lat' dir='ltr'>qui</span> <span class='ocrx_word' id='word_1_238' title='bbox 1063 3502 1179 3566; x_wconf 82' lang='lat' dir='ltr'>ultimo</span> <span class='ocrx_word' id='word_1_239' title='bbox 1199 3502 1282 3566; x_wconf 88' lang='lat' dir='ltr'>obiit</span> <span class='ocrx_word' id='word_1_240' title='bbox 1296 3525 1441 3588; x_wconf 84' lang='lat' dir='ltr'>persona,</span> 
     </span>
     <span class='ocr_line' id='line_1_31' title="bbox 333 3604 908 3693; baseline -0.002 -21"><span class='ocrx_word' id='word_1_241' title='bbox 333 3619 368 3672; x_wconf 88' lang='lat' dir='ltr'>et</span> <span class='ocrx_word' id='word_1_242' title='bbox 382 3606 458 3672; x_wconf 89' lang='lat' dir='ltr'>inde</span> <span class='ocrx_word' id='word_1_243' title='bbox 473 3604 586 3693; x_wconf 86' lang='lat' dir='ltr'>ponit⁴</span> <span class='ocrx_word' id='word_1_244' title='bbox 600 3625 634 3669; x_wconf 86' lang='lat' dir='ltr'>se</span> <span class='ocrx_word' id='word_1_245' title='bbox 649 3625 747 3690; x_wconf 87' lang='lat' dir='ltr'>anper</span> <span class='ocrx_word' id='word_1_246' title='bbox 760 3605 908 3690; x_wconf 88' lang='lat' dir='ltr'>patriam.</span> 
     </span>
    </p>

    <p class='ocr_par' dir='ltr' id='par_1_6' title="bbox 398 3706 1440 3774">
     <span class='ocr_line' id='line_1_32' title="bbox 398 3706 1440 3774; baseline -0.001 0"><span class='ocrx_word' id='word_1_247' title='bbox 398 3706 475 3774; x_wconf 87' lang='lat' dir='ltr'>Post</span> <span class='ocrx_word' id='word_1_248' title='bbox 497 3709 590 3774; x_wconf 89' lang='lat' dir='ltr'>uenit</span> <span class='ocrx_word' id='word_1_249' title='bbox 609 3708 721 3772; x_wconf 89' lang='lat' dir='ltr'><strong>Abbas</strong></span> <span class='ocrx_word' id='word_1_250' title='bbox 745 3715 779 3772; x_wconf 89' lang='lat' dir='ltr'>et</span> <span class='ocrx_word' id='word_1_251' title='bbox 802 3717 898 3772; x_wconf 86' lang='lat' dir='ltr'>uocat</span> <span class='ocrx_word' id='word_1_252' title='bbox 921 3707 996 3772; x_wconf 89' lang='lat' dir='ltr'>inde</span> <span class='ocrx_word' id='word_1_253' title='bbox 1017 3707 1059 3772; x_wconf 90' lang='lat' dir='ltr'>ad</span> <span class='ocrx_word' id='word_1_254' title='bbox 1078 3717 1258 3771; x_wconf 83' lang='lat' dir='ltr'>warantum</span> <span class='ocrx_word' id='word_1_255' title='bbox 1278 3709 1440 3773; x_wconf 81' lang='lat' dir='ltr'>Amiciam</span> 
     </span>
    </p>
   </div>
   <div class='ocr_carea' id='block_1_3' title="bbox 332 3809 1440 4000">
    <p class='ocr_par' dir='ltr' id='par_1_7' title="bbox 332 3809 1440 4000">
     <span class='ocr_line' id='line_1_33' title="bbox 332 3809 1440 3898; baseline 0 -21"><span class='ocrx_word' id='word_1_256' title='bbox 332 3814 373 3878; x_wconf 92' lang='lat' dir='ltr'>de</span> <span class='ocrx_word' id='word_1_257' title='bbox 390 3813 564 3898; x_wconf 84' lang='lat' dir='ltr'>Clingtona</span> <span class='ocrx_word' id='word_1_258' title='bbox 579 3811 680 3875; x_wconf 88' lang='lat' dir='ltr'>filiam</span> <span class='ocrx_word' id='word_1_259' title='bbox 695 3810 833 3896; x_wconf 82' lang='lat' dir='ltr'>predicti</span> <span class='ocrx_word' id='word_1_260' title='bbox 847 3811 870 3876; x_wconf 87' lang='lat' dir='ltr'><strong>J</strong></span> <span class='ocrx_word' id='word_1_261' title='bbox 871 3809 1007 3876; x_wconf 86' lang='lat' dir='ltr'>ohannis</span> <span class='ocrx_word' id='word_1_262' title='bbox 1021 3809 1062 3874; x_wconf 88' lang='lat' dir='ltr'>de</span> <span class='ocrx_word' id='word_1_263' title='bbox 1078 3809 1196 3886; x_wconf 73' lang='lat' dir='ltr'>Binan,</span> <span class='ocrx_word' id='word_1_264' title='bbox 1208 3809 1328 3876; x_wconf 86' lang='lat' dir='ltr'>habeat</span> <span class='ocrx_word' id='word_1_265' title='bbox 1342 3812 1440 3877; x_wconf 76' lang='lat' dir='ltr'>eum‘</span> 
     </span>
     <span class='ocr_line' id='line_1_34' title="bbox 332 3913 1438 4000; baseline -0.002 -17"><span class='ocrx_word' id='word_1_266' title='bbox 332 3927 393 3984; x_wconf 90' lang='lat' dir='ltr'>etc.</span> <span class='ocrx_word' id='word_1_267' title='bbox 438 3918 481 3982; x_wconf 85' lang='lat' dir='ltr'>Et</span> <span class='ocrx_word' id='word_1_268' title='bbox 505 3917 630 3981; x_wconf 89' lang='lat' dir='ltr'>dictum</span> <span class='ocrx_word' id='word_1_269' title='bbox 656 3923 706 3980; x_wconf 85' lang='lat' dir='ltr'>est</span> <span class='ocrx_word' id='word_1_270' title='bbox 733 3913 871 3979; x_wconf 85' lang='lat' dir='ltr'>Ricardo</span> <span class='ocrx_word' id='word_1_271' title='bbox 897 3913 984 4000; x_wconf 91' lang='lat' dir='ltr'>quod</span> <span class='ocrx_word' id='word_1_272' title='bbox 1013 3913 1133 3980; x_wconf 86' lang='lat' dir='ltr'>habeat</span> <span class='ocrx_word' id='word_1_273' title='bbox 1161 3913 1204 3978; x_wconf 92' lang='lat' dir='ltr'>ad</span> <span class='ocrx_word' id='word_1_274' title='bbox 1229 3913 1316 3979; x_wconf 88' lang='lat' dir='ltr'>diem</span> <span class='ocrx_word' id='word_1_275' title='bbox 1345 3915 1438 3981; x_wconf 87' lang='lat' dir='ltr'>illum</span> 
     </span>
    </p>
   </div>
   <div class='ocr_carea' id='block_1_4' title="bbox 331 4017 1439 4106">
    <p class='ocr_par' dir='ltr' id='par_1_8' title="bbox 331 4017 1439 4106">
     <span class='ocr_line' id='line_1_35' title="bbox 331 4017 1439 4106; baseline -0.001 -20"><span class='ocrx_word' id='word_1_276' title='bbox 331 4023 436 4086; x_wconf 86' lang='lat' dir='ltr'>filium</span> <span class='ocrx_word' id='word_1_277' title='bbox 459 4043 554 4085; x_wconf 86' lang='lat' dir='ltr'>suum</span> <span class='ocrx_word' id='word_1_278' title='bbox 579 4020 621 4084; x_wconf 92' lang='lat' dir='ltr'>de</span> <span class='ocrx_word' id='word_1_279' title='bbox 645 4017 791 4105; x_wconf 87' lang='lat' dir='ltr'>predicta</span> <span class='ocrx_word' id='word_1_280' title='bbox 816 4017 932 4084; x_wconf 81' lang='lat' dir='ltr'>Sarra⁸</span> <span class='ocrx_word' id='word_1_281' title='bbox 956 4017 999 4082; x_wconf 90' lang='lat' dir='ltr'>ad</span> <span class='ocrx_word' id='word_1_282' title='bbox 1024 4018 1281 4105; x_wconf 85' lang='lat' dir='ltr'>cognoscendum</span> <span class='ocrx_word' id='word_1_283' title='bbox 1306 4019 1439 4106; x_wconf 87' lang='lat' dir='ltr'>siquid</span> 
     </span>
    </p>
   </div>
   <div class='ocr_carea' id='block_1_5' title="bbox 331 4185 1438 4499">
    <p class='ocr_par' dir='ltr' id='par_1_9' title="bbox 331 4185 1157 4317">
     <span class='ocr_line' id='line_1_36' title="bbox 364 4185 1157 4252; baseline 0.001 -14"><span class='ocrx_word' id='word_1_284' title='bbox 364 4187 540 4248; x_wconf 84' lang='lat' dir='ltr'>¹Lavenden‚</span> <span class='ocrx_word' id='word_1_285' title='bbox 564 4188 658 4247; x_wconf 81' lang='lat' dir='ltr'>Bnoks,</span> <span class='ocrx_word' id='word_1_286' title='bbox 682 4185 796 4237; x_wconf 74' lang='lat' dir='ltr'>founded</span> <span class='ocrx_word' id='word_1_287' title='bbox 824 4187 859 4251; x_wconf 83' lang='lat' dir='ltr'>by</span> <span class='ocrx_word' id='word_1_288' title='bbox 942 4187 1157 4252; x_wconf 62' lang='lat' dir='ltr'>‘Conponunt</span> 
     </span>
     <span class='ocr_line' id='line_1_37' title="bbox 331 4253 1117 4317; baseline -0.003 -13"><span class='ocrx_word' id='word_1_289' title='bbox 331 4256 402 4306; x_wconf 78' lang='lat' dir='ltr'>John</span> <span class='ocrx_word' id='word_1_290' title='bbox 408 4257 435 4305; x_wconf 78' lang='lat' dir='ltr'>ot</span> <span class='ocrx_word' id='word_1_291' title='bbox 442 4254 539 4304; x_wconf 87' lang='lat' dir='ltr'>Bidun.</span> <span class='ocrx_word' id='word_1_292' title='bbox 555 4254 667 4305; x_wconf 81' lang='lat' dir='ltr'>Monast.</span> <span class='ocrx_word' id='word_1_293' title='bbox 677 4253 856 4317; x_wconf 81' lang='lat' dir='ltr'>vol.6,p.888.</span> <span class='ocrx_word' id='word_1_294' title='bbox 941 4253 952 4285; x_wconf 77' lang='lat'>⁵</span> <span class='ocrx_word' id='word_1_295' title='bbox 969 4253 1040 4304; x_wconf 88' lang='lat' dir='ltr'>Corr.</span> <span class='ocrx_word' id='word_1_296' title='bbox 1054 4270 1117 4304; x_wconf 83' lang='lat' dir='ltr'>eam.</span> 
     </span>
    </p>

    <p class='ocr_par' dir='ltr' id='par_1_10' title="bbox 332 4317 1438 4499">
     <span class='ocr_line' id='line_1_38' title="bbox 364 4317 1438 4381; baseline 0.002 -12"><span class='ocrx_word' id='word_1_297' title='bbox 364 4319 474 4370; x_wconf 78' lang='lat' dir='ltr'>²There</span> <span class='ocrx_word' id='word_1_298' title='bbox 497 4334 541 4368; x_wconf 89' lang='lat' dir='ltr'>are</span> <span class='ocrx_word' id='word_1_299' title='bbox 563 4323 613 4368; x_wconf 84' lang='lat' dir='ltr'>two</span> <span class='ocrx_word' id='word_1_300' title='bbox 635 4333 744 4381; x_wconf 88' lang='lat' dir='ltr'>persons</span> <span class='ocrx_word' id='word_1_301' title='bbox 759 4321 788 4367; x_wconf 78' lang='lat' dir='ltr'>os</span> <span class='ocrx_word' id='word_1_302' title='bbox 803 4319 857 4368; x_wconf 84' lang='lat' dir='ltr'>this</span> <span class='ocrx_word' id='word_1_303' title='bbox 939 4317 1052 4368; x_wconf 72' lang='lat' dir='ltr'>‘sarah</span> <span class='ocrx_word' id='word_1_304' title='bbox 1069 4319 1091 4368; x_wconf 85' lang='lat' dir='ltr'>is</span> <span class='ocrx_word' id='word_1_305' title='bbox 1107 4318 1189 4378; x_wconf 77' lang='lat' dir='ltr'>dead3</span> <span class='ocrx_word' id='word_1_306' title='bbox 1212 4319 1326 4370; x_wconf 78' lang='lat' dir='ltr'>Richsrd</span> <span class='ocrx_word' id='word_1_307' title='bbox 1346 4321 1438 4371; x_wconf 73' lang='lat' dir='ltr'>claime</span> 
     </span>
     <span class='ocr_line' id='line_1_39' title="bbox 332 4383 1017 4499; baseline -0.003 -65"><span class='ocrx_word' id='word_1_308' title='bbox 332 4383 521 4499; x_wconf 58' lang='lat' dir='ltr'>mme&#39;alfflri</span> <span class='ocrx_word' id='word_1_309' title='bbox 529 4383 552 4432; x_wconf 89' lang='lat' dir='ltr'>is</span> <span class='ocrx_word' id='word_1_310' title='bbox 563 4383 662 4434; x_wconf 81' lang='lat' dir='ltr'>Walter</span> <span class='ocrx_word' id='word_1_311' title='bbox 673 4385 720 4432; x_wconf 88' lang='lat' dir='ltr'>No.</span> <span class='ocrx_word' id='word_1_312' title='bbox 735 4386 758 4432; x_wconf 90' lang='lat' dir='ltr'>l.</span> <span class='ocrx_word' id='word_1_313' title='bbox 907 4387 1017 4445; x_wconf 81' lang='lat' dir='ltr'>curtesy.</span> 
     </span>
    </p>

    <p class='ocr_par' dir='ltr' id='par_1_11' title="bbox 363 4450 584 4499">
     <span class='ocr_line' id='line_1_40' title="bbox 363 4450 584 4499; baseline -0.009 -1"><span class='ocrx_word' id='word_1_314' title='bbox 363 4450 423 4498; x_wconf 75' lang='lat' dir='ltr'>³W</span> <span class='ocrx_word' id='word_1_315' title='bbox 449 4454 488 4499; x_wconf 76' lang='lat' dir='ltr'>ter</span> <span class='ocrx_word' id='word_1_316' title='bbox 523 4463 547 4497; x_wconf 90' lang='lat'>0.</span> <span class='ocrx_word' id='word_1_317' title='bbox 561 4450 584 4497; x_wconf 77' lang='lat'>2.</span> 
     </span>
    </p>
   </div>
   <div class='ocr_carea' id='block_1_6' title="bbox 0 0 1662 5238">
    <p class='ocr_par' dir='ltr' id='par_1_12' title="bbox 0 0 1662 5238">
     <span class='ocr_line' id='line_1_41' title="bbox 0 0 1662 5238; baseline 0 5"><span class='ocrx_word' id='word_1_318' title='bbox 0 0 1662 5238; x_wconf 95' lang='lat' dir='ltr'> </span> 
     </span>
    </p>
   </div>
  </div>
 </body>
</html>
