3196 5226
425 479 568 542 mmai,
590 479 653 528 111.
679 467 858 543 1211111
884 468 912 530 6.
1155 465 1219 532 123

142 675 268 740 gressum
280 653 350 738 quia
362 652 432 738 ipse
447 652 565 717 habuit
579 652 757 738 predictam
772 661 893 719 terram
908 675 948 718 ex
969 651 1053 718 dcno
1073 649 1219 738 predicte

142 755 290 820 Matillidis
315 777 369 840 per
397 754 481 819 duos
503 777 603 819 annos
629 763 663 819 et
687 777 724 819 eo
749 756 889 842 amplius
914 764 1090 842 antequam
1116 757 1219 842 ipsam

142 859 266 922 duxisset
292 857 323 920 in
348 880 481 922 uxorem
512 867 546 921 et
569 857 644 921 inde
668 859 789 943 profert
813 867 872 923 616
899 881 962 944 que
986 867 1219 936 testaturam,

141 975 171 1025 et
194 963 263 1026 benc
285 961 428 1025 defendit
451 961 631 1048 ingressum
654 959 747 1026 illum
769 971 941 1048 postquam
966 985 1038 1026 eam
1063 961 1159 1027 duxit
1183 963 1219 1026 in

141 1087 254 1128 uxorem
267 1072 297 1128 et
311 1063 385 1128 inde
400 1063 494 1150 ponit
508 1087 542 1128 66
557 1087 654 1150 super
667 1065 808 1129 iuratam
824 1074 858 1129 61
879 1066 1041 1130 Robertus
1061 1063 1218 1142 similiter,

140 1175 168 1230 et
188 1167 269 1230 offert
289 1167 418 1230 domino
441 1167 525 1252 Regi
542 1167 566 1250 j.
591 1189 731 1231 marcam
756 1188 814 1252 pro
837 1165 987 1231 habenda
1008 1167 1218 1253 inquisicione

140 1269 211 1344 inde,
230 1277 260 1332 ct
280 1269 440 1354 recipitur,
464 1269 522 1333 fiat
547 1269 622 1334 inde
645 1269 816 1355 inquisicio
841 1277 875 1333 et
901 1269 1014 1334 ueniat
1037 1293 1057 1334 a
1082 1270 1134 1334 die
1158 1278 1217 1335 etc.

138 1373 173 1436 ad
198 1374 475 1459 recognoscendum
499 1373 527 1437 si
555 1374 642 1438 idem
665 1374 824 1460 Wiganus
852 1375 942 1438 aliud
968 1375 1019 1438 ius
1042 1375 1095 1438 uel
1118 1375 1219 1438 alium

138 1473 293 1559 ingressum
307 1475 423 1539 habuit
437 1474 472 1539 in
487 1483 606 1539 terram
623 1475 714 1539 illam
737 1476 800 1540 nisi
821 1498 880 1562 per
902 1475 1097 1540 Matillidem
1118 1499 1219 1562 quon-

137 1577 200 1642 dam
226 1587 280 1643 etc.
304 1587 477 1664 postquam
505 1579 609 1664 ipsam
639 1588 698 1644 616.
729 1579 816 1644 unde
846 1579 933 1644 idem
957 1580 1116 1666 Wiganus
1139 1581 1219 1644 dicit

138 1681 209 1765 quod
234 1703 288 1766 per
315 1681 396 1746 duos
419 1705 520 1746 annos
543 1691 577 1746 et
606 1705 645 1746 eo
668 1683 808 1768 a'mplius
832 1705 904 1746 eam
930 1682 1047 1746 habuit
1070 1705 1109 1747 cx
1135 1683 1219 1748 dono

136 1785 261 1849 eiusdem
276 1786 445 1850 Matillidis
459 1793 635 1871 antequam
650 1786 754 1871 ipsam
769 1786 907 1850 duxerat
922 1787 996 1850 etc.¹

84 1893 102 1954 ”’,
192 1889 342 1953 Walterus
357 1889 445 1952 filius
459 1889 557 1953 Alani
576 1890 661 1974 petit
681 1911 795 1953 uersus
815 1889 991 1953 Ricardum
1012 1890 1053 1954 de
1074 1890 1106 1954 la
1125 1890 1218 1954 Husc
1292 1900 1304 1928 ⁰

137 2013 217 2075 quem
244 1991 398 2056 Ricardus
421 1991 509 2055 filius
538 1991 654 2077 Tyrry'
678 1991 810 2056 uocauit
833 1991 875 2055 ad
900 2001 1079 2056 warantum
1104 1992 1220 2078 etqui

136 2095 159 2156 ci
178 2095 389 2158 warcntizauit
414 2117 514 2158 unam
537 2095 699 2180 uirgatam
721 2103 807 2159 terre
833 2103 868 2159 61
887 2095 910 2180 j.
938 2095 1119 2181 masagium
1144 2119 1219 2159 cum

136 2198 321 2281 pertinenciis
335 2198 371 2262 in
386 2199 572 2284 Gyluertoft
586 2207 624 2262 ut
639 2199 690 2263 ius
705 2221 800 2263 suum
812 2206 846 2262 et
861 2208 901 2262 ut
915 2199 971 2262 illa
986 2199 1072 2262 unde
1087 2199 1220 2284 quidam

135 2302 267 2366 Almarus
294 2303 358 2366 luit
387 2302 518 2366 saisitus
540 2310 579 2366 ut
602 2303 643 2366 de
667 2303 759 2366 feodo
789 2311 823 2367 61
849 2303 918 2366 11116
943 2311 977 2366 61
1002 2302 1219 2367 indominica

136 2413 262 2490 tempore
286 2407 328 2470 H.
352 2405 454 2490 Regis
477 2407 535 2491 qui
558 2406 621 2469 fuit
643 2429 725 2470 auus
746 2406 802 2470 aui
824 2406 948 2471 domini
970 2406 1070 2493 Regis
1096 2407 1220 2472 scilicet

134 2530 202 2571 anno
227 2517 263 2572 et
285 2509 337 2572 dic
361 2531 424 2594 quo
446 2508 528 2572 obiit
550 2509 704 2594 capiendo
726 2509 802 2572 inde
824 2509 955 2594 expleta
976 2509 1017 2573 ad
1040 2510 1219 2574 ualenciam

135 2613 276 2677 666161
298 2613 339 2678 dc
361 2613 417 2676 illc
439 2613 571 2676 Almaro
593 2613 759 2678 descendit
783 2613 834 2677 ius
860 2621 944 2677 terre
971 2614 1058 2678 illius
1086 2615 1218 2678 Semare

135 2715 186 2779 filie
212 2739 274 2794 sue,
299 2725 334 2780 61
361 2717 401 2780 dc
429 2718 562 2781 Samara
585 2717 690 2782 Alano
714 2717 782 2781 filio
809 2739 875 2795 suc,
900 2717 997 2781 etde
1023 2718 1128 2782 Alano
1152 2718 1219 2781 filio

136 2841 180 2882 suc
205 2821 306 2886 eidem
337 2819 483 2883 Walters
512 2828 550 2884 ut
579 2819 645 2884 filio
674 2829 708 2884 et
744 2820 856 2884 heredi
885 2843 943 2884 suo
973 2829 1007 2883 61
1036 2821 1096 2884 hcc
1125 2821 1219 2884 offert
1277 2835 1280 2843 '

135 2922 308 2990 dimcionare
324 2947 383 3011 per
402 2947 517 3010 corpus
537 2925 703 2990 cuiusdam
723 2925 817 2988 liberi
835 2925 975 2989 hominis
996 2925 1047 2988 sui
1062 2923 1218 2990 Willelmi

136 3027 181 3090 filii
205 3029 337 3095 Roberti
375 3029 432 3115 qui
469 3029 528 3093 hoc
557 3029 651 3093 offert
687 3028 884 3093 diracionare
914 3037 953 3091 ut
990 3051 1030 3091 ex
1066 3035 1361 3130 1116661116ζῖἑιιξὲιίξιῖ1οη

136 3133 285 3214 patrissui.
1232 3137 1336 3222 lidii?

186 3235 222 3299 Et
246 3235 407 3300 Ricardus
428 3236 520 3300 uenit
543 3245 577 3299 et
602 3235 748 3300 defendit
772 3235 823 3299 ius
848 3257 943 3299 suum
970 3257 1057 3298 nunc
1083 3242 1117 3297 61
1140 3233 1220 3298 61166
1232 3195 1349 3316 §galim

136 3338 239 3420 quando
266 3339 445 3404 defendere
474 3338 608 3403 debebit
637 3346 688 3402 661
711 3337 792 3402 (11611
818 3337 904 3422 quod
928 3337 1095 3401 Johannes
1120 3336 1161 3400 de
1187 3335 1220 3400 la
1252 3393 1254 3396 .

136 3438 208 3504 Huse
217 3451 309 3527 pater
319 3465 400 3508 suus
411 3442 546 3506 candem
558 3452 677 3507 terram
689 3449 723 3505 et
734 3440 980 3505 aduocacionem
993 3440 1124 3504 66616616
1135 3440 1219 3504 eius·

134 3540 192 3607 dem
205 3547 275 3611 uille
292 3545 508 3610 diracionauit
527 3567 586 3630 per
600 3545 698 3608 finem
718 3543 828 3620 duelli,
848 3543 934 3628 quod
954 3565 1140 3629 percussum
1156 3544 1220 3607 suit

136 3645 161 3709 in
174 3652 319 3716 comitatu
337 3649 574 3714 Norhamtonie
589 3671 702 3712 uersus
723 3647 898 3712 Ricardum
916 3647 956 3710 de
977 3647 1169 3725 Botindcna,
1184 3656 1219 3712 61

135 3747 203 3815 idem
228 3755 395 3819 Walterus
430 3761 464 3816 61
493 3751 625 3838 quidam
655 3751 839 3815 Willelmus
868 3751 967 3814 frater
995 3773 1072 3815 suus
1100 3751 1218 3836 primo·
1271 3803 1275 3816 .

134 3853 243 3934 genitus
256 3865 338 3920 tunc
353 3855 487 3918 fuerunt
502 3861 668 3938 presentes
683 3853 717 3917 in
733 3853 890 3918 comitatu
910 3853 980 3917 sine
998 3853 1113 3918 clamio
1133 3853 1219 3939 quod

134 3968 332 4040 apposuerunt
359 3967 394 4023 et
420 3958 546 4022 desicut
571 3967 736 4044 presentes
761 3959 895 4022 fuerunt
919 3965 952 4021 61
976 3957 1128 4021 clamium
1154 3981 1218 4022 non

134 4071 332 4143 apposuerunt
347 4071 382 4126 61
397 4061 524 4126 desicut
539 4071 658 4126 terram
681 4062 771 4126 illam
791 4061 1004 4126 diracionauit
1026 4070 1120 4146 pater
1141 4083 1219 4125 suus

135 4181 181 4244 per
192 4163 280 4230 finem
294 4165 398 4231 duelli
412 4165 499 4251 petit
514 4165 541 4229 si
556 4165 674 4230 debeat
688 4165 764 4229 inde
780 4163 978 4249 respondere.

186 4266 224 4330 111
251 4269 414 4334 Walterus
440 4269 500 4332 hcc
526 4269 685 4354 cognouit.
733 4269 776 4332 Et
805 4267 878 4332 ideo
905 4267 1141 4333 consideratum
1169 4279 1218 4334 661

134 4413 226 4510 ⁰¹For
240 4435 307 4472 more
324 4423 354 4472 ot
373 4421 427 4472 this
445 4420 498 4471 suit
515 4435 557 4471 666
575 4421 640 4471 Osse
724 4421 734 4452 ²
752 4421 788 4468 Or
801 4422 891 4484 01111·

135 4480 180 4528 als.
724 4486 734 4518 ³
752 4488 797 4536 See
809 4487 851 4534 ΒΓ.
867 4487 883 4537 l'.
897 4486 944 4534 435
956 4485 980 4537 b.
