3308 5226
386 425 449 488 688
616 435 850 498 monsnnms,
873 436 938 486 nn.
964 423 1058 500 1224,
1080 438 1142 486 nn
1167 425 1261 490 8—9.

384 621 515 676 eentum
539 610 692 676 solidatas
714 619 806 686 terre,
822 620 856 675 et
877 610 945 696 ipse
966 617 1099 696 paratus
1119 621 1169 675 est
1189 611 1220 675 ei
1234 610 1395 698 assignare
1410 611 1485 676 alibi

383 715 473 781 illam
494 725 622 794 teriam,
641 725 675 782 et
695 715 768 781 ideo
790 717 874 802 petit
898 725 1016 782 temam
1038 715 1129 780 illam
1150 716 1327 782 seeundum
1349 739 1486 782 conuen-

383 819 509 886 eionem
524 821 623 898 illam,
638 829 673 886 et
688 820 775 906 quod
794 821 869 886 talis
891 829 941 886 est
963 821 1138 886 conueneio
1159 821 1217 886 illa
1237 822 1331 886 offert
1353 821 1486 908 probare

383 923 559 988 secundum
576 923 661 1009 quod
676 925 765 988 curia
779 925 1037 990 considerauerit.

450 1027 493 1092 Et
509 1026 691 1090 Willelmus
706 1026 799 1090 uenit
814 1035 848 1090 et
862 1027 1008 1092 defendit
1023 1029 1074 1094 ius
1092 1029 1194 1115 ipsius
1208 1029 1334 1094 Warini
1354 1028 1487 1094 tenendi

383 1128 417 1194 in
432 1127 592 1194 dominico
608 1137 642 1192 et
657 1129 743 1214 quod
758 1150 925 1214 nunquam
946 1131 1045 1195 talem
1068 1131 1317 1196 conuenoionem
1341 1132 1418 1197 feeit
1440 1141 1488 1196 set

382 1234 504 1319 precise
530 1241 649 1298 tanam
676 1233 766 1298 illam
793 1233 884 1298 dedit
908 1235 939 1298 ei
962 1256 1020 1320 pro
1043 1235 1192 1322 homagio
1215 1245 1249 1300 et
1271 1236 1408 1300 sernieio
1431 1258 1487 1299 sno

383 1339 473 1402 nulla
494 1339 660 1403 mensione
688 1341 773 1404 saeta
799 1339 839 1404 de
866 1339 1027 1404 escambio
1053 1349 1087 1404 et
1113 1339 1189 1404 inde
1214 1340 1307 1426 ponit
1333 1363 1368 1405 se
1394 1361 1488 1424 super

383 1463 534 1527 magnam
563 1441 695 1506 assisam
725 1441 818 1506 Dom.
847 1441 947 1528 Regis
973 1451 1006 1506 et
1032 1443 1117 1528 petit
1141 1444 1396 1530 recognieionem
1420 1441 1487 1506 fieri

383 1553 495 1610 utrum
518 1545 587 1630 ipse
612 1545 716 1610 maius
739 1543 790 1609 ius
814 1545 934 1610 habeat
957 1547 1090 1610 tenendi
1114 1556 1232 1612 terram
1253 1549 1344 1612 illam
1365 1547 1405 1612 de
1420 1547 1487 1632 ipso

383 1649 515 1714 Wan'no
529 1671 570 1714 an
587 1648 740 1713 Warinus
754 1648 888 1713 tenendi
902 1649 991 1713 illam
1006 1650 1091 1714 sient
1106 1650 1192 1715 dicit.

450 1753 493 1816 Et
507 1752 661 1816 Warinus
675 1751 824 1837 producit
839 1760 960 1816 sectam
982 1761 1016 1816 et
1036 1752 1123 1838 quod
1146 1753 1220 1818 talis
1242 1763 1292 1818 est
1314 1753 1487 1818 conuencio

383 1859 418 1915 et
434 1851 519 1938 qnod
535 1851 610 1916 talis
625 1851 689 1916 fuit
703 1861 793 1916 certa
807 1852 994 1917 feofamenti
1008 1853 1073 1918 soil.
1091 1854 1186 1918 tales¹
1202 1855 1258 1940 qni
1273 1855 1335 1920 hoe
1350 1856 1487 1922 offerunt

386 1963 446 2021 etc.
462 1965 497 2020 et
512 1956 598 2042 petit
613 1955 699 2042 qnod
711 1956 895 2022 Willelmus
909 1958 1060 2022 ostendat
1075 1967 1197 2024 cartam
1211 1983 1304 2024 suam
1320 1983 1488 2046 perquam

383 2063 521 2128 feofatus
532 2063 595 2128 fuit
607 2073 641 2127 et
653 2063 792 2128 libenter
806 2073 928 2128 cartam
943 2085 1036 2128 snam
1048 2063 1174 2128 tenebit
1185 2073 1219 2128 et
1231 2065 1317 2150 petit
1333 2065 1487 2130 iudicium

382 2165 410 2229 si
425 2187 523 2250 super
536 2165 596 2230 hoe
611 2164 729 2230 debeat
743 2165 843 2228 assisa
857 2164 934 2228 fieri

449 2271 492 2334 Et
507 2270 692 2334 Willelmus
706 2269 786 2334 dicit
801 2268 887 2355 quod
903 2269 1026 2334 nullam
1045 2278 1166 2334 cartam
1182 2270 1282 2335 habet
1297 2279 1333 2336 et
1348 2269 1440 2356 ponit
1454 2293 1486 2334 se

382 2397 479 2460 super
501 2397 651 2460 magnam
674 2375 805 2440 assisam
829 2375 913 2440 sicut
935 2373 1030 2460 prius
1078 2375 1121 2438 Et
1145 2374 1297 2439 Warinus
1319 2375 1406 2460 petit
1427 2375 1487 2438 sibi

382 2479 511 2544 alloeari
526 2479 610 2565 quod
629 2487 751 2543 oartsm
772 2501 836 2542 non
851 2479 907 2543 wlt
929 2478 1097 2544 ostendere
1120 2501 1179 2543 nee
1200 2479 1324 2564 aliquid
1347 2479 1487 2543 ostendit

383 2581 445 2646 nisi
460 2581 597 2666 simplex
613 2582 737 2647 dietum
753 2605 857 2648 snum.

448 2685 696 2752 consideratum
720 2697 770 2752 est
792 2687 878 2774 quod
900 2709 1020 2772 magns
1039 2687 1139 2752 assisa
1158 2687 1243 2752 iacet
1257 2687 1345 2752 inter
1359 2710 1412 2751 eos
1426 2695 1485 2752 ete.

382 2797 417 2853 et
432 2789 504 2854 ideo
519 2789 577 2854 fiat
591 2789 691 2854 assisa
705 2799 765 2854 ete.
781 2789 823 2855 ad
843 2791 1133 2878 recognoscendum
1154 2801 1262 2855 utrum
1278 2791 1349 2877 ipse
1364 2791 1486 2856 Willel-

380 2917 453 2958 mus
468 2893 572 2958 maius
587 2894 638 2958 ius
653 2893 753 2958 habet
768 2894 902 2958 tenendi
917 2904 1036 2958 temam
1052 2895 1142 2958 illam
1158 2894 1198 2959 de
1214 2895 1285 2980 ipso
1301 2895 1434 2959 Warino
1449 2903 1485 2958 ut

380 2997 470 3062 illam
494 3020 592 3084 quam
617 2997 649 3062 ei
672 2998 764 3063 dedit
787 3021 845 3084 pro
869 2999 1019 3087 homagio
1040 3008 1074 3064 et
1095 2999 1231 3064 semicio
1250 3023 1318 3077 suo,
1339 3023 1382 3066 an
1401 3001 1485 3066 idem

382 3101 564 3168 Henrieus⁸
580 3103 713 3167 tenendi
728 3103 817 3168 illam
834 3103 869 3168 in
883 3103 1044 3169 dominico
1064 3125 1122 3189 per
1136 3104 1388 3170 conuencionem
1403 3105 1486 3168 inter

381 3228 435 3270 eos
465 3206 582 3270 saetam
609 3228 667 3291 per
694 3229 791 3292 quam
818 3217 905 3284 terra
929 3207 987 3272 ills
1015 3206 1130 3272 debuit
1159 3205 1281 3271 reuerti
1309 3207 1352 3271 ad
1381 3207 1482 3292 ipsum

382 3309 552 3374 Warinum
567 3319 738 3396 postquam
754 3320 887 3376 centum
902 3312 1055 3377 solidatas
1070 3321 1155 3377 terre
1170 3311 1201 3376 ei
1216 3311 1418 3396 assignasset.

446 3413 485 3479 ‘J
486 3422 581 3479 urata
595 3415 688 3479 uenit
703 3416 908 3502 recognitum
919 3439 959 3482 ex
971 3438 1127 3481 consensu
1142 3415 1287 3501 pamium
1301 3415 1484 3501 siRogerus

381 3516 422 3582 de
445 3517 578 3583 Chaon*⁵
603 3518 766 3602 quondam
793 3521 845 3585 uir
869 3520 974 3586 Alioie
1000 3520 1054 3584 die
1083 3542 1147 3606 qno
1176 3541 1249 3584 eam
1278 3519 1484 3606 desponsauit

381 3620 510 3685 dotauit
539 3643 611 3684 eam
640 3620 683 3686 ad
709 3621 852 3688 hostium
882 3625 1071 3690 monasterii
1098 3624 1140 3689 de
1169 3623 1416 3689 Wsthamstede
1445 3623 1484 3688 de

381 3723 482 3789 tercia
501 3731 594 3809 parte
615 3723 712 3788 unius
732 3725 813 3812 uirg.
828 3734 913 3792 terre
933 3750 1009 3792 cum
1024 3739 1104 3814 pert
1120 3727 1156 3792 in
1171 3727 1417 3793 Wathamstede
1433 3727 1483 3792 uel

381 3851 455 3905 non,
469 3828 555 3894 unde
578 3828 718 3893 Thomas
737 3829 778 3894 de
801 3831 873 3896 Hoc
895 3853 1009 3896 uersus
1031 3855 1128 3918 quem
1150 3833 1221 3918 ipsa
1241 3832 1360 3896 elamat
1382 3832 1482 3918 ipsam

381 3933 515 3999 terciam
537 3942 663 4019 partem
686 3934 721 3998 in
743 3934 852 4000 dotem
873 3927 958 4001 dixit
979 3937 1066 4022 quod
1081 3961 1145 4002 non
1160 3933 1430 4022 fuit'desponsata
1443 3936 1482 3999 nd

381 4036 524 4102 hostium
547 4037 734 4102 monasterii
756 4061 815 4103 nec
837 4039 916 4104 alibi
937 4040 1000 4104 nisi
1023 4048 1153 4104 tantum
1176 4038 1315 4104 secundo
1335 4039 1388 4104 die
1408 4049 1481 4103 ante

381 4141 508 4206 obitum
522 4164 618 4206 suum
633 4141 668 4206 in
683 4142 766 4207 lecto
780 4145 917 4209 mortali.

415 4266 425 4298 ¹
442 4267 633 4326 Threenamea
645 4267 675 4326 Α,
686 4267 718 4318 Β.
990 4269 1295 4331 ⁴A.m.s;13.m.ad.

414 4333 425 4363 ¹
442 4332 540 4395 Bytho
555 4331 663 4396 oopyist.
696 4333 718 4382 B
735 4333 784 4384 hss
800 4339 847 4384 not
864 4335 909 4386 the
991 4337 1141 4395 ⁵Bmet0n,
1153 4337 1171 4385 f.
1189 4337 1245 4394 304,
1262 4335 1325 4386 sites
1341 4334 1394 4385 this
1409 4349 1478 4392 casm

380 4397 540 4520 jndgffignk;
558 4477 622 4514 eom
641 4463 767 4513 mrim
959 4401 1005 4451 but
1014 4401 1067 4452 this
1075 4417 1152 4452 name
1161 4401 1210 4451 has
1219 4401 1320 4450 become
1328 4402 1357 4449 de
1371 4403 1478 4449 Cassera.
