3308 5226
208 3627 265 3666 ham.

209 3753 271 3795 Notn.

376 439 439 502 642
679 449 821 512 arnasr,
843 450 908 500 an.
933 437 1027 514 1234,
1048 451 1110 500 an
1136 439 1184 500 18.

376 625 560 690 molendino
575 633 609 690 ct
624 624 666 711 vj.
681 645 741 690 acr.
760 625 846 710 prati
866 633 901 690 et
921 623 996 690 dim.
1020 647 1114 690 marc.
1140 623 1287 690 redditus
1306 645 1381 690 cum
1401 631 1486 710 pert.

376 729 410 794 in
440 729 654 816 Haueringes‚
684 729 771 794 unde
801 728 946 815 predicte
976 729 1088 815 Agnes
1118 737 1153 793 et
1182 727 1341 814 Dyonisie
1368 733 1485 812 queste

375 833 509 897 fuerunt
529 834 647 897 salsum
670 833 732 896 sibi
755 833 878 897 sactum
900 832 999 896 fuisse
1022 831 1179 897 iudicium
1202 832 1238 896 in
1260 832 1373 897 eadem
1394 829 1487 895 curia
1553 903 1556 908 ¹

375 945 445 1014 etc,
475 947 510 1002 et
539 937 625 1023 quod
655 937 830 1023 diligenter
860 936 1063 1022 inquirerent
1098 936 1155 1022 qui
1190 937 1323 1000 suerunt
1357 933 1406 998 illi
1442 931 1485 996 de

374 1037 527 1101 maneriis
547 1037 639 1100 Dom.
657 1036 757 1122 Regis
775 1035 815 1100 de
831 1035 979 1113 Writele,
1001 1031 1033 1100 N
1036 1043 1161 1122 euport,
1176 1043 1211 1099 et
1231 1033 1406 1099 Hatleuld¹
1427 1031 1486 1118 qui

373 1137 594 1203 interfuerunt
608 1138 755 1224 predicto
770 1135 891 1202 iudicio
913 1137 1060 1201 faciendo
1083 1136 1181 1201 simul
1203 1159 1277 1200 cum
1298 1134 1486 1200 hominibus

375 1242 468 1308 Dom.
499 1243 600 1329 Regis
629 1243 670 1307 de
701 1241 916 1328 Haueringes,
946 1249 981 1305 et
1010 1241 1083 1305 illos
1111 1240 1224 1304 uenire
1253 1239 1373 1304 faceret
1402 1245 1486 1324 aput

374 1347 540 1434 Aueringe
571 1347 613 1412 ad
642 1347 729 1412 diem
761 1369 859 1433 quem
889 1345 1028 1432 predicti
1058 1345 1205 1409 homines
1234 1351 1269 1408 et
1297 1343 1413 1408 balliui
1441 1341 1484 1406 de

374 1449 564 1536 Haueringe
587 1449 742 1536 predicti'
765 1449 928 1536 loquelam
953 1449 1113 1514 recordari
1142 1449 1294 1526 lacerent,
1318 1447 1368 1512 ita
1396 1445 1485 1532 quod

374 1561 443 1617 tam
458 1554 596 1639 predicti
612 1555 726 1619 balliui
742 1563 777 1619 et
791 1554 940 1618 homines
954 1554 995 1618 de
1016 1552 1207 1638 Haueringe
1227 1573 1325 1638 quam
1344 1547 1486 1636 predicti

374 1657 521 1722 homines
551 1658 591 1722 de
621 1658 776 1744 predictis
805 1657 959 1721 maneriis
986 1655 1183 1740 [³recordum
1213 1655 1296 1720 illud
1324 1654 1485 1719 haberent

373 1783 480 1826 coram
509 1763 695 1827 iusticiariis
725 1770 806 1848 aput
832 1761 1160 1826 westmonasterium
1190 1783 1249 1847 per
1276 1759 1333 1846 iiij.
1363 1758 1485 1844 legales

374 1861 521 1929 homines
542 1865 584 1930 de
606 1865 750 1930 manerio
772 1865 813 1929 de
836 1865 1020 1951 Aueringes
1044 1873 1079 1930 et
1101 1887 1157 1930 sex
1180 1863 1222 1929 de
1252 1863 1417 1946 maneriis]
1442 1859 1484 1924 de

374 1967 520 2047 Writcle,
543 1969 584 2035 de
607 1970 766 2056 Neuport,
789 1979 823 2035 et
846 1970 887 2034 de
910 1969 1103 2034 Hatfeuldia
1126 1991 1165 2034 ex
1188 1967 1253 2033 illis
1275 1968 1332 2054 qui
1353 1965 1485 2032 recordo

372 2075 422 2140 illi
445 2076 672 2142 interfuerunt.
718 2077 785 2157 Qui
807 2099 920 2141 omnes
942 2076 1082 2140 ueniunt
1104 2083 1140 2140 et
1161 2074 1370 2141 recordantur
1396 2071 1484 2160 quod

372 2187 545 2264 postquam
575 2179 715 2264 predicti
745 2180 819 2244 Ada
849 2187 883 2243 et
912 2179 969 2243 alii
998 2179 1164 2264 pecierant
1193 2187 1313 2244 terram
1335 2177 1426 2242 illam
1449 2185 1485 2242 et

372 2283 596 2348 molendinum
625 2291 660 2348 et
689 2292 820 2369 pratum
849 2305 908 2368 per
936 2282 1036 2347 breue
1066 2282 1107 2346 de
1136 2291 1224 2348 recto
1252 2282 1288 2346 in
1317 2281 1407 2347 curia
1440 2280 1484 2346 de

373 2386 563 2473 Haueringe
600 2387 641 2451 de
678 2387 797 2452 seisina
833 2387 993 2452 Johcnnis
1029 2386 1070 2450 de
1100 2387 1289 2474 Haueringe
1326 2384 1485 2451 auunculi

372 2489 515 2575 ipsarum
539 2491 596 2576 qui
619 2491 683 2556 suit
704 2492 804 2555 frater
818 2491 976 2554 Willelmi
996 2490 1099 2576 patris
1120 2491 1264 2576 ipsarum
1285 2490 1426 2576 Agnetis
1448 2495 1486 2554 et

372 2591 527 2677 Dyonisie
558 2593 608 2656 et‘
638 2593 825 2658 Gilebertus
854 2592 1001 2657 defendit
1030 2593 1083 2658 ius
1117 2615 1229 2657 earum
1264 2601 1298 2658 et
1327 2591 1484 2681 cognouit

372 2693 523 2759 saisinam
539 2695 685 2760 eiusdem
701 2698 723 2761 J
725 2697 861 2760 ohannis
878 2691 964 2760 sicut
984 2696 1074 2760 illam
1096 2717 1194 2781 quam
1211 2695 1299 2760 idem
1314 2696 1337 2760 J
1338 2696 1484 2761 ohannes

372 2799 551 2884 adquisiuit
565 2801 605 2865 de
622 2801 761 2887 quodam
778 2801 1015 2878 Bartholomeo,
1030 2800 1088 2866 sed
1102 2800 1187 2865 dixit
1206 2801 1293 2886 quod
1311 2802 1415 2866 maius
1429 2801 1484 2866 ius

373 2901 489 2966 habuit
512 2901 547 2966 in
571 2911 657 2967 terra
679 2903 737 2968 illa
758 2904 843 2968 sinit
865 2903 966 2968 frater
994 2904 1097 2990 ipsius
1119 2903 1280 2968 Johannis
1310 2912 1484 2990 postnatus

373 3029 471 3091 quam
501 3006 645 3092 predicte
675 3007 833 3093 Dyonisia
862 3017 897 3072 et
926 3009 1038 3094 Agnes
1074 3029 1137 3094 que
1174 3009 1308 3072 fuerunt
1343 3017 1483 3096 cognate

373 3109 533 3174 Johannis
547 3110 588 3174 dc
603 3110 752 3174 Renham
769 3119 803 3175 et
818 3112 884 3176 filie
899 3111 1058 3176 Willelmi
1078 3113 1185 3177 fratris
1205 3113 1307 3198 ipsius
1322 3113 1483 3178 Johannis

373 3213 530 3290 antenati,
553 3221 587 3277 et
609 3213 682 3278 ideo
704 3214 882 3279 secundum
913 3215 1204 3281 considerationem
1234 3215 1316 3281 cur’⁵
1344 3217 1484 3282 manerii

374 3313 659 3378 considerauerunt
661 3317 769 3402 ,quod
790 3317 878 3382 idem
900 3317 1087 3384 Gilebertus
1110 3319 1215 3384 maius
1236 3319 1288 3384 ins
1311 3319 1428 3384 habuit
1448 3321 1484 3384 in

373 3423 460 3479 terra
474 3415 531 3479 illa
545 3417 730 3482 molendino
745 3427 779 3482 et
796 3427 889 3505 prato
909 3441 1008 3505 quarn
1029 3420 1104 3485 Ada
1125 3422 1237 3508 Agnes
1261 3430 1296 3487 et
1315 3424 1483 3509 Dyonisie„

211 3580 236 3618 0
210 3531 352 3620 fflffitro
340 3519 417 3583 oEt
432 3519 481 3583 illi
496 3517 536 3584 de
551 3522 641 3586 cun'a
655 3523 711 3608 qui
733 3524 873 3587 ueniunt
896 3545 971 3588 oum
992 3524 1122 3588 recordo
1142 3525 1263 3611 quesiti
1282 3525 1311 3590 si
1334 3550 1481 3614 unquam

373 3624 438 3688 tale
454 3624 519 3688 fact
506 3633 577 3688 tum
593 3625 656 3690 fuit
671 3626 852 3691 iudicium
843 3649 876 3691 in
893 3630 1020 3713 prefata
1040 3629 1137 3707 curia,
1152 3637 1187 3694 et
1207 3629 1293 3716 quod
1308 3631 1484 3697 ostendant

372 3730 568 3814 exemplum,
590 3738 624 3794 et
645 3731 745 3795 nichil
763 3731 839 3796 inde
860 3731 1030 3797 ostendere
1053 3741 1197 3818 possunt,
1213 3755 1273 3798 nec
1295 3735 1483 3820 exemplum

371 3857 431 3898 nec
446 3833 544 3898 aliud.
590 3834 633 3897 Et
649 3834 726 3919 quia
740 3835 942 3922 recognitum
958 3835 1105 3900 cetthim
1124 3836 1200 3901 inde
1216 3837 1302 3923 quod
1316 3839 1484 3924 predictus

372 3937 559 4002 Gilebertus
578 3945 629 4002 cst
651 3939 750 4002 frater
768 3938 870 4024 ipsius
886 3940 1048 4005 «Iohannis
1071 3949 1243 4026 postnatus
1262 3949 1297 4006 et
1316 3941 1358 4007 de
1378 3943 1484 4010 altera

372 4049 476 4105 matre
503 4049 537 4106 et
560 4040 725 4126 predictus
752 4042 937 4108 Willelmus
960 4052 1055 4129 pater
1083 4045 1228 4130 ipsarum
1258 4045 1416 4131 Dyonisie
1447 4057 1483 4113 et

372 4145 511 4230 Agnetis
526 4145 590 4209 luit
605 4145 704 4209 frater
719 4153 894 4212 antenatus
909 4147 1010 4233 ipsius
1026 4149 1049 4213 J
1050 4149 1186 4214 ohannis
1201 4149 1241 4214 de
1257 4150 1446 4218 eodemt
1387 4161 1446 4238 pat
1447 4176 1482 4218 re

405 4337 415 4370 ¹
432 4337 544 4400 wtitue,
564 4339 684 4403 Newport
704 4339 756 4390 and
773 4339 898 4402 Hatfield,
985 4343 996 4376 ³
1011 4343 1125 4394 Words
1117 4361 1145 4395 m
1157 4347 1178 4410 []
1189 4345 1292 4398 added'
1283 4361 1313 4396 ιιι
1323 4347 1437 4411 margin.

372 4403 408 4454 cll
419 4403 448 4452 in
459 4403 549 4453 Essex.
981 4409 1069 4460 ⁴.Om
1081 4418 1114 4460 et.

404 4467 415 4499 4
432 4467 503 4519 Gorr.
514 4470 657 4533 praelatam
670 4469 710 4536 (l).
981 4475 1081 4527 ‘Gora
1088 4478 1430 4530 transmontanorum
1438 4481 1479 4547 (l)
