3260 5218
55 855 97 916 32.

333 471 461 523 arama
483 472 560 522 suo
582 474 732 534 renum,
754 473 820 523 ao.
844 460 939 536 1219,
962 474 1027 524 na.
1051 461 1081 524 3.
1216 458 1258 526 27

152 641 202 726 qni
223 641 253 706 ei
268 643 467 708 warantizat.
514 642 707 710 Concordoti
722 651 799 708 sunt
813 665 871 728 pro
886 641 1022 708 dimidia
1039 664 1146 708 marca
1160 665 1257 728 quam

151 744 236 808 Prior
249 745 309 812 dat
324 769 384 832 per
398 745 567 812 licenciam
582 769 640 832 per
654 746 799 833 plegium
805 744 823 810 ¹.

209 849 322 916 Aesim
352 852 446 916 uenit
474 851 681 936 recognitum
709 849 737 914 si
773 847 933 913 Rodulfus
962 848 1125 914 Noreeuit
1159 839 1259 914 frater

152 952 239 1016 Serre
265 954 333 1018 fuit
360 955 490 1018 seisitus
512 954 547 1018 in
569 953 729 1018 dominico
750 974 808 1016 suo
831 959 870 1016 ut
892 951 933 1016 de
957 951 1049 1016 feodo
1072 951 1113 1016 de
1132 952 1156 1038 j.
1182 951 1259 1016 hida

151 1063 229 1118 terre
243 1077 322 1120 cum
337 1056 549 1142 pertinenciis
562 1055 597 1119 in
613 1055 767 1120 Gruftona
781 1054 834 1118 die
850 1076 914 1140 quo
929 1053 1011 1118 obiit
1031 1061 1090 1118 ete
1106 1061 1141 1118 et
1155 1053 1183 1120 si
1198 1062 1257 1118 etc

150 1179 241 1241 quam
271 1167 396 1224 terrem
426 1158 585 1224 Ricardus
605 1157 691 1222 filius
714 1157 845 1221 Milonis
870 1163 969 1220 tenet.
1014 1156 1081 1236 Qui
1106 1157 1199 1220 uenit
1224 1164 1259 1220 et

150 1261 223 1326 dicit
237 1263 328 1348 quod
343 1263 443 1328 assisa
457 1286 523 1327 non
538 1263 636 1328 debet
650 1261 726 1328 indo
742 1261 812 1326 fieri
827 1261 905 1346 quia
919 1260 1079 1326 Radulfus
1093 1260 1258 1347 predictus

150 1363 207 1428 fuit
230 1366 335 1430 frater
358 1365 491 1430 Milonis
514 1365 616 1451 petris
641 1365 692 1430 sui
716 1387 756 1429 ex
785 1371 879 1450 parte
903 1363 1005 1450 patris
1029 1371 1063 1428 et
1086 1362 1200 1428 matris
1224 1371 1258 1426 et

149 1467 269 1534 dosicut
293 1471 366 1556 ipse
390 1479 441 1536 est
470 1471 557 1536 filius
589 1471 697 1536 fratris
726 1477 760 1534 et
790 1470 861 1555 ipse
890 1477 940 1534 est
963 1469 1065 1534 emita
1089 1491 1149 1534 sua
1171 1491 1258 1534 soror

149 1573 245 1658 patris
264 1575 319 1639 sui
340 1574 381 1639 de
400 1597 466 1638 uno
486 1575 599 1660 stipite
619 1597 684 1638 non
706 1573 839 1640 uidetur
860 1573 891 1640 ei
914 1573 1000 1659 quod
1019 1573 1118 1638 assisa
1139 1572 1258 1638 debeat

149 1677 317 1760 procedere
334 1686 370 1742 et
384 1677 456 1763 ipse
470 1678 530 1742 hoc
545 1700 609 1742 non
623 1677 733 1763 potuit
747 1677 895 1742 dedicere
914 1677 1015 1740 immo
1030 1676 1090 1741 hoc
1104 1676 1258 1762 cognouit

149 1787 180 1842 et
196 1789 349 1864 preterea
370 1780 441 1865 ipsa
462 1780 578 1844 habuit
600 1801 721 1846 sorores
743 1781 835 1846 euius
856 1780 917 1844 filii
938 1779 1045 1844 adhue
1066 1780 1257 1864 superstites

148 1890 220 1945 sunt
249 1891 284 1946 et
315 1881 391 1948 ideo
420 1882 656 1948 consideratum
686 1891 736 1948 est
765 1883 851 1968 quod
880 1882 979 1947 assisa
1012 1904 1077 1946 non
1105 1882 1189 1948 iacet
1222 1890 1257 1948 et

150 1983 216 2048 ideo
231 1985 394 2052 Ricardus
408 1985 485 2051 inde
500 1986 630 2072 quietus
645 1993 679 2050 et
695 1987 792 2052 Sarra
805 1987 840 2050 in
855 1985 1094 2052 misericordia¹.

1310 857 1385 896 Norbt.

1283 905 1314 945 De
1323 905 1404 944 Itinere.

93 2144 98 2153 .
208 2088 358 2176 Idaque
381 2090 704 2155 fuituxorHenrioi
729 2090 770 2156 de
794 2091 889 2158 Claro
913 2091 1009 2156 becco
1032 2090 1118 2176 petit
1143 2112 1256 2156 uersus
1358 2142 1364 2154 .

152 2190 274 2256 Sanam
306 2194 350 2258 de
380 2195 541 2260 Grettona
569 2195 748 2260 custodiam
785 2203 869 2260 terre
899 2204 933 2260 et
963 2195 1090 2260 heredis
1120 2195 1255 2260 Walteri

151 2293 187 2358 de
202 2295 362 2362 Grettona
376 2297 411 2362 in
426 2298 571 2363 Gretone
584 2321 647 2385 que
662 2298 704 2364 ad
719 2321 791 2365 eem
805 2301 948 2386 pertinet
963 2321 1001 2364 eo
1017 2299 1103 2385 quod
1118 2299 1206 2364 filius
1220 2307 1255 2364 et

151 2397 237 2464 heres
258 2401 407 2468 eiusdem
434 2402 571 2468 Walteri
597 2404 653 2489 qui
683 2404 766 2469 inira
794 2413 917 2470 etatem
944 2413 994 2469 est
1017 2404 1057 2469 de
1082 2427 1121 2470 ea
1144 2412 1255 2470 tenere

150 2500 241 2566 debet
270 2527 331 2589 per
360 2505 535 2570 semiieium
564 2505 704 2570 militare
735 2514 769 2570 et
797 2507 924 2572 racione
953 2507 1098 2572 custodie
1127 2508 1255 2574 heredis

151 2605 282 2687 predicti
306 2607 443 2672 Hernici
472 2607 536 2672 uiri
565 2608 616 2672 sui
646 2609 703 2694 qui
732 2609 840 2674 tenuit
870 2609 911 2674 de
941 2609 1071 2674 domino
1100 2611 1190 2696 Rege
1220 2619 1255 2674 et

151 2707 230 2772 unde
252 2709 326 2795 ipsa
348 2709 410 2774 Ida
431 2709 531 2773 finem
553 2710 631 2774 fecit
654 2733 729 2774 cum
752 2710 882 2775 domino
908 2711 999 2797 Rege
1025 2734 1083 2797 pro
1107 2711 1256 2777 habenda

151 2815 290 2878 custodia
314 2822 399 2878 terre
421 2821 456 2877 et
479 2812 607 2877 heredis
628 2812 731 2898 ipsius
752 2813 889 2878 Henrici
913 2815 977 2880 uiri
998 2815 1050 2880 sui
1072 2815 1159 2880 unde
1185 2815 1256 2900 ipso

150 2916 287 2980 ostendit
304 2915 392 3002 qnod
413 2915 448 2979 in
467 2913 564 2978 inicio
583 2937 698 3000 guerre
718 2923 753 2979 et
772 2938 899 3001 semper
920 2924 1018 2980 antea
1039 2917 1147 2982 tenuit
1166 2916 1254 2982 idem

151 3015 309 3084 walterus
323 3017 364 3082 da
380 3017 524 3083 Gratona
542 3025 662 3082 terram
681 3018 772 3084 illam
791 3041 849 3104 per
868 3019 1041 3084 seruicium
1058 3019 1197 3084 militare
1212 3019 1253 3085 de

151 3119 286 3188 Henrieo
300 3122 371 3186 uiro
389 3143 448 3186 suo
462 3121 625 3186 reddendo
639 3121 715 3186 inde
730 3145 923 3208 perannum
938 3123 991 3208 xij.
1008 3122 1037 3188 d
1053 3131 1088 3187 et
1107 3123 1253 3188 faciendo

151 3225 316 3289 seruicinm
337 3225 538 3302 forinsecum,
553 3225 674 3290 scilieet
694 3224 737 3290 ad
756 3227 938 3312 scutagium
953 3225 1014 3290 uuti
1028 3225 1082 3290 sol.
1103 3225 1147 3310 iij.
1172 3225 1253 3291 det

151 3326 187 3391 ad
206 3329 281 3413 plus
300 3329 375 3414 plus
389 3337 423 3392 et
438 3328 481 3393 ad
500 3328 608 3392 minus
631 3328 738 3394 minus
758 3336 792 3393 et
811 3329 897 3414 quod
918 3328 1006 3393 idem
1024 3329 1185 3394 Henricus
1204 3329 1253 3394 ita

151 3431 207 3494 fuit
220 3433 353 3497 seisitus
366 3431 407 3496 de
427 3432 563 3496 seruicio
582 3431 637 3496 illo
656 3440 690 3496 et
712 3431 799 3518 quod
820 3440 906 3497 terra
927 3433 984 3496 illa
997 3432 1063 3496 tole
1078 3432 1251 3498 semicium

152 3534 256 3602 debuit
267 3537 415 3623 predicto
427 3537 569 3602 Henrieo
580 3537 674 3602 offert
685 3559 803 3623 ponere
815 3559 848 3600 se
860 3559 957 3622 super
967 3537 1106 3602 iuratam
1117 3535 1244 3623 patrie!

208 3641 250 3706 Et
268 3643 367 3708 Sarra
381 3643 474 3708 uenit
489 3651 524 3708 et
539 3643 685 3708 defendit
705 3641 792 3729 quod
809 3640 974 3727 predictus
989 3641 1153 3706 Walterus
1167 3663 1250 3706 nun-

153 3765 240 3827 quam
267 3747 378 3812 tenuit
407 3771 466 3834 per
494 3748 667 3814 seruicium
696 3747 836 3812 militare
866 3745 906 3810 de
936 3745 1080 3831 predicto
1110 3745 1252 3810 Henrico

152 3856 195 3911 set
208 3871 323 3915 reuera
337 3851 405 3936 ipse
420 3852 529 3916 tenuit
543 3852 585 3916 de
600 3873 638 3916 eo
653 3850 826 3937 quamdam
842 3857 961 3914 terrem
976 3851 1011 3914 in
1034 3849 1178 3914 Gretona
1194 3871 1253 3934 per

153 3949 282 4016 liberum
310 3953 475 4040 socagium
504 3953 666 4018 reddendo
696 3975 754 4038 per
782 3975 904 4017 annum
933 3951 987 4036 xij.
1017 3951 1046 4016 d
1076 3973 1134 4037 pro
1163 3951 1251 4016 omni

152 4055 278 4122 seruicia
293 4065 328 4121 et
342 4057 419 4122 inde
434 4059 526 4143 ponit
540 4081 574 4123 se
589 4080 686 4144 super
700 4057 840 4122 iuratam
855 4065 889 4122 et
904 4057 965 4122 Ida
978 4057 1133 4122 similiter.

180 4261 272 4314 ιΗεω
282 4279 317 4314 on
328 4263 373 4314 the
381 4261 523 4313 rollwonld
534 4261 619 4312 follow
628 4263 673 4312 the
755 4261 890 4312 ²Saruh's
913 4261 990 4312 claim
1015 4275 1098 4312 seems
1125 4277 1187 4325 very
1211 4263 1250 4312 ill-

155 4339 221 4378 name
237 4331 267 4380 of
291 4329 338 4379 tho
359 4343 456 4392 person
477 4327 535 4377 who
556 4327 674 4378 beeomeo
724 4327 845 4387 founded,
857 4328 904 4386 sor,
916 4342 979 4377 even
987 4343 1050 4378 were
1059 4327 1217 4378 sheneister
1225 4329 1254 4378 os

154 4391 231 4455 pledge
242 4395 282 4444 sor
298 4395 343 4444 the
357 4395 411 4444 fine
426 4393 534 4456 payoble
548 4393 588 4444 sor
602 4392 673 4443 laeve
724 4391 769 4442 the
780 4391 862 4441 whole
879 4391 963 4450 blood,
976 4391 1059 4442 would
1076 4396 1124 4442 not
1140 4391 1185 4444 the
1202 4408 1250 4444 son

154 4459 352 4523 toeompromise
364 4459 410 4510 the
421 4457 519 4508 notion.
724 4458 753 4506 of
762 4455 1090 4519 abrotherbepreferredr
